{"gold_per_floor":[117,42,59,78,94,94,129,129,181,200,200,200,230,250,250,346,346,356,36,36,54,66,96,96,113,113,113,148,148,162,188,188,287,287,303,316,316,316,65,65,75,100,127,127],"floor_reached":44,"playtime":2954,"items_purged":["Strike_R","Strike_R"],"score":745,"play_id":"d36337a7-e731-4e7d-b535-5c8ca40ffff4","local_time":"20190409185924","is_ascension_mode":true,"campfire_choices":[{"data":"Anger","floor":6,"key":"SMITH"},{"data":"Barricade","floor":11,"key":"SMITH"},{"data":"Inflame","floor":15,"key":"SMITH"},{"data":"Uppercut","floor":24,"key":"SMITH"},{"floor":32,"key":"REST"},{"data":"Limit Break","floor":40,"key":"SMITH"}],"neow_cost":"NONE","seed_source_timestamp":321079785232200,"circlet_count":0,"master_deck":["Defend_R","Defend_R+1","Defend_R","Defend_R+1","Thunderclap","Anger+1","Heavy Blade","Shrug It Off","Barricade+1","Inflame+1","Feed","Reaper","Inflame","Ghostly Armor","Limit Break+1","Whirlwind","Uppercut+1","Double Tap","Searing Blow+1","Shockwave+1","Exhume","Decay","Armaments+1","Sentinel+1","Disarm","Metallicize","Parasite","Decay"],"relics":["Burning Blood","Regal Pillow","Pear","Centennial Puzzle","Lantern","Bag of Preparation","Cursed Key","Oddly Smooth Stone","Blue Candle","Red Skull","Pen Nib","Singing Bowl","Astrolabe","Mercury Hourglass","Bottled Flame","Bronze Scales"],"potions_floor_usage":[7,14,21,23,23,28,42],"damage_taken":[{"damage":5,"enemies":"Small Slimes","floor":1,"turns":4},{"damage":13,"enemies":"Jaw Worm","floor":3,"turns":5},{"damage":1,"enemies":"Cultist","floor":4,"turns":4},{"damage":6,"enemies":"Large Slime","floor":5,"turns":8},{"damage":17,"enemies":"3 Sentries","floor":7,"turns":8},{"damage":8,"enemies":"Blue Slaver","floor":10,"turns":3},{"damage":6,"enemies":"Lagavulin","floor":13,"turns":6},{"damage":0,"enemies":"Looter","floor":14,"turns":3},{"damage":27,"enemies":"Hexaghost","floor":16,"turns":9},{"damage":11,"enemies":"2 Thieves","floor":18,"turns":4},{"damage":4,"enemies":"Spheric Guardian","floor":21,"turns":5},{"damage":18,"enemies":"Centurion and Healer","floor":22,"turns":6},{"damage":23,"enemies":"Gremlin Leader","floor":23,"turns":6},{"damage":13,"enemies":"Snake Plant","floor":25,"turns":4},{"damage":30,"enemies":"Slavers","floor":28,"turns":5},{"damage":0,"enemies":"Chosen and Byrds","floor":30,"turns":4},{"damage":36,"enemies":"Book of Stabbing","floor":31,"turns":5},{"damage":63,"enemies":"Collector","floor":33,"turns":11},{"damage":32,"enemies":"3 Shapes","floor":35,"turns":6},{"damage":35,"enemies":"3 Darklings","floor":36,"turns":5},{"damage":10,"enemies":"Writhing Mass","floor":41,"turns":6},{"damage":34,"enemies":"Giant Head","floor":42,"turns":8},{"damage":84,"enemies":"Transient","floor":44,"turns":5}],"seed_played":"5895888624538005150","potions_obtained":[{"floor":1,"key":"Regen Potion"},{"floor":3,"key":"FearPotion"},{"floor":10,"key":"Ancient Potion"},{"floor":13,"key":"Swift Potion"},{"floor":16,"key":"SpeedPotion"},{"floor":18,"key":"AttackPotion"},{"floor":21,"key":"LiquidBronze"},{"floor":25,"key":"PowerPotion"},{"floor":36,"key":"PowerPotion"},{"floor":41,"key":"AttackPotion"}],"is_trial":false,"path_per_floor":["M","$","M","M","M","R","E","?","T","M","R","?","E","M","R","B",null,"M","$","?","M","M","E","R","M","T","?","E","?","M","E","R","B",null,"M","M","?","?","$","R","M","E","T","M"],"character_chosen":"IRONCLAD","items_purchased":["Oddly Smooth Stone","Ghostly Armor","Mercury Hourglass"],"campfire_rested":1,"item_purchase_floors":[19,19,39],"current_hp_per_floor":[73,73,66,71,71,71,84,66,66,64,64,46,46,52,52,31,75,80,80,80,85,94,77,77,73,73,53,33,33,39,24,70,50,91,99,85,85,85,85,85,99,73,73,0],"gold":127,"neow_bonus":"RANDOM_COMMON_RELIC","is_prod":false,"is_daily":false,"chose_seed":false,"campfire_upgraded":5,"win_rate":0,"timestamp":1554829164,"path_taken":["M","$","M","M","M","R","E","?","T","M","R","?","E","M","R","BOSS","M","$","?","M","M","E","R","?","T","?","E","?","M","E","R","BOSS","M","M","?","?","$","R","M","E","T","?"],"build_version":"2019-01-23","purchased_purges":2,"victory":false,"max_hp_per_floor":[80,80,80,80,80,80,90,90,90,90,90,90,90,90,90,90,90,93,93,93,96,96,96,96,99,99,104,104,104,104,104,104,107,104,104,104,104,104,104,104,106,108,108,108],"card_choices":[{"not_picked":["Combust","Flex"],"picked":"Thunderclap","floor":1},{"not_picked":["Heavy Blade","Battle Trance"],"picked":"Anger","floor":3},{"not_picked":["Rupture","True Grit"],"picked":"Heavy Blade","floor":4},{"not_picked":["Infernal Blade","Warcry"],"picked":"Shrug It Off","floor":5},{"not_picked":["Wild Strike","True Grit"],"picked":"Barricade","floor":7},{"not_picked":["Clash","Body Slam"],"picked":"Inflame","floor":10},{"not_picked":["Havoc","Twin Strike"],"picked":"Feed","floor":13},{"not_picked":["Feel No Pain","Wild Strike","Pommel Strike"],"picked":"SKIP","floor":14},{"not_picked":["Immolate","Double Tap"],"picked":"Reaper","floor":16},{"not_picked":["Rage","Flex+1"],"picked":"Inflame","floor":18},{"not_picked":["Carnage","Twin Strike"],"picked":"Whirlwind","floor":21},{"not_picked":["Clothesline","Disarm"],"picked":"Uppercut","floor":22},{"not_picked":["Pummel","Thunderclap","Feel No Pain+1"],"picked":"SKIP","floor":23},{"not_picked":["Headbutt","Perfected Strike","Pommel Strike"],"picked":"SKIP","floor":25},{"not_picked":["Dark Embrace","Body Slam"],"picked":"Double Tap","floor":28},{"not_picked":["Armaments","Perfected Strike","Sever Soul+1"],"picked":"SKIP","floor":30},{"not_picked":["Entrench","Sever Soul+1"],"picked":"Shockwave+1","floor":31},{"not_picked":["Bludgeon","Immolate"],"picked":"Exhume","floor":33},{"not_picked":["Heavy Blade","Wild Strike+1"],"picked":"Disarm","floor":35},{"not_picked":["Fire Breathing+1","Sword Boomerang+1"],"picked":"Metallicize","floor":36},{"not_picked":["True Grit","Pummel","Cleave+1"],"picked":"Singing Bowl","floor":41},{"not_picked":["Combust","Ghostly Armor","Thunderclap+1"],"picked":"Singing Bowl","floor":42}],"player_experience":578362,"relics_obtained":[{"floor":7,"key":"Pear"},{"floor":9,"key":"Lantern"},{"floor":13,"key":"Bag of Preparation"},{"floor":23,"key":"Blue Candle"},{"floor":26,"key":"Red Skull"},{"floor":28,"key":"Pen Nib"},{"floor":31,"key":"Singing Bowl"},{"floor":42,"key":"Bottled Flame"},{"floor":43,"key":"Bronze Scales"}],"event_choices":[{"damage_healed":0,"gold_gain":0,"player_choice":"Success","damage_taken":18,"relics_obtained":["Centennial Puzzle"],"max_hp_gain":0,"max_hp_loss":0,"event_name":"Scrap Ooze","floor":8,"gold_loss":0},{"damage_healed":0,"gold_gain":0,"player_choice":"Entered Light","damage_taken":18,"max_hp_gain":0,"max_hp_loss":0,"event_name":"Shining Light","floor":12,"gold_loss":0,"cards_upgraded":["Defend_R","Defend_R"]},{"damage_healed":0,"gold_gain":0,"player_choice":"1 cards matched","damage_taken":0,"max_hp_gain":0,"max_hp_loss":0,"event_name":"Match and Keep!","floor":20,"gold_loss":0,"cards_obtained":["Limit Break"]},{"damage_healed":0,"gold_gain":0,"player_choice":"Shed Blood","damage_taken":25,"max_hp_gain":5,"max_hp_loss":0,"event_name":"Forgotten Altar","floor":27,"gold_loss":0},{"damage_healed":0,"gold_gain":0,"cards_transformed":["Normality","Strike_R"],"player_choice":"Became Test Subject","damage_taken":0,"max_hp_gain":0,"max_hp_loss":0,"event_name":"Drug Dealer","floor":29,"gold_loss":0,"cards_obtained":["Parasite","Searing Blow"]},{"cards_removed":["Bash"],"damage_healed":0,"gold_gain":0,"player_choice":"Removed Attack","damage_taken":0,"max_hp_gain":0,"max_hp_loss":0,"event_name":"Falling","floor":37,"gold_loss":0},{"damage_healed":0,"gold_gain":0,"player_choice":"Upgraded","damage_taken":0,"max_hp_gain":0,"max_hp_loss":0,"event_name":"Upgrade Shrine","floor":38,"gold_loss":0,"cards_upgraded":["Searing Blow"]}],"is_beta":false,"boss_relics":[{"not_picked":["Busted Crown","Snecko Eye"],"picked":"Cursed Key"},{"not_picked":["Black Star","Calling Bell"],"picked":"Astrolabe"}],"items_purged_floors":[2,19],"is_endless":false,"potions_floor_spawned":[1,3,10,13,16,18,21,25,36,41],"killed_by":"Transient","ascension_level":7}