{"gold_per_floor":[113,124,144,154,173,204,204,221,248,265,265,275,287,252,252,350,350,350,350,350,350,350,350],"floor_reached":23,"playtime":1346,"items_purged":[],"score":203,"play_id":"cd7136f2-0918-4008-8e0f-c4731562ff44","local_time":"20181010201353","is_ascension_mode":false,"campfire_choices":[{"floor":7,"key":"REST"},{"data":"Zap","floor":15,"key":"SMITH"}],"neow_cost":"PERCENT_DAMAGE","seed_source_timestamp":24617790984500,"circlet_count":0,"master_deck":["Strike_B+1","Strike_B","Strike_B","Defend_B","Defend_B","Defend_B+1","Zap+1","Dualcast","Storm","Stack","Self Repair","Redo","BootSequence","Loop","Beam Cell","Conserve Battery","Thunder Strike","Redo","Defragment","Auto Shields","Static Discharge+1","Barrage"],"relics":["Cracked Core","Art of War","Smiling Mask","Ectoplasm"],"potions_floor_usage":[3,6,16,20,22],"damage_taken":[{"damage":6,"enemies":"Jaw Worm","floor":1,"turns":4},{"damage":3,"enemies":"Small Slimes","floor":2,"turns":3},{"damage":7,"enemies":"2 Louse","floor":3,"turns":2},{"damage":26,"enemies":"Exordium Wildlife","floor":4,"turns":6},{"damage":10,"enemies":"Red Slaver","floor":5,"turns":4},{"damage":19,"enemies":"Gremlin Nob","floor":6,"turns":4},{"damage":2,"enemies":"2 Fungi Beasts","floor":8,"turns":3},{"damage":7,"enemies":"Blue Slaver","floor":10,"turns":4},{"damage":10,"enemies":"Looter","floor":12,"turns":3},{"damage":0,"enemies":"Exordium Wildlife","floor":13,"turns":4},{"damage":28,"enemies":"Slime Boss","floor":16,"turns":4},{"damage":0,"enemies":"Chosen","floor":18,"turns":4},{"damage":20,"enemies":"Spheric Guardian","floor":19,"turns":4},{"damage":20,"enemies":"Snake Plant","floor":20,"turns":4},{"damage":29,"enemies":"Shelled Parasite and Fungi","floor":21,"turns":5},{"damage":12,"enemies":"Centurion and Healer","floor":22,"turns":6},{"damage":40,"enemies":"Gremlin Leader","floor":23,"turns":4}],"seed_played":"9050832649234816949","potions_obtained":[{"floor":1,"key":"PowerPotion"},{"floor":4,"key":"FocusPotion"},{"floor":6,"key":"SteroidPotion"},{"floor":19,"key":"Regen Potion"},{"floor":21,"key":"GamblersBrew"}],"is_trial":false,"path_per_floor":["M","M","M","M","M","E","R","M","T","M","?","M","M","?","R","B",null,"M","M","M","M","M"],"character_chosen":"DEFECT","items_purchased":[],"campfire_rested":1,"item_purchase_floors":[],"current_hp_per_floor":[48,52,52,33,30,18,40,45,45,45,30,27,34,52,52,31,75,75,62,58,36,31,0],"gold":350,"neow_bonus":"TRANSFORM_TWO_CARDS","is_prod":false,"is_daily":false,"chose_seed":false,"campfire_upgraded":1,"win_rate":0,"timestamp":1539195233,"path_taken":["M","M","M","M","M","E","R","M","T","M","?","M","M","?","R","BOSS","M","M","M","M","M","E"],"build_version":"2018-10-04v2","purchased_purges":0,"victory":false,"max_hp_per_floor":[75,75,75,75,75,75,75,75,75,75,75,75,75,75,75,75,75,75,75,75,75,75,75],"card_choices":[{"not_picked":["Compile Driver","Coolheaded"],"picked":"Self Repair","floor":1},{"not_picked":["Blizzard","Chill"],"picked":"Redo","floor":2},{"not_picked":["Sweeping Beam","Barrage"],"picked":"BootSequence","floor":3},{"not_picked":["Force Field","Darkness"],"picked":"Loop","floor":4},{"not_picked":["Sunder","Go for the Eyes"],"picked":"Beam Cell","floor":5},{"not_picked":["Gash","Rebound","Coolheaded"],"picked":"SKIP","floor":6},{"not_picked":["Loop","Compile Driver"],"picked":"Conserve Battery","floor":8},{"not_picked":["Reprogram","Go for the Eyes","Reinforced Body"],"picked":"SKIP","floor":10},{"not_picked":["Gash","Melter"],"picked":"Thunder Strike","floor":12},{"not_picked":["Stack","Compile Driver"],"picked":"Redo","floor":13},{"not_picked":["Rip and Tear","Aggregate"],"picked":"Defragment","floor":18},{"not_picked":["Turbo+1","Fusion"],"picked":"Auto Shields","floor":19},{"not_picked":["Stack+1","Leap"],"picked":"Static Discharge+1","floor":20},{"not_picked":["Rebound","Undo"],"picked":"Barrage","floor":21},{"not_picked":["Heatsinks","Aggregate","Biased Cognition"],"picked":"SKIP","floor":22}],"player_experience":111688,"relics_obtained":[{"floor":6,"key":"Art of War"},{"floor":9,"key":"Smiling Mask"}],"event_choices":[{"event_name":"Shining Light","player_choice":"Entered Light","floor":11,"damage_taken":0},{"event_name":"The Cleric","player_choice":"Healed","floor":14,"damage_taken":0}],"is_beta":false,"boss_relics":[{"not_picked":["Runic Dome","Fusion Hammer"],"picked":"Ectoplasm"}],"items_purged_floors":[],"is_endless":false,"potions_floor_spawned":[1,4,6,19,21],"killed_by":"Gremlin Leader","ascension_level":0}