{"path_per_floor":["M","?","?","$","?","M","M","R","T","M","M","R","?","E","R","B",null,"M","$","M","$","$","R","?","R","T","M","M","M","R","M","R"],"character_chosen":"IRONCLAD","items_purchased":["Body Slam","Cleave","Rage"],"gold_per_floor":[111,111,111,13,13,32,47,47,73,89,102,102,125,157,157,260,260,240,114,130,94,94,94,94,94,94,112,125,140,140,153,153,153],"floor_reached":33,"campfire_rested":1,"playtime":1542,"current_hp_per_floor":[80,80,80,80,80,80,80,80,80,72,69,69,65,59,59,14,80,73,73,79,79,79,79,56,56,56,49,50,42,42,19,35,0],"items_purged":["Decay","Feel No Pain"],"gold":153,"score":272,"play_id":"1e9502a8-ffd5-4a93-b6ee-0cf46fe6a74f","local_time":"20180514233207","is_prod":false,"is_daily":false,"chose_seed":false,"is_ascension_mode":false,"campfire_upgraded":6,"timestamp":1526311927,"path_taken":["M","?","?","$","?","M","M","R","T","?","M","R","?","E","R","BOSS","M","$","M","?","$","R","?","R","T","M","M","M","R","M","R","BOSS"],"build_version":"2018-05-10","seed_source_timestamp":20634035119345,"purchased_purges":3,"victory":false,"master_deck":["Defend_R","Defend_R","Defend_R","Defend_R","Bash","Battle Trance","Pommel Strike","Body Slam+1","Twin Strike","Bloodletting+1","Flex+1","Armaments+1","Iron Wave","Limit Break+1","Sword Boomerang","Cleave","Shrug It Off","Rage+1","Bite","Bite","Bite","Bite","Bite","Dual Wield","Sword Boomerang","Uppercut"],"max_hp_per_floor":[80,80,80,80,80,80,80,80,80,80,80,80,80,80,80,80,80,80,80,80,80,80,80,56,56,56,56,56,56,56,56,56,56],"relics":["Burning Blood"],"card_choices":[{"not_picked":["Corruption","Evolve"],"picked":"Pommel Strike","floor":1},{"not_picked":["Wild Strike","Rupture"],"picked":"Twin Strike","floor":6},{"not_picked":["Hemokinesis","Body Slam"],"picked":"Bloodletting","floor":7},{"not_picked":["Wild Strike","True Grit"],"picked":"Flex","floor":10},{"not_picked":["Disarm","Havoc"],"picked":"Armaments","floor":11},{"not_picked":["Juggernaut","Combust"],"picked":"Iron Wave","floor":14},{"not_picked":["Berserk","Barricade"],"picked":"Limit Break","floor":16},{"not_picked":["Thunderclap","Perfected Strike"],"picked":"Sword Boomerang","floor":18},{"not_picked":["Anger","Pummel"],"picked":"Shrug It Off","floor":20},{"not_picked":["Anger","Corruption"],"picked":"Dual Wield","floor":27},{"not_picked":["Brutality","True Grit"],"picked":"Sword Boomerang","floor":28},{"not_picked":["Anger","Searing Blow"],"picked":"Uppercut","floor":31}],"player_experience":617016,"potions_floor_usage":[16,20,31,31,33,33],"damage_taken":[{"damage":5,"enemies":"Jaw Worm","floor":1,"turns":5},{"damage":3,"enemies":"2 Louse","floor":6,"turns":3},{"damage":3,"enemies":"Small Slimes","floor":7,"turns":4},{"damage":14,"enemies":"3 Louse","floor":10,"turns":3},{"damage":9,"enemies":"Red Slaver","floor":11,"turns":3},{"damage":10,"enemies":"The Mushroom Lair","floor":13,"turns":5},{"damage":12,"enemies":"3 Sentries","floor":14,"turns":5},{"damage":51,"enemies":"The Guardian","floor":16,"turns":10},{"damage":13,"enemies":"2 Thieves","floor":18,"turns":4},{"damage":0,"enemies":"Spheric Guardian","floor":20,"turns":3},{"damage":28,"enemies":"Centurion and Healer","floor":27,"turns":9},{"damage":12,"enemies":"3 Cultists","floor":28,"turns":5},{"damage":27,"enemies":"Sentry and Sphere","floor":29,"turns":7},{"damage":37,"enemies":"Centurion and Healer","floor":31,"turns":5},{"damage":49,"enemies":"Collector","floor":33,"turns":8}],"event_choices":[{"event_name":"Living Wall","player_choice":"Forget","floor":2,"damage_taken":0},{"event_name":"Wheel of Change","player_choice":"Curse","floor":3,"damage_taken":0},{"event_name":"Liars Game","player_choice":"disagreed","floor":5,"damage_taken":0},{"event_name":"Mushrooms","player_choice":"Fought Mushrooms","floor":13,"damage_taken":0},{"event_name":"Vampires","player_choice":"Became a vampire","floor":24,"damage_taken":0}],"boss_relics":[{"not_picked":["Ectoplasm","Eternal Feather","Black Star"]}],"potions_floor_spawned":[1,11,16,28,29,31],"seed_played":"-7092074144882721826","killed_by":"Collector","ascension_level":0,"is_trial":false}