{"gold_per_floor":[116,45,59,77,93,128,128,128,206,206,225,225,240,66,66,165,165,185,204,223,148,73,73,104,203,203,203,236,53,67,85,85,190,190,206,224,224,247,263,263,273,273,298,324,424,424,443,460,460,460,460,460,21,47,47],"floor_reached":56,"playtime":3473,"items_purged":["Strike_G","Strike_G"],"score":1294,"play_id":"007fa40f-055b-4cd1-b92a-af9c08aa34e8","local_time":"20190317004212","is_ascension_mode":false,"campfire_choices":[{"data":"Catalyst","floor":7,"key":"SMITH"},{"data":"Deadly Poison","floor":10,"key":"SMITH"},{"data":"Well Laid Plans","floor":12,"key":"SMITH"},{"data":"Catalyst","floor":15,"key":"SMITH"},{"data":"Corpse Explosion","floor":23,"key":"SMITH"},{"data":"Leg Sweep","floor":27,"key":"SMITH"},{"data":"Backflip","floor":32,"key":"SMITH"},{"data":"Night Terror","floor":40,"key":"SMITH"},{"floor":42,"key":"RECALL"},{"data":"Blur","floor":46,"key":"SMITH"},{"data":"Deflect","floor":49,"key":"SMITH"},{"data":"Dodge and Roll","floor":52,"key":"SMITH"}],"neow_cost":"NONE","seed_source_timestamp":1847536844252084,"circlet_count":0,"master_deck":["Defend_G+1","Defend_G","Defend_G","Defend_G","Defend_G","Survivor","Neutralize+1","Dodge and Roll+1","Noxious Fumes+1","Deadly Poison+1","Catalyst+1","Leg Sweep+1","Deflect+1","Well Laid Plans+1","Catalyst+1","Backflip+1","Corpse Explosion+1","Prepared+1","Bane","Dagger Throw","Blur+1","Calculated Gamble+1","Blur+1","Night Terror+1","Flying Knee+1","PiercingWail+1","Caltrops+1","After Image","PanicButton","Poisoned Stab+1"],"relics":["Ring of the Snake","Turnip","Paper Crane","Bag of Marbles","Coffee Dripper","Bag of Preparation","Orichalcum","Oddly Smooth Stone","Empty Cage","Lantern","Vajra","War Paint","Girya","TwistedFunnel","Anchor"],"potions_floor_usage":[6,20,24,28,33,50,55,55],"damage_taken":[{"damage":1,"enemies":"Jaw Worm","floor":1,"turns":6},{"damage":1,"enemies":"Cultist","floor":3,"turns":4},{"damage":7,"enemies":"Small Slimes","floor":4,"turns":4},{"damage":18,"enemies":"Exordium Thugs","floor":5,"turns":6},{"damage":15,"enemies":"Lagavulin","floor":6,"turns":7},{"damage":0,"enemies":"3 Louse","floor":11,"turns":5},{"damage":0,"enemies":"Exordium Wildlife","floor":13,"turns":6},{"damage":0,"enemies":"The Guardian","floor":16,"turns":6},{"damage":1,"enemies":"Shell Parasite","floor":18,"turns":4},{"damage":21,"enemies":"2 Thieves","floor":19,"turns":4},{"damage":0,"enemies":"Centurion and Healer","floor":20,"turns":4},{"damage":1,"enemies":"Book of Stabbing","floor":24,"turns":3},{"damage":19,"enemies":"Slavers","floor":28,"turns":3},{"damage":0,"enemies":"3 Cultists","floor":30,"turns":3},{"damage":5,"enemies":"Shelled Parasite and Fungi","floor":31,"turns":5},{"damage":10,"enemies":"Automaton","floor":33,"turns":13},{"damage":0,"enemies":"3 Shapes","floor":35,"turns":2},{"damage":0,"enemies":"Orb Walker","floor":36,"turns":3},{"damage":0,"enemies":"Maw","floor":39,"turns":4},{"damage":0,"enemies":"Jaw Worm Horde","floor":41,"turns":1},{"damage":10,"enemies":"Nemesis","floor":44,"turns":5},{"damage":0,"enemies":"Mind Bloom Boss Battle","floor":45,"turns":4},{"damage":0,"enemies":"4 Shapes","floor":47,"turns":3},{"damage":0,"enemies":"3 Darklings","floor":48,"turns":3},{"damage":35,"enemies":"Donu and Deca","floor":50,"turns":5},{"damage":0,"enemies":"Shield and Spear","floor":54,"turns":2},{"damage":25,"enemies":"The Heart","floor":55,"turns":6}],"seed_played":"6882434130120624673","potions_obtained":[{"floor":3,"key":"GamblersBrew"},{"floor":5,"key":"AttackPotion"},{"floor":13,"key":"SteroidPotion"},{"floor":16,"key":"SteroidPotion"},{"floor":18,"key":"Weak Potion"},{"floor":20,"key":"SpeedPotion"},{"floor":28,"key":"Poison Potion"},{"floor":35,"key":"SkillPotion"},{"floor":39,"key":"SpeedPotion"},{"floor":44,"key":"Weak Potion"}],"is_trial":false,"path_per_floor":["M","$","M","M","M","E","R","?","T","R","M","R","M","$","R","B",null,"M","M","M","$","?","R","E","?","T","R","E","$","M","M","R","B",null,"M","M","?","T","M","R","M","R","T","E","?","R","M","M","R","B",null,"R","$","E","B",null],"character_chosen":"THE_SILENT","items_purchased":["Noxious Fumes","Backflip","Bag of Marbles","Blur","Oddly Smooth Stone","TwistedFunnel","PanicButton","Energy Potion"],"campfire_rested":0,"item_purchase_floors":[2,14,14,29,29,53,53,53],"current_hp_per_floor":[69,69,68,61,43,28,28,28,28,28,28,28,28,28,28,28,70,69,48,48,48,48,48,47,47,47,47,28,28,28,23,23,13,70,70,70,70,70,70,70,70,70,70,60,60,60,60,60,60,25,70,70,70,70,45],"gold":47,"neow_bonus":"UPGRADE_CARD","is_prod":false,"is_daily":false,"chose_seed":false,"campfire_upgraded":11,"win_rate":0,"timestamp":1552754532,"path_taken":["M","$","M","M","M","E","R","?","T","R","M","R","M","$","R","BOSS","M","M","?","$","?","R","E","?","T","R","E","$","?","M","R","BOSS","M","M","?","?","M","R","M","R","T","E","?","R","M","M","R","BOSS","R","$","E","BOSS"],"build_version":"2019-01-23","purchased_purges":2,"victory":true,"max_hp_per_floor":[70,70,70,70,70,70,70,70,70,70,70,70,70,70,70,70,70,70,70,70,70,70,70,70,70,70,70,70,70,70,70,70,70,70,70,70,70,70,70,70,70,70,70,70,70,70,70,70,70,70,70,70,70,70,70],"card_choices":[{"not_picked":["Caltrops","Slice"],"picked":"Dodge and Roll","floor":1},{"not_picked":["Concentrate","Heel Hook"],"picked":"Deadly Poison","floor":3},{"not_picked":["Backflip","Deadly Poison"],"picked":"Catalyst","floor":4},{"not_picked":["Reflex","Concentrate"],"picked":"Leg Sweep","floor":5},{"not_picked":["Heel Hook","Caltrops"],"picked":"Deflect","floor":6},{"not_picked":["PiercingWail","Terror"],"picked":"Well Laid Plans","floor":11},{"not_picked":["Blade Dance","Predator"],"picked":"Catalyst","floor":13},{"not_picked":["After Image","Malaise"],"picked":"Corpse Explosion","floor":16},{"not_picked":["Bane","Tactician"],"picked":"Prepared+1","floor":18},{"not_picked":["Cloak And Dagger","Sucker Punch"],"picked":"Bane","floor":19},{"not_picked":["Prepared","Sucker Punch","Endless Agony+1"],"picked":"SKIP","floor":20},{"not_picked":["Reflex+1","Cloak And Dagger+1","Backstab"],"picked":"SKIP","floor":24},{"not_picked":["Prepared","Sucker Punch"],"picked":"Dagger Throw","floor":28},{"not_picked":["Tactician+1","Choke"],"picked":"Calculated Gamble+1","floor":30},{"not_picked":["Predator","Choke"],"picked":"Blur","floor":31},{"not_picked":["Bullet Time","Doppelganger"],"picked":"Night Terror","floor":33},{"not_picked":["Quick Slash","Finisher"],"picked":"Flying Knee+1","floor":35},{"not_picked":["Heel Hook","Tactician"],"picked":"Poisoned Stab","floor":36},{"not_picked":["Terror+1","Blade Dance","Dagger Spray"],"picked":"SKIP","floor":39},{"not_picked":["Skewer","Cloak And Dagger"],"picked":"PiercingWail+1","floor":41},{"not_picked":["Quick Slash","Setup","Skewer+1"],"picked":"SKIP","floor":44},{"not_picked":["Blade Dance+1","Footwork+1"],"picked":"Caltrops+1","floor":45},{"not_picked":["Dodge and Roll+1","Infinite Blades+1"],"picked":"After Image","floor":47},{"not_picked":["Slice+1","Masterful Stab+1","Dagger Spray"],"picked":"SKIP","floor":48},{"not_picked":["Dagger Spray","Leg Sweep"],"picked":"Poisoned Stab+1","floor":54}],"player_experience":839503,"relics_obtained":[{"floor":6,"key":"Turnip"},{"floor":9,"key":"Paper Crane"},{"floor":24,"key":"Bag of Preparation"},{"floor":28,"key":"Orichalcum"},{"floor":38,"key":"Lantern"},{"floor":43,"key":"Vajra"},{"floor":44,"key":"War Paint"},{"floor":45,"key":"Girya"},{"floor":54,"key":"Anchor"}],"event_choices":[{"damage_healed":0,"gold_gain":0,"player_choice":"Forge","damage_taken":0,"max_hp_gain":0,"max_hp_loss":0,"event_name":"Accursed Blacksmith","floor":8,"gold_loss":0,"cards_upgraded":["Noxious Fumes"]},{"cards_removed":["Strike_G"],"damage_healed":0,"gold_gain":0,"player_choice":"Gave Gold","damage_taken":0,"max_hp_gain":0,"max_hp_loss":0,"event_name":"Beggar","floor":22,"gold_loss":75},{"damage_healed":0,"gold_gain":99,"player_choice":"Stole From Cult","damage_taken":0,"max_hp_gain":0,"max_hp_loss":0,"event_name":"Nest","floor":25,"gold_loss":0},{"cards_removed":["Poisoned Stab"],"damage_healed":0,"gold_gain":0,"player_choice":"Removed Attack","damage_taken":0,"max_hp_gain":0,"max_hp_loss":0,"event_name":"Falling","floor":37,"gold_loss":0},{"damage_healed":0,"gold_gain":0,"player_choice":"Fight","damage_taken":0,"max_hp_gain":0,"max_hp_loss":0,"event_name":"MindBloom","floor":45,"gold_loss":0}],"is_beta":false,"boss_relics":[{"not_picked":["HoveringKite","Runic Dome"],"picked":"Coffee Dripper"},{"not_picked":["Lizard Tail","Cursed Key"],"picked":"Empty Cage"}],"items_purged_floors":[21,53],"is_endless":false,"potions_floor_spawned":[3,5,13,16,18,20,28,35,39,44],"ascension_level":0}