{"gold_per_floor":[114,131,131,131,151,151,167,177,177,212,212,242,257,268,268,367,367,380,380,305,162,162,162,181,181,181,198,208,17,35,35,35,137,137,156,211,62,62,80,80,108,108,133,147,167,167,167,199,199,199],"floor_reached":50,"playtime":2384,"items_purged":["Strike_G"],"score":843,"play_id":"2837b057-faa8-4dfe-b1ed-77e0f17d96ce","local_time":"20190113180829","is_ascension_mode":true,"campfire_choices":[{"data":"Bane","floor":6,"key":"SMITH"},{"floor":11,"key":"REST"},{"floor":15,"key":"REST"},{"data":"Well Laid Plans","floor":23,"key":"SMITH"},{"data":"Bane","floor":25,"key":"SMITH"},{"floor":32,"key":"REST"},{"floor":40,"key":"REST"},{"data":"Deadly Poison","floor":42,"key":"SMITH"},{"data":"Backflip","floor":46,"key":"SMITH"},{"data":"After Image","floor":49,"key":"SMITH"}],"neow_cost":"NONE","seed_source_timestamp":264649991543800,"circlet_count":0,"master_deck":["Defend_G","Defend_G","Defend_G","Defend_G","Defend_G","Strike_G","Strike_G","Strike_G","Survivor","Neutralize+1","Backflip+1","Deadly Poison+1","Bane+1","Dagger Spray","Bane+1","Catalyst+1","Riddle With Holes","Sucker Punch","Wraith Form v2","Quick Slash+1","Well Laid Plans+1","Catalyst+1","PiercingWail+1","Backflip+1","Malaise","Prepared+1","Deadly Poison+1","Prepared+1","After Image+1"],"relics":["Ring of the Snake","FaceOfCleric","Letter Opener","Boot","Unceasing Top","Sozu","Meat on the Bone","TwistedFunnel","Eternal Feather","FossilizedHelix","Lantern","Ninja Scroll","Vajra","Tingsha"],"potions_floor_usage":[10,12,19],"damage_taken":[{"damage":1,"enemies":"Jaw Worm","floor":1,"turns":5},{"damage":7,"enemies":"Small Slimes","floor":2,"turns":7},{"damage":0,"enemies":"Cultist","floor":5,"turns":3},{"damage":12,"enemies":"Lots of Slimes","floor":7,"turns":6},{"damage":0,"enemies":"2 Fungi Beasts","floor":8,"turns":5},{"damage":17,"enemies":"3 Sentries","floor":10,"turns":9},{"damage":25,"enemies":"Gremlin Nob","floor":12,"turns":4},{"damage":3,"enemies":"Looter","floor":13,"turns":2},{"damage":20,"enemies":"Exordium Thugs","floor":14,"turns":3},{"damage":16,"enemies":"The Guardian","floor":16,"turns":10},{"damage":9,"enemies":"Shell Parasite","floor":18,"turns":4},{"damage":0,"enemies":"Spheric Guardian","floor":19,"turns":2},{"damage":0,"enemies":"Cultist and Chosen","floor":24,"turns":4},{"damage":14,"enemies":"Sentry and Sphere","floor":27,"turns":4},{"damage":5,"enemies":"Centurion and Healer","floor":28,"turns":5},{"damage":3,"enemies":"Cultist and Chosen","floor":30,"turns":3},{"damage":42,"enemies":"Automaton","floor":33,"turns":10},{"damage":3,"enemies":"3 Shapes","floor":35,"turns":3},{"damage":70,"enemies":"2 Orb Walkers","floor":36,"turns":6},{"damage":0,"enemies":"Orb Walker","floor":39,"turns":2},{"damage":25,"enemies":"Reptomancer","floor":41,"turns":4},{"damage":9,"enemies":"Spire Growth","floor":44,"turns":5},{"damage":0,"enemies":"4 Shapes","floor":45,"turns":7},{"damage":0,"enemies":"Giant Head","floor":48,"turns":6},{"damage":85,"enemies":"Time Eater","floor":50,"turns":9}],"seed_played":"6389003755918315712","potions_obtained":[{"floor":2,"key":"SkillPotion"},{"floor":5,"key":"SmokeBomb"},{"floor":8,"key":"FearPotion"}],"is_trial":false,"path_per_floor":["M","M","?","?","M","R","M","M","T","E","R","E","M","M","R","B",null,"M","M","?","$","?","R","M","R","T","M","M","$","M","?","R","B",null,"M","?","$","?","M","R","E","R","T","M","M","R","?","E","R","B"],"character_chosen":"THE_SILENT","items_purchased":["Well Laid Plans","TwistedFunnel","Lantern"],"campfire_rested":4,"item_purchase_floors":[21,29,37],"current_hp_per_floor":[62,55,55,55,56,56,45,46,46,30,52,28,26,7,30,15,62,54,55,55,55,55,55,56,56,56,43,51,51,49,49,74,45,75,73,16,16,16,29,70,46,61,61,53,54,69,69,70,85,0],"gold":199,"neow_bonus":"UPGRADE_CARD","is_prod":false,"is_daily":false,"chose_seed":false,"campfire_upgraded":6,"win_rate":0,"timestamp":1547399309,"path_taken":["M","M","?","?","M","R","?","M","T","E","R","E","?","M","R","BOSS","M","?","?","$","?","R","?","R","T","M","M","$","M","?","R","BOSS","M","?","$","?","?","R","E","R","T","M","?","R","?","E","R","BOSS"],"build_version":"2019-01-10","purchased_purges":1,"victory":false,"max_hp_per_floor":[70,70,70,70,71,71,72,73,73,74,74,75,76,77,77,78,78,79,80,80,80,80,80,81,81,81,82,83,83,84,84,84,85,85,86,87,87,87,88,88,89,89,89,90,91,91,86,87,87,87],"card_choices":[{"not_picked":["Heel Hook","Flechettes"],"picked":"Backflip","floor":1},{"not_picked":["Outmaneuver","Sucker Punch"],"picked":"Deadly Poison","floor":2},{"not_picked":["Finisher","Infinite Blades"],"picked":"Bane","floor":5},{"not_picked":["Poisoned Stab","Endless Agony"],"picked":"Dagger Spray","floor":7},{"not_picked":["Outmaneuver","Blade Dance"],"picked":"Bane","floor":8},{"not_picked":["After Image","Wraith Form v2"],"picked":"Catalyst","floor":10},{"not_picked":["Infinite Blades","Acrobatics"],"picked":"Riddle With Holes","floor":12},{"not_picked":["Cloak And Dagger","Phantasmal Killer"],"picked":"Sucker Punch","floor":13},{"not_picked":["Bane","Endless Agony","Eviscerate"],"picked":"SKIP","floor":14},{"not_picked":["A Thousand Cuts","Tools of the Trade"],"picked":"Wraith Form v2","floor":16},{"not_picked":["Backstab","Prepared"],"picked":"Quick Slash+1","floor":18},{"not_picked":["Blade Dance","Cloak And Dagger","Prepared"],"picked":"SKIP","floor":24},{"not_picked":["Flying Knee","Acrobatics+1"],"picked":"Catalyst+1","floor":27},{"not_picked":["Tactician","Flying Knee"],"picked":"PiercingWail+1","floor":28},{"not_picked":["Deflect","Poisoned Stab"],"picked":"Backflip+1","floor":30},{"not_picked":["Doppelganger","Venomology"],"picked":"Malaise","floor":33},{"not_picked":["Expertise","Slice"],"picked":"Prepared+1","floor":35},{"not_picked":["Backflip+1","Poisoned Stab"],"picked":"Deadly Poison","floor":36},{"not_picked":["Underhanded Strike","Blade Dance+1","Eviscerate+1"],"picked":"SKIP","floor":39},{"not_picked":["Bane","Slice+1"],"picked":"Prepared+1","floor":41},{"not_picked":["Bane","Acrobatics+1","Flechettes+1"],"picked":"SKIP","floor":44},{"not_picked":["Bane","Acrobatics","Dagger Throw"],"picked":"SKIP","floor":45},{"not_picked":["Setup","Quick Slash+1"],"picked":"After Image","floor":48}],"player_experience":374324,"relics_obtained":[{"floor":9,"key":"Letter Opener"},{"floor":10,"key":"Boot"},{"floor":12,"key":"Unceasing Top"},{"floor":26,"key":"Meat on the Bone"},{"floor":36,"key":"FossilizedHelix"},{"floor":41,"key":"Ninja Scroll"},{"floor":43,"key":"Vajra"},{"floor":48,"key":"Tingsha"}],"event_choices":[{"damage_healed":0,"gold_gain":0,"player_choice":"Grow","damage_taken":0,"max_hp_gain":0,"max_hp_loss":0,"event_name":"Living Wall","floor":3,"gold_loss":0,"cards_upgraded":["Deadly Poison"]},{"damage_healed":0,"gold_gain":0,"player_choice":"Trade","damage_taken":0,"relics_obtained":["FaceOfCleric"],"max_hp_gain":0,"max_hp_loss":0,"event_name":"FaceTrader","floor":4,"gold_loss":0},{"cards_removed":["Strike_G"],"damage_healed":0,"gold_gain":0,"player_choice":"Gave Gold","damage_taken":0,"max_hp_gain":0,"max_hp_loss":0,"event_name":"Beggar","floor":20,"gold_loss":75},{"damage_healed":0,"gold_gain":0,"player_choice":"Forge","damage_taken":0,"max_hp_gain":0,"max_hp_loss":0,"event_name":"Accursed Blacksmith","floor":22,"gold_loss":0,"cards_upgraded":["Catalyst"]},{"damage_healed":0,"gold_gain":0,"player_choice":"Ignored","damage_taken":0,"max_hp_gain":0,"max_hp_loss":0,"event_name":"Ghosts","floor":31,"gold_loss":0},{"damage_healed":0,"gold_gain":0,"player_choice":"Fight","damage_taken":0,"max_hp_gain":0,"max_hp_loss":0,"event_name":"Mysterious Sphere","floor":36,"gold_loss":0},{"damage_healed":0,"gold_gain":0,"player_choice":"Bought 0 Potions","damage_taken":0,"max_hp_gain":0,"max_hp_loss":0,"event_name":"The Woman in Blue","floor":38,"gold_loss":0},{"damage_healed":0,"gold_gain":0,"player_choice":"Max HP","damage_taken":0,"max_hp_gain":0,"max_hp_loss":5,"event_name":"Winding Halls","floor":47,"gold_loss":0}],"is_beta":false,"boss_relics":[{"not_picked":["Ring of the Serpent","Astrolabe"],"picked":"Sozu"},{"not_picked":["Pandora\u0027s Box","Snecko Eye"],"picked":"Eternal Feather"}],"items_purged_floors":[21],"is_endless":false,"potions_floor_spawned":[2,5,8,18,24,28,39,44,45],"killed_by":"Time Eater","ascension_level":9}