{"gold_per_floor":[216,227,129,146,162,162,175,195,195,195,195,229,229,247,247,349,349,368,382,81,96,48,78,78,113,138,13,13,28,0,19,19,120,120,132,108,120,135,0,0,0,0,52,67,77,94,23,36,36,36],"floor_reached":51,"playtime":11944,"items_purged":["Strike_R","Strike_R","Strike_R"],"score":900,"play_id":"d3eee449-7002-4955-9045-26847ba661d2","local_time":"20190414180809","is_ascension_mode":true,"campfire_choices":[{"data":"Rampage","floor":6,"key":"SMITH"},{"data":"Bash","floor":11,"key":"SMITH"},{"floor":15,"key":"REST"},{"data":"Intimidate","floor":24,"key":"SMITH"},{"floor":28,"key":"REST"},{"floor":32,"key":"REST"},{"floor":40,"key":"REST"},{"floor":42,"key":"REST"},{"floor":49,"key":"REST"}],"neow_cost":"NONE","seed_source_timestamp":332034810447500,"circlet_count":0,"master_deck":["Strike_R","Defend_R","Defend_R","Defend_R","Defend_R","Bash+1","Twin Strike","Shrug It Off","Shrug It Off","Rampage+1","Cleave","Headbutt+1","Intimidate+1","Immolate","Inflame","Armaments+1","Body Slam+1","Seeing Red+1","Juggernaut","True Grit+1","Flex+1","Limit Break+1","Parasite","Battle Trance+1","Disarm+1"],"relics":["Burning Blood","Anchor","Nunchaku","Velvet Choker","ClockworkSouvenir","Lantern","Toxic Egg 2","Bag of Marbles","Busted Crown","Red Mask","Red Skull"],"potions_floor_usage":[16,16,18,19,23,23,23,33,35],"damage_taken":[{"damage":7,"enemies":"2 Louse","floor":1,"turns":4},{"damage":1,"enemies":"Cultist","floor":2,"turns":3},{"damage":7,"enemies":"Small Slimes","floor":4,"turns":4},{"damage":14,"enemies":"3 Louse","floor":5,"turns":4},{"damage":4,"enemies":"Looter","floor":7,"turns":4},{"damage":12,"enemies":"Gremlin Gang","floor":8,"turns":4},{"damage":32,"enemies":"Gremlin Nob","floor":12,"turns":4},{"damage":3,"enemies":"Exordium Thugs","floor":14,"turns":4},{"damage":49,"enemies":"Hexaghost","floor":16,"turns":11},{"damage":4,"enemies":"Shell Parasite","floor":18,"turns":3},{"damage":7,"enemies":"3 Byrds","floor":19,"turns":2},{"damage":11,"enemies":"Shelled Parasite and Fungi","floor":21,"turns":7},{"damage":32,"enemies":"Book of Stabbing","floor":23,"turns":3},{"damage":21,"enemies":"Gremlin Leader","floor":25,"turns":7},{"damage":10,"enemies":"Cultist and Chosen","floor":29,"turns":5},{"damage":13,"enemies":"Snake Plant","floor":31,"turns":3},{"damage":46,"enemies":"Collector","floor":33,"turns":6},{"damage":3,"enemies":"3 Shapes","floor":35,"turns":3},{"damage":11,"enemies":"Orb Walker","floor":37,"turns":4},{"damage":46,"enemies":"Maw","floor":38,"turns":6},{"damage":10,"enemies":"4 Shapes","floor":44,"turns":3},{"damage":6,"enemies":"Writhing Mass","floor":45,"turns":4},{"damage":35,"enemies":"Sphere and 2 Shapes","floor":46,"turns":4},{"damage":12,"enemies":"Jaw Worm Horde","floor":48,"turns":4},{"damage":49,"enemies":"Time Eater","floor":50,"turns":8}],"seed_played":"3877466400226894219","potions_obtained":[{"floor":8,"key":"SteroidPotion"},{"floor":12,"key":"EssenceOfSteel"},{"floor":14,"key":"BloodPotion"},{"floor":16,"key":"AttackPotion"},{"floor":18,"key":"LiquidBronze"},{"floor":21,"key":"FearPotion"},{"floor":29,"key":"Swift Potion"},{"floor":31,"key":"Fire Potion"},{"floor":44,"key":"SpeedPotion"},{"floor":45,"key":"GamblersBrew"}],"is_trial":false,"path_per_floor":["M","M","$","M","M","R","M","M","T","?","R","E","?","M","R","B",null,"M","M","$","M","$","E","R","E","T","$","R","M","?","M","R","B",null,"M","$","M","M","?","R","?","R","T","M","M","M","$","M","R","B",null],"character_chosen":"IRONCLAD","items_purchased":["Shrug It Off","ClockworkSouvenir","Poison Potion","True Grit+1","Disarm+1"],"campfire_rested":6,"item_purchase_floors":[3,20,22,36,47],"current_hp_per_floor":[71,76,76,75,67,67,69,63,63,63,63,37,37,40,64,29,67,69,68,68,63,63,37,37,22,22,22,46,42,42,35,59,19,65,68,68,63,23,23,47,47,71,71,67,67,38,38,32,56,13],"gold":36,"neow_bonus":"HUNDRED_GOLD","is_prod":false,"is_daily":false,"chose_seed":false,"campfire_upgraded":3,"win_rate":0,"timestamp":1555258089,"path_taken":["M","M","$","M","M","R","M","M","T","?","R","E","?","M","R","BOSS","M","M","$","M","?","E","R","E","T","$","R","M","?","M","R","BOSS","M","$","M","M","?","R","?","R","T","M","M","?","?","M","R","BOSS"],"build_version":"2019-01-23","purchased_purges":3,"victory":true,"max_hp_per_floor":[80,80,80,80,80,80,80,80,80,80,80,80,80,80,80,80,80,80,80,80,80,80,80,80,80,80,80,80,80,80,80,80,80,80,80,80,80,80,80,80,80,80,80,80,80,80,80,80,80,80],"card_choices":[{"not_picked":["Havoc","Seeing Red"],"picked":"Twin Strike","floor":1},{"not_picked":["Perfected Strike","True Grit"],"picked":"Shrug It Off","floor":2},{"not_picked":["Wild Strike","Uppercut"],"picked":"Rampage","floor":4},{"not_picked":["Armaments","Shrug It Off"],"picked":"Cleave","floor":5},{"not_picked":["Shockwave","Corruption"],"picked":"Headbutt","floor":7},{"not_picked":["Evolve","Pommel Strike"],"picked":"Intimidate","floor":8},{"not_picked":["Twin Strike","Sword Boomerang"],"picked":"Immolate","floor":12},{"not_picked":["Clash","Flex"],"picked":"Inflame","floor":14},{"not_picked":["Twin Strike+1","Havoc+1"],"picked":"Armaments+1","floor":18},{"not_picked":["Power Through","Clash+1","Body Slam"],"picked":"SKIP","floor":19},{"not_picked":["Seeing Red","Wild Strike+1","Iron Wave"],"picked":"SKIP","floor":21},{"not_picked":["Thunderclap","Wild Strike"],"picked":"Body Slam+1","floor":23},{"not_picked":["Warcry+1","Reckless Charge","Immolate"],"picked":"SKIP","floor":25},{"not_picked":["Headbutt","Sword Boomerang"],"picked":"Seeing Red+1","floor":29},{"not_picked":["Shrug It Off+1","Anger","Cleave+1"],"picked":"SKIP","floor":31},{"not_picked":["Dark Embrace","Immolate"],"picked":"Juggernaut","floor":33},{"not_picked":["Entrench+1"],"picked":"SKIP","floor":35},{"not_picked":["Iron Wave"],"picked":"SKIP","floor":37},{"not_picked":[],"picked":"Flex+1","floor":38},{"not_picked":["True Grit+1"],"picked":"SKIP","floor":44},{"not_picked":["Rampage"],"picked":"SKIP","floor":45},{"not_picked":[],"picked":"Battle Trance+1","floor":46},{"not_picked":["Thunderclap"],"picked":"SKIP","floor":48}],"player_experience":626221,"relics_obtained":[{"floor":9,"key":"Anchor"},{"floor":12,"key":"Nunchaku"},{"floor":23,"key":"Lantern"},{"floor":25,"key":"Toxic Egg 2"},{"floor":26,"key":"Bag of Marbles"},{"floor":43,"key":"Red Skull"}],"event_choices":[{"cards_removed":["Strike_R"],"damage_healed":0,"gold_gain":0,"player_choice":"Forget","damage_taken":0,"max_hp_gain":0,"max_hp_loss":0,"event_name":"Living Wall","floor":10,"gold_loss":0},{"damage_healed":0,"gold_gain":0,"player_choice":"Forge","damage_taken":0,"max_hp_gain":0,"max_hp_loss":0,"event_name":"Accursed Blacksmith","floor":13,"gold_loss":0,"cards_upgraded":["Headbutt"]},{"damage_healed":0,"gold_gain":0,"player_choice":"Paid Fearfully","damage_taken":0,"max_hp_gain":0,"max_hp_loss":0,"event_name":"Masked Bandits","floor":30,"gold_loss":28},{"damage_healed":0,"gold_gain":0,"player_choice":"Paid","damage_taken":0,"relics_obtained":["Red Mask"],"max_hp_gain":0,"max_hp_loss":0,"event_name":"Tomb of Lord Red Mask","floor":39,"gold_loss":135},{"damage_healed":0,"gold_gain":0,"player_choice":"1 cards matched","damage_taken":0,"max_hp_gain":0,"max_hp_loss":0,"event_name":"Match and Keep!","floor":41,"gold_loss":0,"cards_obtained":["Limit Break"]}],"is_beta":false,"boss_relics":[{"not_picked":["Black Star","Coffee Dripper"],"picked":"Velvet Choker"},{"not_picked":["Eternal Feather","Fusion Hammer"],"picked":"Busted Crown"}],"items_purged_floors":[3,20,27],"is_endless":false,"potions_floor_spawned":[8,12,14,16,18,21,29,31,44,45],"ascension_level":8}