{"gold_per_floor":[119,135,153,172,192,192,221,221,289,308,328,349,379,379,379,507,507,523,448,461,241,260,260,298,298,298,298],"floor_reached":27,"playtime":2840,"items_purged":["Strike_R"],"score":245,"play_id":"b9eae730-6794-4d9f-a7d9-d896b1028090","local_time":"20190209210413","is_ascension_mode":false,"campfire_choices":[{"data":"Bash","floor":6,"key":"SMITH"},{"data":"Armaments","floor":8,"key":"SMITH"},{"floor":15,"key":"DIG"},{"floor":23,"key":"DIG"},{"floor":25,"key":"REST"}],"neow_cost":"TEN_PERCENT_HP_LOSS","seed_source_timestamp":512038796390069,"circlet_count":0,"master_deck":["Strike_R","Strike_R","Strike_R","Strike_R","Defend_R","Defend_R","Defend_R","Defend_R","Bash+1","Armaments+1","Warcry","Iron Wave","Armaments","Shrug It Off","Rampage","Flex","Battle Trance","Evolve"],"relics":["Black Blood","Gambling Chip","Singing Bowl","Darkstone Periapt","Odd Mushroom","Shovel","Golden Idol","Ancient Tea Set","Pen Nib","PreservedInsect","Self Forming Clay","Ginger"],"potions_floor_usage":[11,13,16,24],"damage_taken":[{"damage":3,"enemies":"Jaw Worm","floor":1,"turns":4},{"damage":5,"enemies":"Small Slimes","floor":2,"turns":5},{"damage":1,"enemies":"Cultist","floor":3,"turns":4},{"damage":13,"enemies":"Exordium Thugs","floor":4,"turns":6},{"damage":4,"enemies":"Gremlin Gang","floor":5,"turns":10},{"damage":11,"enemies":"3 Sentries","floor":7,"turns":13},{"damage":2,"enemies":"Blue Slaver","floor":10,"turns":5},{"damage":0,"enemies":"Lots of Slimes","floor":11,"turns":1},{"damage":7,"enemies":"The Mushroom Lair","floor":12,"turns":6},{"damage":4,"enemies":"Lagavulin","floor":13,"turns":11},{"damage":49,"enemies":"Hexaghost","floor":16,"turns":9},{"damage":19,"enemies":"Chosen","floor":18,"turns":7},{"damage":1,"enemies":"Shell Parasite","floor":20,"turns":7},{"damage":6,"enemies":"Cultist and Chosen","floor":22,"turns":8},{"damage":68,"enemies":"Slavers","floor":24,"turns":7},{"damage":58,"enemies":"Gremlin Leader","floor":27,"turns":6}],"seed_played":"-6776273000248616895","potions_obtained":[{"floor":4,"key":"Block Potion"},{"floor":5,"key":"Strength Potion"},{"floor":7,"key":"AttackPotion"},{"floor":22,"key":"Strength Potion"}],"is_trial":false,"path_per_floor":["M","M","M","M","M","R","E","R","T","M","M","?","E","?","R","B",null,"M","?","M","$","M","R","E","R","T","E"],"character_chosen":"IRONCLAD","items_purchased":["Pen Nib"],"campfire_rested":1,"item_purchase_floors":[21],"current_hp_per_floor":[72,72,72,65,67,67,62,62,62,66,74,73,74,80,80,39,82,75,75,84,84,86,86,30,56,56,0],"gold":298,"neow_bonus":"ONE_RARE_RELIC","is_prod":false,"is_daily":false,"chose_seed":false,"campfire_upgraded":2,"win_rate":0,"timestamp":1549767853,"path_taken":["M","M","M","M","M","R","E","R","T","M","M","?","E","?","R","BOSS","M","?","M","$","M","R","E","R","T","E"],"build_version":"2019-01-23","purchased_purges":1,"victory":false,"max_hp_per_floor":[72,72,72,72,72,72,72,72,72,72,74,74,74,80,80,82,82,84,84,84,84,86,86,88,88,88,88],"card_choices":[{"not_picked":["Sword Boomerang","Battle Trance"],"picked":"Armaments","floor":1},{"not_picked":["Clash","Clothesline"],"picked":"Warcry","floor":2},{"not_picked":["Havoc","Warcry"],"picked":"Iron Wave","floor":3},{"not_picked":["Sword Boomerang","Rage"],"picked":"Armaments","floor":4},{"not_picked":["Second Wind","Shockwave","Twin Strike"],"picked":"SKIP","floor":5},{"not_picked":["Whirlwind","Double Tap"],"picked":"Shrug It Off","floor":7},{"not_picked":["Twin Strike","Clash"],"picked":"Rampage","floor":10},{"not_picked":["Dual Wield","Uppercut","Iron Wave"],"picked":"Singing Bowl","floor":11},{"not_picked":["Anger","Armaments"],"picked":"Flex","floor":12},{"not_picked":["True Grit","Flex"],"picked":"Battle Trance","floor":13},{"not_picked":["Berserk","Immolate","Brutality"],"picked":"Singing Bowl","floor":16},{"not_picked":["Clothesline+1","Clash","Armaments+1"],"picked":"Singing Bowl","floor":18},{"not_picked":["Heavy Blade","Iron Wave"],"picked":"Evolve","floor":20},{"not_picked":["Reckless Charge+1","Hemokinesis","Flex"],"picked":"Singing Bowl","floor":22},{"not_picked":["Clash+1","Immolate","Battle Trance"],"picked":"Singing Bowl","floor":24}],"player_experience":143731,"relics_obtained":[{"floor":7,"key":"Singing Bowl"},{"floor":9,"key":"Darkstone Periapt"},{"floor":12,"key":"Odd Mushroom"},{"floor":13,"key":"Shovel"},{"floor":15,"key":"Ancient Tea Set"},{"floor":23,"key":"PreservedInsect"},{"floor":24,"key":"Self Forming Clay"},{"floor":26,"key":"Ginger"}],"event_choices":[{"damage_healed":0,"gold_gain":0,"player_choice":"Fought Mushrooms","damage_taken":0,"max_hp_gain":0,"max_hp_loss":0,"event_name":"Mushrooms","floor":12,"gold_loss":0},{"damage_healed":0,"gold_gain":0,"player_choice":"Take Wound","damage_taken":0,"relics_obtained":["Golden Idol"],"max_hp_gain":0,"max_hp_loss":0,"event_name":"Golden Idol","floor":14,"gold_loss":0,"cards_obtained":["Injury"]},{"cards_removed":["Injury"],"damage_healed":0,"gold_gain":0,"player_choice":"Gave Gold","damage_taken":0,"max_hp_gain":0,"max_hp_loss":0,"event_name":"Beggar","floor":19,"gold_loss":75}],"is_beta":false,"boss_relics":[{"not_picked":["Eternal Feather","Snecko Eye"],"picked":"Black Blood"}],"items_purged_floors":[21],"is_endless":false,"potions_floor_spawned":[4,5,7,22],"killed_by":"Gremlin Leader","ascension_level":0}