{"gold_per_floor":[112,112,123,73,73,104,279,279,279,296,296,306,80,100,100,201,201,220,120,120,120,95,95,113,113,113,132,145,161,161,171,171,171],"floor_reached":33,"playtime":1057,"items_purged":["Doubt","Strike_R"],"score":322,"play_id":"83a09488-5ca2-4fc8-83b1-c8629c6ba50c","local_time":"20190313225851","is_ascension_mode":false,"campfire_choices":[{"data":"Bash","floor":8,"key":"SMITH"},{"data":"Carnage","floor":11,"key":"SMITH"},{"data":"Inflame","floor":15,"key":"SMITH"},{"data":"RitualDagger","floor":23,"key":"SMITH"},{"data":"Whirlwind","floor":25,"key":"SMITH"},{"floor":30,"key":"REST"},{"data":"Rage","floor":32,"key":"SMITH"}],"neow_cost":"NONE","seed_source_timestamp":1584596026929028,"circlet_count":0,"master_deck":["Strike_R+1","Defend_R","Defend_R+1","Defend_R","Bash+1","Carnage+1","Headbutt","Uppercut","Whirlwind+1","Inflame+1","Flex","Feed","Body Slam+1","RitualDagger+1","Iron Wave","Shrug It Off","Sword Boomerang","Twin Strike+1","Rage+1"],"relics":["Burning Blood","NeowsBlessing","Pantograph","Empty Cage","Bronze Scales"],"potions_floor_usage":[16,24,27,29,33],"damage_taken":[{"damage":0,"enemies":"2 Louse","floor":1,"turns":1},{"damage":0,"enemies":"Jaw Worm","floor":3,"turns":1},{"damage":0,"enemies":"3 Sentries","floor":6,"turns":2},{"damage":0,"enemies":"Cultist","floor":10,"turns":2},{"damage":8,"enemies":"Lots of Slimes","floor":12,"turns":5},{"damage":16,"enemies":"Exordium Wildlife","floor":14,"turns":4},{"damage":0,"enemies":"Slime Boss","floor":16,"turns":5},{"damage":4,"enemies":"3 Byrds","floor":18,"turns":4},{"damage":23,"enemies":"2 Thieves","floor":24,"turns":5},{"damage":23,"enemies":"3 Cultists","floor":27,"turns":6},{"damage":37,"enemies":"Centurion and Healer","floor":28,"turns":6},{"damage":7,"enemies":"Snecko","floor":29,"turns":3},{"damage":19,"enemies":"Snake Plant","floor":31,"turns":4},{"damage":46,"enemies":"Champ","floor":33,"turns":11}],"seed_played":"5079769315761240428","potions_obtained":[{"floor":1,"key":"PowerPotion"},{"floor":12,"key":"Energy Potion"},{"floor":14,"key":"PowerPotion"},{"floor":16,"key":"Poison Potion"},{"floor":24,"key":"Ancient Potion"},{"floor":28,"key":"GamblersBrew"}],"is_trial":false,"path_per_floor":["M","?","M","?","?","E","?","R","T","M","R","M","$","M","R","B",null,"M","$","?","?","$","R","M","R","T","M","M","M","R","M","R","B"],"character_chosen":"IRONCLAD","items_purchased":["Whirlwind","Inflame","Shrug It Off"],"campfire_rested":1,"item_purchase_floors":[13,13,22],"current_hp_per_floor":[80,64,70,70,63,69,69,69,69,75,75,73,73,63,63,80,80,83,83,77,77,77,77,60,60,60,43,12,11,35,22,22,1],"gold":171,"neow_bonus":"THREE_ENEMY_KILL","is_prod":false,"is_daily":false,"chose_seed":false,"campfire_upgraded":6,"win_rate":0,"timestamp":1552489131,"path_taken":["M","?","M","?","?","E","?","R","T","M","R","M","$","M","R","BOSS","M","$","?","?","?","R","M","R","T","M","M","M","R","M","R","BOSS"],"build_version":"2019-01-23","purchased_purges":2,"victory":false,"max_hp_per_floor":[80,80,80,80,80,80,80,80,80,80,80,80,80,80,80,80,80,83,83,83,83,83,83,83,83,83,83,83,83,83,83,83,83],"card_choices":[{"not_picked":["Reckless Charge","Body Slam","Clash"],"picked":"SKIP","floor":1},{"not_picked":["Burning Pact","Body Slam","Havoc"],"picked":"SKIP","floor":3},{"not_picked":["Disarm","Clash"],"picked":"Carnage","floor":6},{"not_picked":["Havoc","Perfected Strike"],"picked":"Headbutt","floor":10},{"not_picked":["Rupture","Cleave"],"picked":"Uppercut","floor":12},{"not_picked":["Headbutt","Exhume"],"picked":"Flex","floor":14},{"not_picked":["Berserk","Immolate"],"picked":"Feed","floor":16},{"not_picked":["Disarm","Flex+1"],"picked":"Body Slam+1","floor":18},{"not_picked":["Headbutt","Pummel"],"picked":"Sword Boomerang","floor":24},{"not_picked":["Metallicize","Flex"],"picked":"Twin Strike+1","floor":27},{"not_picked":["Body Slam","Clothesline","Twin Strike"],"picked":"SKIP","floor":28},{"not_picked":["Combust","Cleave","Immolate"],"picked":"SKIP","floor":29},{"not_picked":["Shrug It Off","Whirlwind"],"picked":"Rage","floor":31}],"player_experience":830852,"relics_obtained":[{"floor":6,"key":"Pantograph"},{"floor":26,"key":"Bronze Scales"}],"event_choices":[{"damage_healed":0,"gold_gain":0,"player_choice":"Entered Light","damage_taken":16,"max_hp_gain":0,"max_hp_loss":0,"event_name":"Shining Light","floor":2,"gold_loss":0,"cards_upgraded":["Strike_R","Defend_R"]},{"cards_removed":["Strike_R"],"damage_healed":0,"gold_gain":0,"player_choice":"Card Removal","damage_taken":0,"max_hp_gain":0,"max_hp_loss":0,"event_name":"The Cleric","floor":4,"gold_loss":50},{"cards_removed":["Defend_R"],"damage_healed":0,"gold_gain":0,"player_choice":"Card Removal","damage_taken":7,"max_hp_gain":0,"max_hp_loss":0,"event_name":"Golden Wing","floor":5,"gold_loss":0},{"damage_healed":0,"gold_gain":175,"player_choice":"AGREE","damage_taken":0,"max_hp_gain":0,"max_hp_loss":0,"event_name":"Liars Game","floor":7,"gold_loss":0,"cards_obtained":["Doubt"]},{"damage_healed":0,"gold_gain":0,"player_choice":"Joined the Cult","damage_taken":6,"max_hp_gain":0,"max_hp_loss":0,"event_name":"Nest","floor":20,"gold_loss":0,"cards_obtained":["RitualDagger"]},{"damage_healed":0,"gold_gain":0,"player_choice":"Read","damage_taken":0,"max_hp_gain":0,"max_hp_loss":0,"event_name":"The Library","floor":21,"gold_loss":0,"cards_obtained":["Iron Wave"]}],"is_beta":false,"boss_relics":[{"not_picked":["Snecko Eye","Runic Cube"],"picked":"Empty Cage"}],"items_purged_floors":[13,19],"is_endless":false,"potions_floor_spawned":[1,12,14,16,24,28],"killed_by":"Champ","ascension_level":0}