{"gold_per_floor":[109,122,134,150,168,168,168,195,195,207,207],"floor_reached":11,"playtime":486,"items_purged":[],"score":77,"play_id":"b5282ff9-65ec-47eb-b294-3579a5f95059","local_time":"20190318220431","is_ascension_mode":false,"campfire_choices":[{"data":"Zap","floor":6,"key":"SMITH"}],"neow_cost":"TEN_PERCENT_HP_LOSS","seed_source_timestamp":2013876812911915,"circlet_count":0,"master_deck":["Strike_B","Strike_B","Strike_B","Strike_B","Defend_B","Defend_B","Defend_B","Defend_B","Zap+1","Dualcast","Steam","Genetic Algorithm","Recycle","Static Discharge","Defragment","Coolheaded","Barrage"],"relics":["Cracked Core","Unceasing Top","Pantograph","Centennial Puzzle"],"potions_floor_usage":[5,8,10],"damage_taken":[{"damage":0,"enemies":"Small Slimes","floor":1,"turns":2},{"damage":0,"enemies":"Jaw Worm","floor":2,"turns":3},{"damage":9,"enemies":"Cultist","floor":3,"turns":4},{"damage":7,"enemies":"Large Slime","floor":4,"turns":6},{"damage":20,"enemies":"Gremlin Gang","floor":5,"turns":4},{"damage":26,"enemies":"Gremlin Nob","floor":8,"turns":5},{"damage":5,"enemies":"2 Fungi Beasts","floor":10,"turns":3},{"damage":2,"enemies":"Blue Slaver","floor":11,"turns":2}],"seed_played":"3881372054867539010","potions_obtained":[{"floor":2,"key":"PowerPotion"},{"floor":5,"key":"Weak Potion"},{"floor":8,"key":"AttackPotion"}],"is_trial":false,"path_per_floor":["M","M","M","M","M","R","?","E","T","M","M"],"character_chosen":"DEFECT","items_purchased":[],"campfire_rested":0,"item_purchase_floors":[],"current_hp_per_floor":[68,68,59,52,32,32,32,6,6,1,0],"gold":207,"neow_bonus":"ONE_RARE_RELIC","is_prod":false,"is_daily":false,"chose_seed":false,"campfire_upgraded":1,"win_rate":0,"timestamp":1552917871,"path_taken":["M","M","M","M","M","R","?","E","T","M","M"],"build_version":"2019-01-23","purchased_purges":0,"victory":false,"max_hp_per_floor":[68,68,68,68,68,68,68,68,68,68,68],"card_choices":[{"not_picked":["Turbo","Rebound"],"picked":"Steam","floor":1},{"not_picked":["FTL","Storm"],"picked":"Genetic Algorithm","floor":2},{"not_picked":["Force Field","Turbo"],"picked":"Recycle","floor":3},{"not_picked":["Stack","Rebound"],"picked":"Static Discharge","floor":4},{"not_picked":["Stack","Rebound"],"picked":"Defragment","floor":5},{"not_picked":["Rebound","Double Energy"],"picked":"Coolheaded","floor":8},{"not_picked":["Double Energy","Cold Snap"],"picked":"Barrage","floor":10}],"player_experience":874562,"relics_obtained":[{"floor":8,"key":"Pantograph"},{"floor":9,"key":"Centennial Puzzle"}],"event_choices":[{"damage_healed":0,"gold_gain":0,"player_choice":"Searched \u00270\u0027 times","damage_taken":0,"max_hp_gain":0,"max_hp_loss":0,"event_name":"Dead Adventurer","floor":7,"gold_loss":0}],"is_beta":false,"boss_relics":[],"items_purged_floors":[],"is_endless":false,"potions_floor_spawned":[2,5,8],"killed_by":"Blue Slaver","ascension_level":0}