{"gold_per_floor":[110,110,121,221,241,241,241,257,335,350,10,23,51,67,67,163,163,173,173,184,196,209,235,235,262,262,8,8,21,21,39,39,136,136,154,170,0,0],"floor_reached":38,"playtime":2325,"items_purged":["Defend_B"],"score":538,"play_id":"c2a681de-fd38-4b39-8ea7-807d7497f0a4","local_time":"20190318195615","is_ascension_mode":true,"campfire_choices":[{"data":"Zap","floor":7.0,"key":"SMITH"},{"floor":15.0,"key":"REST"},{"floor":24.0,"key":"REST"},{"floor":28.0,"key":"REST"},{"floor":30.0,"key":"REST"},{"floor":32.0,"key":"REST"}],"neow_cost":"NONE","seed_source_timestamp":515159556098027,"circlet_count":0,"master_deck":["Strike_B","Strike_B","Strike_B","Defend_B","Defend_B","Zap+1","Dualcast","BootSequence","Coolheaded","Electrodynamics","Consume","Defragment","Glacier","Conserve Battery","Consume","Storm+1","Machine Learning","White Noise+1","Force Field+1","Go for the Eyes+1","Redo","Leap","Fusion+1"],"special_seed":0,"relics":["Inserter","Calipers","Mercury Hourglass","DataDisk","StoneCalendar","Empty Cage","Bronze Scales","Art of War","Gremlin Horn","Lantern","Velvet Choker","Red Mask"],"potions_floor_usage":[],"damage_taken":[{"damage":12.0,"enemies":"Small Slimes","floor":1.0,"turns":4.0},{"damage":5.0,"enemies":"Jaw Worm","floor":3.0,"turns":5.0},{"damage":1.0,"enemies":"Cultist","floor":5.0,"turns":4.0},{"damage":0.0,"enemies":"Lagavulin","floor":6.0,"turns":1.0},{"damage":3.0,"enemies":"3 Louse","floor":8.0,"turns":4.0},{"damage":5.0,"enemies":"Gremlin Gang","floor":10.0,"turns":3.0},{"damage":5.0,"enemies":"Looter","floor":12.0,"turns":4.0},{"damage":25.0,"enemies":"Gremlin Nob","floor":13.0,"turns":4.0},{"damage":0.0,"enemies":"Large Slime","floor":14.0,"turns":7.0},{"damage":3.0,"enemies":"Slime Boss","floor":16.0,"turns":7.0},{"damage":2.0,"enemies":"3 Byrds","floor":18.0,"turns":4.0},{"damage":16.0,"enemies":"2 Thieves","floor":20.0,"turns":4.0},{"damage":4.0,"enemies":"Centurion and Healer","floor":21.0,"turns":4.0},{"damage":15.0,"enemies":"Cultist and Chosen","floor":22.0,"turns":6.0},{"damage":19.0,"enemies":"Slavers","floor":23.0,"turns":4.0},{"damage":28.0,"enemies":"Book of Stabbing","floor":25.0,"turns":6.0},{"damage":0.0,"enemies":"Snake Plant","floor":29.0,"turns":3.0},{"damage":13.0,"enemies":"3 Cultists","floor":31.0,"turns":3.0},{"damage":34.0,"enemies":"Collector","floor":33.0,"turns":7.0},{"damage":0.0,"enemies":"Orb Walker","floor":35.0,"turns":4.0},{"damage":22.0,"enemies":"3 Shapes","floor":36.0,"turns":3.0},{"damage":40,"enemies":"3 Darklings","floor":38,"turns":2}],"seed_played":"9102707532841786662","potions_obtained":[{"floor":3.0,"key":"SpeedPotion"},{"floor":5.0,"key":"SmokeBomb"},{"floor":13.0,"key":"Energy Potion"},{"floor":14.0,"key":"Energy Potion"},{"floor":23.0,"key":"Block Potion"},{"floor":29.0,"key":"Strength Potion"},{"floor":31.0,"key":"SmokeBomb"},{"floor":36.0,"key":"Strength Potion"}],"is_trial":false,"path_per_floor":["M","?","M","?","M","E","R","M","T","M","$","M","E","M","R","B",null,"M","?","M","M","M","E","R","E","T","$","R","M","R","M","R","B",null,"M","M","?","M"],"character_chosen":"DEFECT","items_purchased":["DataDisk","Defragment","Glacier","Conserve Battery","Lantern","Leap"],"campfire_rested":5,"item_purchase_floors":[11,11,11,11,27,27],"current_hp_per_floor":[63,60,55,55,54,54,54,51,51,46,46,41,16,16,38,35,65,63,63,47,43,28,9,31,3,3,3,25,25,47,34,56,22,62,62,40,40,0],"gold":0,"neow_bonus":"BOSS_RELIC","is_prod":false,"is_daily":false,"chose_seed":false,"campfire_upgraded":1,"win_rate":0,"timestamp":1552956975,"path_taken":["M","?","M","?","?","E","R","M","T","M","$","M","E","M","R","BOSS","M","?","M","?","M","E","R","E","T","$","R","M","R","M","R","BOSS","M","M","?","M"],"build_version":"2019-01-23","purchased_purges":1,"victory":false,"max_hp_per_floor":[75,75,75,75,75,75,75,75,75,75,75,75,75,75,75,75,75,75,75,75,75,75,75,75,75,75,75,75,75,75,75,75,75,75,75,75,75,75],"card_choices":[{"not_picked":["Hologram","Genetic Algorithm","Double Energy"],"picked":"SKIP","floor":1.0},{"not_picked":["Rip and Tear","Go for the Eyes"],"picked":"BootSequence","floor":3.0},{"not_picked":["Gash","Consume"],"picked":"Coolheaded","floor":5.0},{"not_picked":["Blizzard","Turbo"],"picked":"Electrodynamics","floor":8.0},{"not_picked":["Conserve Battery","Steam"],"picked":"Consume","floor":10.0},{"not_picked":["Rebound","Steam","Stack"],"picked":"SKIP","floor":12.0},{"not_picked":["Static Discharge","FTL"],"picked":"Consume","floor":13.0},{"not_picked":["Tempest","Capacitor"],"picked":"Storm","floor":14.0},{"not_picked":["Electrodynamics","Fission"],"picked":"Machine Learning","floor":16.0},{"not_picked":["Barrage","Skim"],"picked":"White Noise+1","floor":18.0},{"not_picked":["Stack+1","Compile Driver","Beam Cell"],"picked":"SKIP","floor":20.0},{"not_picked":["Streamline","Redo+1"],"picked":"Force Field+1","floor":21.0},{"not_picked":["Sweeping Beam","Ball Lightning"],"picked":"Go for the Eyes+1","floor":22.0},{"not_picked":["Stack","Darkness+1"],"picked":"Redo","floor":23.0},{"not_picked":["Streamline+1","Ball Lightning","Buffer"],"picked":"SKIP","floor":25.0},{"not_picked":["Hologram+1","Turbo","Sweeping Beam"],"picked":"SKIP","floor":29.0},{"not_picked":["Barrage","Stack","Conserve Battery"],"picked":"SKIP","floor":31.0},{"not_picked":["Turbo+1","Sweeping Beam","Darkness"],"picked":"SKIP","floor":35.0},{"not_picked":["Rebound+1","Gash+1"],"picked":"Fusion+1","floor":36.0}],"player_experience":312783,"relics_obtained":[{"floor":9.0,"key":"Mercury Hourglass"},{"floor":13.0,"key":"StoneCalendar"},{"floor":23.0,"key":"Bronze Scales"},{"floor":25.0,"key":"Art of War"},{"floor":26.0,"key":"Gremlin Horn"}],"event_choices":[{"damage_healed":0.0,"max_hp_gain":0.0,"max_hp_loss":0.0,"gold_gain":0.0,"event_name":"Scrap Ooze","player_choice":"Success","floor":2.0,"gold_loss":0.0,"damage_taken":3.0,"relics_obtained":["Calipers"]},{"damage_healed":0.0,"max_hp_gain":0.0,"max_hp_loss":0.0,"gold_gain":100.0,"event_name":"Golden Shrine","player_choice":"Pray","floor":4.0,"gold_loss":0.0,"damage_taken":0.0},{"damage_healed":0.0,"max_hp_gain":0.0,"max_hp_loss":0.0,"gold_gain":0.0,"event_name":"Accursed Blacksmith","player_choice":"Forge","floor":19.0,"gold_loss":0.0,"damage_taken":0.0,"cards_upgraded":["Storm"]},{"damage_healed":0.0,"max_hp_gain":0.0,"max_hp_loss":0.0,"gold_gain":0.0,"event_name":"Tomb of Lord Red Mask","player_choice":"Paid","floor":37.0,"gold_loss":170.0,"damage_taken":0.0,"relics_obtained":["Red Mask"]}],"is_beta":false,"boss_relics":[{"not_picked":["Astrolabe","White Beast Statue"],"picked":"Empty Cage"},{"not_picked":["Eternal Feather","Lizard Tail"],"picked":"Velvet Choker"}],"items_purged_floors":[27],"is_endless":false,"potions_floor_spawned":[3,5,6,13,14,23,29,31,36],"killed_by":"3 Darklings","ascension_level":5}