{"gold_per_floor":[116,7,17,30,30,65,65,90,90,110,122,152,152,152,152,253,253,267,85,25,45,8,8,33,43,66,16,16],"floor_reached":28,"playtime":1718,"items_purged":["Defend_G","Regret"],"score":269,"play_id":"4ebbf54c-1a43-4d96-bc9a-76533747bf28","local_time":"20190301005436","is_ascension_mode":true,"campfire_choices":[{"floor":7,"key":"REST"},{"floor":13,"key":"REST"},{"data":"Footwork","floor":15,"key":"SMITH"},{"data":"Noxious Fumes","floor":23,"key":"SMITH"}],"neow_cost":"PERCENT_DAMAGE","seed_source_timestamp":2178295983699,"circlet_count":0,"master_deck":["Defend_G","Defend_G","Defend_G","Defend_G","Strike_G","Strike_G","Survivor","Neutralize","Crippling Poison","Endless Agony","Poisoned Stab","Backflip","Caltrops","Skewer","Catalyst","Footwork+1","Burst","Parasite","Noxious Fumes+1","Parasite","Pain","Dodge and Roll+1","Infinite Blades","Blur+1","Noxious Fumes"],"relics":["Ring of the Snake","Bag of Marbles","Bottled Lightning","Snake Skull","Mummified Hand","Incense Burner","Calling Bell","Orichalcum","Ornamental Fan","The Specimen","Strawberry","Omamori"],"potions_floor_usage":[8,12,24],"damage_taken":[{"damage":10,"enemies":"Cultist","floor":1,"turns":6},{"damage":0,"enemies":"2 Louse","floor":3,"turns":2},{"damage":0,"enemies":"Small Slimes","floor":4,"turns":4},{"damage":7,"enemies":"Lagavulin","floor":6,"turns":8},{"damage":4,"enemies":"3 Sentries","floor":8,"turns":10},{"damage":10,"enemies":"Exordium Thugs","floor":10,"turns":4},{"damage":4,"enemies":"3 Louse","floor":11,"turns":2},{"damage":8,"enemies":"Gremlin Nob","floor":12,"turns":3},{"damage":31,"enemies":"Slime Boss","floor":16,"turns":14},{"damage":8,"enemies":"3 Byrds","floor":18,"turns":3},{"damage":6,"enemies":"Spheric Guardian","floor":21,"turns":5},{"damage":45,"enemies":"Slavers","floor":24,"turns":6},{"damage":2,"enemies":"Chosen and Byrds","floor":25,"turns":6},{"damage":17,"enemies":"Cultist and Chosen","floor":28,"turns":4}],"seed_played":"75986205719779711","potions_obtained":[{"floor":1,"key":"SkillPotion"},{"floor":4,"key":"Ancient Potion"},{"floor":10,"key":"SkillPotion"},{"floor":18,"key":"EssenceOfSteel"}],"is_trial":false,"path_per_floor":["M","$","M","M","?","E","R","E","T","M","M","E","R","?","R","B",null,"M","$","?","M","$","R","E","M","T","?","M"],"character_chosen":"THE_SILENT","items_purchased":["Endless Agony","Noxious Fumes","Infinite Blades"],"campfire_rested":2,"item_purchase_floors":[2,19,22],"current_hp_per_floor":[39,39,39,39,39,32,53,49,49,39,35,27,48,48,48,17,70,62,62,62,56,56,56,18,16,16,16,0],"gold":16,"neow_bonus":"REMOVE_TWO","is_prod":false,"is_daily":false,"chose_seed":false,"campfire_upgraded":2,"win_rate":0,"timestamp":1551398076,"path_taken":["M","$","M","M","?","E","R","E","T","?","M","E","R","?","R","BOSS","M","$","?","M","?","R","E","M","T","?","?"],"build_version":"2019-01-23","purchased_purges":2,"victory":false,"max_hp_per_floor":[70,70,70,70,70,70,70,70,70,70,70,70,70,70,70,70,70,70,70,70,70,70,70,77,77,77,77,77],"card_choices":[{"not_picked":["Eviscerate","Skewer"],"picked":"Crippling Poison","floor":1},{"not_picked":["Prepared","Dodge and Roll"],"picked":"Poisoned Stab","floor":3},{"not_picked":["Cloak And Dagger","Blade Dance"],"picked":"Backflip","floor":4},{"not_picked":["Distraction","Cloak And Dagger"],"picked":"Caltrops","floor":6},{"not_picked":["Deadly Poison","Storm of Steel"],"picked":"Skewer","floor":8},{"not_picked":["Slice","Poisoned Stab"],"picked":"Catalyst","floor":10},{"not_picked":["Concentrate","Setup","Backflip"],"picked":"SKIP","floor":11},{"not_picked":["Endless Agony","Heel Hook"],"picked":"Footwork","floor":12},{"not_picked":["Tools of the Trade","Grand Finale"],"picked":"Burst","floor":16},{"not_picked":["Outmaneuver","Underhanded Strike","Blade Dance"],"picked":"SKIP","floor":18},{"not_picked":["Cloak And Dagger","Underhanded Strike"],"picked":"Dodge and Roll+1","floor":21},{"not_picked":["Deflect","Prepared"],"picked":"Blur+1","floor":24},{"not_picked":["Dagger Throw","Heel Hook"],"picked":"Noxious Fumes","floor":25}],"player_experience":297982,"relics_obtained":[{"floor":6,"key":"Bag of Marbles"},{"floor":8,"key":"Bottled Lightning"},{"floor":9,"key":"Snake Skull"},{"floor":12,"key":"Mummified Hand"},{"floor":17,"key":"Orichalcum"},{"floor":17,"key":"Ornamental Fan"},{"floor":17,"key":"The Specimen"},{"floor":24,"key":"Strawberry"},{"floor":26,"key":"Omamori"}],"event_choices":[{"cards_removed":["Strike_G"],"damage_healed":0,"gold_gain":0,"player_choice":"Purged","damage_taken":0,"max_hp_gain":0,"max_hp_loss":0,"event_name":"Purifier","floor":5,"gold_loss":0},{"damage_healed":0,"gold_gain":0,"player_choice":"Box","damage_taken":0,"relics_obtained":["Incense Burner"],"max_hp_gain":0,"max_hp_loss":0,"event_name":"Big Fish","floor":14,"gold_loss":0,"cards_obtained":["Regret"]},{"damage_healed":0,"gold_gain":0,"cards_transformed":["Regret","Injury"],"player_choice":"Transformed Cards","damage_taken":0,"max_hp_gain":0,"max_hp_loss":0,"event_name":"Designer","floor":20,"gold_loss":60,"cards_obtained":["Parasite","Pain"]},{"damage_healed":0,"gold_gain":0,"player_choice":"Bet on Murderer","damage_taken":0,"max_hp_gain":0,"max_hp_loss":0,"event_name":"The Joust","floor":27,"gold_loss":50}],"is_beta":false,"boss_relics":[{"not_picked":["Orrery","WristBlade"],"picked":"Calling Bell"}],"items_purged_floors":[2,19],"is_endless":false,"potions_floor_spawned":[1,4,10,18],"killed_by":"Cultist and Chosen","ascension_level":1}