{"gold_per_floor":[112,124,137,148,148,180,180,180,180,193,205,280,135,150,150,252,252,265,265,276,294,313,313,61,61,61,78,78,91,108,108,108,108],"floor_reached":33,"playtime":1880,"items_purged":["Strike_B","Strike_B"],"score":253,"play_id":"9d1be486-613d-4d0d-878a-c43af89eb67c","local_time":"20180712205248","is_ascension_mode":false,"campfire_choices":[{"data":"Zap","floor":8,"key":"SMITH"},{"floor":15,"key":"REST"},{"data":"Conserve Battery","floor":23,"key":"SMITH"},{"data":"Echo Form","floor":25,"key":"SMITH"},{"data":"Electrodynamics","floor":32,"key":"SMITH"}],"neow_cost":"NONE","seed_source_timestamp":1206024482467588,"circlet_count":0,"master_deck":["Strike_B","Defend_B","Defend_B","Defend_B","Defend_B","Zap+1","Dualcast","Loop+1","Conserve Battery+1","Hologram","Go for the Eyes","Echo Form+1","Injury","Gash+1","Sweeping Beam+1","Electrodynamics+1","Go for the Eyes+1","Thunder Strike+1","Redo","Ball Lightning+1","Melter+1","Go for the Eyes+1","Gash+1","Rebound+1","Tempest","Gash+1"],"relics":["Cracked Core","Oddly Smooth Stone","Molten Egg 2","Coffee Dripper","Boot","Blue Candle"],"potions_floor_usage":[11,14,20,22,29,33,33],"damage_taken":[{"damage":0,"enemies":"Small Slimes","floor":1,"turns":2},{"damage":0,"enemies":"Cultist","floor":2,"turns":4},{"damage":8,"enemies":"Jaw Worm","floor":3,"turns":4},{"damage":10,"enemies":"3 Louse","floor":4,"turns":3},{"damage":22,"enemies":"Lagavulin","floor":6,"turns":8},{"damage":4,"enemies":"Exordium Wildlife","floor":10,"turns":4},{"damage":5,"enemies":"Lots of Slimes","floor":11,"turns":5},{"damage":2,"enemies":"Red Slaver","floor":14,"turns":4},{"damage":21,"enemies":"The Guardian","floor":16,"turns":11},{"damage":1,"enemies":"Shell Parasite","floor":18,"turns":5},{"damage":0,"enemies":"3 Byrds","floor":20,"turns":3},{"damage":20,"enemies":"Snecko","floor":21,"turns":7},{"damage":21,"enemies":"Slaver and Parasite","floor":22,"turns":5},{"damage":3,"enemies":"3 Cultists","floor":27,"turns":4},{"damage":7,"enemies":"Centurion and Healer","floor":29,"turns":5},{"damage":0,"enemies":"Sentry and Sphere","floor":30,"turns":2},{"damage":34,"enemies":"Collector","floor":33,"turns":5}],"seed_played":"7644446572279014670","potions_obtained":[{"floor":1,"key":"SpeedPotion"},{"floor":2,"key":"SteroidPotion"},{"floor":3,"key":"SkillPotion"},{"floor":11,"key":"Regen Potion"},{"floor":14,"key":"GamblersBrew"},{"floor":21,"key":"Block Potion"},{"floor":27,"key":"Regen Potion"},{"floor":30,"key":"Strength Potion"}],"is_trial":false,"path_per_floor":["M","M","M","M","?","E","?","R","T","M","M","?","$","M","R","B",null,"M","?","M","M","M","R","$","R","T","M","?","M","M","?","R"],"character_chosen":"DEFECT","items_purchased":["Electrodynamics","Boot"],"campfire_rested":1,"item_purchase_floors":[13,24],"current_hp_per_floor":[75,75,67,57,57,35,35,35,35,31,26,15,15,25,47,26,75,74,74,74,54,33,33,33,33,33,30,30,35,35,21,21,0],"gold":108,"neow_bonus":"REMOVE_CARD","is_prod":false,"is_daily":false,"chose_seed":false,"campfire_upgraded":4,"win_rate":0.0,"timestamp":1531399968,"path_taken":["M","M","M","M","?","E","?","R","T","M","M","?","$","M","R","BOSS","M","?","M","?","M","R","$","R","T","M","?","M","M","?","R","BOSS"],"build_version":"2018-07-05","purchased_purges":2,"victory":false,"max_hp_per_floor":[75,75,75,75,75,75,75,75,75,75,75,75,75,75,75,75,75,75,75,75,75,75,75,75,75,75,75,75,75,75,80,80,80],"card_choices":[{"not_picked":["Ball Lightning","Steam Power"],"picked":"Loop","floor":1},{"not_picked":["Compile Driver","Steam"],"picked":"Conserve Battery","floor":2},{"not_picked":["Stack","Coolheaded"],"picked":"Hologram","floor":3},{"not_picked":["Steam","BootSequence"],"picked":"Go for the Eyes","floor":4},{"not_picked":["Compile Driver","Coolheaded"],"picked":"Echo Form","floor":6},{"not_picked":["BootSequence","Storm"],"picked":"Gash+1","floor":10},{"not_picked":["Steam","Hologram"],"picked":"Sweeping Beam+1","floor":11},{"not_picked":["Sweeping Beam+1","Rebound+1"],"picked":"Go for the Eyes+1","floor":14},{"not_picked":["Creative AI","Electrodynamics"],"picked":"Thunder Strike+1","floor":16},{"not_picked":["Compile Driver+1","BootSequence"],"picked":"Redo","floor":18},{"not_picked":["Stack","Sweeping Beam+1"],"picked":"Melter+1","floor":20},{"not_picked":["Redo","Rebound+1"],"picked":"Go for the Eyes+1","floor":21},{"not_picked":["Rebound+1","Conserve Battery+1"],"picked":"Gash+1","floor":22},{"not_picked":["Go for the Eyes+1","Beam Cell+1"],"picked":"Rebound+1","floor":27},{"not_picked":["Storm","Streamline+1"],"picked":"Tempest","floor":29},{"not_picked":["Conserve Battery","Steam Power"],"picked":"Gash+1","floor":30}],"player_experience":670128,"relics_obtained":[{"floor":6,"key":"Oddly Smooth Stone"},{"floor":9,"key":"Molten Egg 2"},{"floor":26,"key":"Blue Candle"}],"event_choices":[{"event_name":"Liars Game","player_choice":"disagreed","floor":5,"damage_taken":0},{"event_name":"Accursed Blacksmith","player_choice":"Forge","floor":7,"damage_taken":0},{"event_name":"World of Goop","player_choice":"Gather Gold","floor":12,"damage_taken":0},{"event_name":"The Library","player_choice":"Read","floor":19,"damage_taken":0},{"event_name":"Drug Dealer","player_choice":"Ignored","floor":28,"damage_taken":0},{"event_name":"Forgotten Altar","player_choice":"Shed Blood","floor":31,"damage_taken":0}],"boss_relics":[{"not_picked":["Snecko Eye","Pandora\u0027s Box"],"picked":"Coffee Dripper"}],"items_purged_floors":[13,24],"is_endless":false,"potions_floor_spawned":[1,2,3,11,14,21,27,30],"killed_by":"Collector","ascension_level":0}