{"gold_per_floor":[115,132,132,132,142,142,174,174,201,212,58,58,58,88,88,185,185,197,147,23,37,54,54,69,69,69,89,105,105,119,139,139,237,237,257,272,272,102,102,102],"floor_reached":40,"playtime":6248,"items_purged":["Normality","Shame"],"score":418,"play_id":"aa01bf22-f7cf-4de4-b49b-99bc4d84e2eb","local_time":"20190224153027","is_ascension_mode":true,"campfire_choices":[{"data":"Neutralize","floor":6.0,"key":"SMITH"},{"data":"Noxious Fumes","floor":8.0,"key":"SMITH"},{"floor":12.0,"key":"REST"},{"floor":15.0,"key":"REST"},{"floor":23,"key":"REST"},{"data":"Malaise","floor":25,"key":"SMITH"},{"floor":29,"key":"REST"},{"floor":32,"key":"REST"}],"neow_cost":"NONE","seed_source_timestamp":0,"circlet_count":0,"master_deck":["Defend_G","Defend_G","Defend_G","Defend_G","Defend_G","Strike_G","Strike_G","Strike_G","Survivor","Neutralize+1","Forethought","Poisoned Stab","Well Laid Plans","Noxious Fumes+1","Dodge and Roll","Caltrops","Malaise+1","Parasite","Leg Sweep","Backflip","Dagger Spray","Expertise","Infinite Blades+1","Footwork+1","A Thousand Cuts+1","Riddle With Holes+1","Calculated Gamble+1","Noxious Fumes+1","Magnetism+1"],"special_seed":0,"relics":["Ring of the Snake","Bag of Marbles","Potion Belt","Snake Skull","Shuriken","PreservedInsect","Calling Bell","Tough Bandages","Frozen Egg 2","Boot","Paper Crane","Fusion Hammer"],"potions_floor_usage":[28,30,31,33,33,35],"damage_taken":[{"damage":0.0,"enemies":"Cultist","floor":1.0,"turns":5.0},{"damage":0.0,"enemies":"2 Louse","floor":2.0,"turns":5.0},{"damage":4.0,"enemies":"Small Slimes","floor":5.0,"turns":5.0},{"damage":25.0,"enemies":"3 Sentries","floor":7.0,"turns":10.0},{"damage":0.0,"enemies":"Red Slaver","floor":10.0,"turns":4.0},{"damage":4.0,"enemies":"Lagavulin","floor":14.0,"turns":7.0},{"damage":19.0,"enemies":"Hexaghost","floor":16.0,"turns":9.0},{"damage":25.0,"enemies":"3 Byrds","floor":18.0,"turns":5.0},{"damage":1.0,"enemies":"Chosen","floor":21.0,"turns":7.0},{"damage":23,"enemies":"Shelled Parasite and Fungi","floor":22,"turns":9},{"damage":12,"enemies":"Snake Plant","floor":24,"turns":5},{"damage":14,"enemies":"Centurion and Healer","floor":27,"turns":9},{"damage":11,"enemies":"Cultist and Chosen","floor":28,"turns":7},{"damage":19,"enemies":"Shelled Parasite and Fungi","floor":30,"turns":6},{"damage":0,"enemies":"Centurion and Healer","floor":31,"turns":7},{"damage":26,"enemies":"Collector","floor":33,"turns":11},{"damage":21,"enemies":"3 Darklings","floor":35,"turns":5},{"damage":36,"enemies":"3 Shapes","floor":36,"turns":7},{"damage":26,"enemies":"Reptomancer","floor":40,"turns":2}],"seed_played":"-6775437433893369795","potions_obtained":[{"floor":10.0,"key":"AttackPotion"},{"floor":22,"key":"FairyPotion"},{"floor":24,"key":"GhostInAJar"},{"floor":28,"key":"EntropicBrew"},{"floor":31,"key":"SteroidPotion"},{"floor":33,"key":"PowerPotion"},{"floor":36,"key":"Fire Potion"}],"is_trial":false,"path_per_floor":["M","M","?","?","M","R","E","R","T","M","$","R","?","E","R","B",null,"M","?","$","M","M","R","M","R","T","M","M","R","M","M","R","B",null,"M","M","?","$","?","E"],"character_chosen":"THE_SILENT","items_purchased":["Snake Skull","Backflip","Noxious Fumes+1"],"campfire_rested":5,"item_purchase_floors":[11,20,38],"current_hp_per_floor":[70,70,63,63,59,59,34,34,34,34,34,55,52,48,69,50,70,45,45,45,44,21,42,30,30,30,16,5,26,7,7,28,2,70,49,13,13,13,13,0],"gold":102,"neow_bonus":"RANDOM_COLORLESS","is_prod":false,"is_daily":false,"chose_seed":false,"campfire_upgraded":3,"win_rate":0,"timestamp":1551018627,"path_taken":["M","M","?","?","M","R","E","R","T","M","$","R","?","E","R","BOSS","M","?","$","M","?","R","M","R","T","M","M","R","M","?","R","BOSS","M","M","?","$","?","E"],"build_version":"2019-01-23","purchased_purges":2,"victory":false,"max_hp_per_floor":[70,70,70,70,70,70,70,70,70,70,70,70,70,70,70,70,70,70,70,70,70,70,70,70,70,70,70,70,70,70,70,70,70,70,70,70,70,70,70,70],"card_choices":[{"not_picked":["Acrobatics","Setup"],"picked":"Poisoned Stab","floor":1.0},{"not_picked":["Outmaneuver","Bane"],"picked":"Well Laid Plans","floor":2.0},{"not_picked":["Dagger Throw","Accuracy"],"picked":"Dodge and Roll","floor":5.0},{"not_picked":["PiercingWail","Blade Dance","Underhanded Strike"],"picked":"SKIP","floor":7.0},{"not_picked":["Escape Plan","Prepared","PiercingWail"],"picked":"SKIP","floor":10.0},{"not_picked":["Tools of the Trade","Deadly Poison"],"picked":"Caltrops","floor":14.0},{"not_picked":["Adrenaline","Burst"],"picked":"Malaise","floor":16.0},{"not_picked":["Poisoned Stab+1","Blade Dance"],"picked":"Leg Sweep","floor":18.0},{"not_picked":["Poisoned Stab","Acrobatics"],"picked":"Dagger Spray","floor":21.0},{"not_picked":["Dagger Spray","Bane","Concentrate"],"picked":"SKIP","floor":22},{"not_picked":["Cloak And Dagger","Deadly Poison"],"picked":"Expertise","floor":24},{"not_picked":["Blur","Dagger Throw"],"picked":"Infinite Blades+1","floor":27},{"not_picked":["Tactician","Acrobatics","Cloak And Dagger"],"picked":"SKIP","floor":28},{"not_picked":["Acrobatics","Endless Agony","Blade Dance"],"picked":"SKIP","floor":30},{"not_picked":["PiercingWail","Escape Plan"],"picked":"Footwork+1","floor":31},{"not_picked":["Malaise","Storm of Steel"],"picked":"A Thousand Cuts+1","floor":33},{"not_picked":["Blade Dance+1","Deflect"],"picked":"Riddle With Holes+1","floor":35},{"not_picked":["Slice+1","Setup"],"picked":"Calculated Gamble+1","floor":36},{"not_picked":["Purity","Dark Shackles"],"picked":"Magnetism+1","floor":39}],"player_experience":256975,"relics_obtained":[{"floor":7.0,"key":"Bag of Marbles"},{"floor":9.0,"key":"Potion Belt"},{"floor":14.0,"key":"PreservedInsect"},{"floor":17.0,"key":"Tough Bandages"},{"floor":17.0,"key":"Frozen Egg 2"},{"floor":17.0,"key":"Boot"},{"floor":26,"key":"Paper Crane"}],"event_choices":[{"cards_removed":["Strike_G"],"damage_healed":0.0,"max_hp_gain":0.0,"max_hp_loss":0.0,"gold_gain":0.0,"event_name":"Golden Wing","player_choice":"Card Removal","floor":3.0,"gold_loss":0.0,"damage_taken":7.0},{"damage_healed":0.0,"max_hp_gain":0.0,"max_hp_loss":0.0,"gold_gain":0.0,"cards_transformed":["Strike_G"],"event_name":"Living Wall","player_choice":"Change","floor":4.0,"gold_loss":0.0,"damage_taken":0.0,"cards_obtained":["Noxious Fumes"]},{"damage_healed":0.0,"max_hp_gain":0.0,"max_hp_loss":0.0,"gold_gain":0.0,"event_name":"Scrap Ooze","player_choice":"Success","floor":13.0,"gold_loss":0.0,"damage_taken":3.0,"relics_obtained":["Shuriken"]},{"damage_healed":0.0,"max_hp_gain":0.0,"max_hp_loss":0.0,"gold_gain":0.0,"event_name":"The Joust","player_choice":"Bet on Murderer","floor":19.0,"gold_loss":50.0,"damage_taken":0.0},{"damage_healed":0,"gold_gain":0,"player_choice":"Ignored","damage_taken":0,"max_hp_gain":0,"max_hp_loss":0,"event_name":"Tomb of Lord Red Mask","floor":37,"gold_loss":0},{"damage_healed":0,"gold_gain":0,"player_choice":"Memory 1","damage_taken":0,"max_hp_gain":0,"max_hp_loss":0,"event_name":"SensoryStone","floor":39,"gold_loss":0}],"is_beta":false,"boss_relics":[{"not_picked":["Orrery","Sozu"],"picked":"Calling Bell"},{"not_picked":["Ring of the Serpent","Philosopher\u0027s Stone"],"picked":"Fusion Hammer"}],"items_purged_floors":[20,38],"is_endless":false,"potions_floor_spawned":[10,22,24,28,31,33,36],"killed_by":"Reptomancer","ascension_level":1}