{"gold_per_floor":[114,125,145,161,173,201,54,54,54,54,19,19,19,37,37,135,135,151,1,21,21,38,38],"floor_reached":23,"playtime":3732,"items_purged":["Strike_G"],"score":218,"play_id":"e12469b3-6a29-4ce5-a25b-31e83af19995","local_time":"20190328215053","is_ascension_mode":false,"campfire_choices":[{"floor":8,"key":"REST"},{"data":"Footwork","floor":13,"key":"SMITH"},{"floor":15,"key":"REST"}],"neow_cost":"NONE","seed_source_timestamp":26294138585500,"circlet_count":0,"master_deck":["Survivor","Neutralize","Impatience","Dodge and Roll+1","Footwork+1","Terror+1","Leg Sweep","Noxious Fumes","Corpse Explosion","Corpse Explosion","Adrenaline","Endless Agony","Reflex","Catalyst","Malaise","Die Die Die","Blade Dance","Skewer+1","Blur"],"relics":["Ring of the Snake","Kunai","Pantograph","Pandora\u0027s Box","Oddly Smooth Stone"],"potions_floor_usage":[5,6,23,23],"damage_taken":[{"damage":0,"enemies":"Small Slimes","floor":1,"turns":4},{"damage":0,"enemies":"Cultist","floor":2,"turns":4},{"damage":5,"enemies":"Jaw Worm","floor":3,"turns":6},{"damage":42,"enemies":"Exordium Thugs","floor":4,"turns":11},{"damage":0,"enemies":"2 Fungi Beasts","floor":5,"turns":6},{"damage":1,"enemies":"3 Sentries","floor":6,"turns":20},{"damage":0,"enemies":"Large Slime","floor":14,"turns":10},{"damage":11,"enemies":"Hexaghost","floor":16,"turns":16},{"damage":8,"enemies":"Shell Parasite","floor":18,"turns":5},{"damage":0,"enemies":"3 Byrds","floor":20,"turns":2},{"damage":13,"enemies":"Centurion and Healer","floor":22,"turns":4},{"damage":56,"enemies":"Gremlin Leader","floor":23,"turns":5}],"seed_played":"-4449473322816685352","potions_obtained":[{"floor":4,"key":"EssenceOfSteel"},{"floor":5,"key":"EssenceOfSteel"},{"floor":14,"key":"FearPotion"},{"floor":18,"key":"Weak Potion"},{"floor":22,"key":"Fruit Juice"}],"is_trial":false,"path_per_floor":["M","M","M","M","M","E","$","R","T","?","?","?","R","M","R","B",null,"M","$","M","$","M","E"],"character_chosen":"THE_SILENT","items_purchased":["Noxious Fumes","Oddly Smooth Stone"],"campfire_rested":2,"item_purchase_floors":[7,19],"current_hp_per_floor":[70,70,65,23,23,22,22,43,43,29,46,46,46,46,67,59,70,62,62,62,62,49,0],"gold":38,"neow_bonus":"RANDOM_COLORLESS","is_prod":false,"is_daily":false,"chose_seed":false,"campfire_upgraded":1,"win_rate":0,"timestamp":1553806253,"path_taken":["M","M","M","M","M","E","$","R","T","?","?","?","R","M","R","BOSS","M","$","M","$","M","E"],"build_version":"2019-01-23","purchased_purges":1,"victory":false,"max_hp_per_floor":[70,70,70,70,70,70,70,70,70,70,70,70,70,70,70,70,70,70,70,70,70,70,75],"card_choices":[{"not_picked":["Underhanded Strike","Dagger Throw"],"picked":"Dodge and Roll","floor":1},{"not_picked":["PiercingWail","Quick Slash"],"picked":"Footwork","floor":2},{"not_picked":["Calculated Gamble","Bane","Flechettes"],"picked":"SKIP","floor":3},{"not_picked":["Riddle With Holes","Flying Knee"],"picked":"Terror","floor":4},{"not_picked":["Setup","Flying Knee"],"picked":"Leg Sweep","floor":5},{"not_picked":["Accuracy","Bane","Leg Sweep"],"picked":"SKIP","floor":6},{"not_picked":["Outmaneuver","Terror","Prepared"],"picked":"SKIP","floor":14},{"not_picked":["Tools of the Trade","Adrenaline"],"picked":"Corpse Explosion","floor":16},{"not_picked":["Quick Slash","Infinite Blades"],"picked":"Skewer+1","floor":18},{"not_picked":["Prepared","Dodge and Roll"],"picked":"Blur","floor":20},{"not_picked":["Bouncing Flask","Bane","Outmaneuver"],"picked":"SKIP","floor":22}],"player_experience":444893,"relics_obtained":[{"floor":6,"key":"Kunai"},{"floor":9,"key":"Pantograph"}],"event_choices":[{"damage_healed":0,"gold_gain":0,"player_choice":"Entered Light","damage_taken":14,"max_hp_gain":0,"max_hp_loss":0,"event_name":"Shining Light","floor":10,"gold_loss":0,"cards_upgraded":["Terror","Dodge and Roll"]},{"damage_healed":17,"gold_gain":0,"player_choice":"Healed","damage_taken":0,"max_hp_gain":0,"max_hp_loss":0,"event_name":"The Cleric","floor":11,"gold_loss":35},{"cards_removed":["Strike_G"],"damage_healed":0,"gold_gain":0,"player_choice":"Offered Basic","damage_taken":0,"max_hp_gain":0,"max_hp_loss":0,"event_name":"Bonfire Elementals","floor":12,"gold_loss":0}],"is_beta":false,"boss_relics":[{"not_picked":["Orrery","Fusion Hammer"],"picked":"Pandora\u0027s Box"}],"items_purged_floors":[7],"is_endless":false,"potions_floor_spawned":[4,5,14,18,22],"killed_by":"Gremlin Leader","ascension_level":0}