{"gold_per_floor":[20,38,38,68,87,87,125,125,151,174,187,187,212,83,83,179,179,199,199],"floor_reached":19,"playtime":530,"items_purged":["Strike_B"],"score":305,"play_id":"d601033f-a658-4155-9fb4-cf827d98de4c","local_time":"20190103175359","is_ascension_mode":true,"campfire_choices":[{"data":"Zap","floor":6,"key":"SMITH"},{"floor":8,"key":"REST"},{"data":"Dualcast","floor":12,"key":"SMITH"},{"floor":15,"key":"REST"}],"neow_cost":"NO_GOLD","seed_source_timestamp":290383945651300,"circlet_count":0,"master_deck":["AscendersBane","Strike_B","Strike_B","Strike_B","Defend_B","Defend_B","Defend_B","Defend_B","Zap+1","Dualcast+1","Biased Cognition","Chill","Loop","Leap","Electrodynamics","Compile Driver","Steam"],"relics":["Cracked Core","Golden Idol","Tiny Chest","Pen Nib","Lantern","Orichalcum","Odd Mushroom","Inserter"],"potions_floor_usage":[16],"damage_taken":[{"damage":6,"enemies":"Cultist","floor":1,"turns":3},{"damage":10,"enemies":"Jaw Worm","floor":2,"turns":3},{"damage":7,"enemies":"Small Slimes","floor":5,"turns":3},{"damage":20,"enemies":"3 Sentries","floor":7,"turns":11},{"damage":0,"enemies":"2 Fungi Beasts","floor":11,"turns":3},{"damage":0,"enemies":"The Mushroom Lair","floor":13,"turns":1},{"damage":14,"enemies":"The Guardian","floor":16,"turns":13},{"damage":13,"enemies":"Chosen","floor":18,"turns":5},{"damage":0,"enemies":"Masked Bandits","floor":19,"turns":1}],"seed_played":"-7825845342704254925","potions_obtained":[{"floor":2,"key":"Poison Potion"},{"floor":5,"key":"Weak Potion"},{"floor":16,"key":"Fire Potion"}],"is_trial":false,"path_per_floor":["M","M","?","?","M","R","E","R","T","T","M","R","?","$","R","B",null,"M","?"],"character_chosen":"DEFECT","items_purchased":["Steam"],"campfire_rested":2,"item_purchase_floors":[14],"current_hp_per_floor":[58,48,48,30,23,23,3,22,22,22,22,22,22,22,41,27,55,42,42],"gold":199,"neow_bonus":"THREE_RARE_CARDS","is_prod":false,"is_daily":false,"chose_seed":false,"campfire_upgraded":2,"win_rate":0,"timestamp":1546534439,"path_taken":["M","M","?","?","M","R","E","R","T","?","M","R","?","?","R","BOSS","M","?"],"build_version":"2018-12-20","purchased_purges":1,"victory":false,"max_hp_per_floor":[71,71,64,64,64,64,64,64,64,64,64,64,64,64,64,64,64,64,64],"card_choices":[{"not_picked":["Machine Learning","Reboot"],"picked":"Biased Cognition","floor":0},{"not_picked":["Stack","Static Discharge"],"picked":"Chill","floor":1},{"not_picked":["Scrape","Barrage","Undo"],"picked":"SKIP","floor":2},{"not_picked":["Beam Cell","Hologram"],"picked":"Loop","floor":5},{"not_picked":["Melter","Double Energy"],"picked":"Leap","floor":7},{"not_picked":["Stack","Conserve Battery"],"picked":"Electrodynamics","floor":11},{"not_picked":["Genetic Algorithm","Hologram"],"picked":"Compile Driver","floor":13},{"not_picked":["Skim","Redo","Rebound"],"picked":"SKIP","floor":18}],"player_experience":331940,"relics_obtained":[{"floor":7,"key":"Pen Nib"},{"floor":9,"key":"Lantern"},{"floor":10,"key":"Orichalcum"},{"floor":13,"key":"Odd Mushroom"}],"event_choices":[{"damage_healed":0,"gold_gain":0,"player_choice":"Lose Max HP","damage_taken":0,"relics_obtained":["Golden Idol"],"max_hp_gain":0,"max_hp_loss":7,"event_name":"Golden Idol","floor":3,"gold_loss":0},{"damage_healed":0,"gold_gain":0,"player_choice":"Success","damage_taken":18,"relics_obtained":["Tiny Chest"],"max_hp_gain":0,"max_hp_loss":0,"event_name":"Scrap Ooze","floor":4,"gold_loss":0},{"damage_healed":0,"gold_gain":0,"player_choice":"Fought Mushrooms","damage_taken":0,"max_hp_gain":0,"max_hp_loss":0,"event_name":"Mushrooms","floor":13,"gold_loss":0},{"damage_healed":0,"gold_gain":0,"player_choice":"Fought Bandits","damage_taken":0,"max_hp_gain":0,"max_hp_loss":0,"event_name":"Masked Bandits","floor":19,"gold_loss":0}],"is_beta":false,"boss_relics":[{"not_picked":["Calling Bell","Pandora\u0027s Box"],"picked":"Inserter"}],"items_purged_floors":[14],"is_endless":false,"potions_floor_spawned":[2,5,13,16,18],"killed_by":"Masked Bandits","ascension_level":17}