{"gold_per_floor":[20,39,4,4,18,49,60,60,60,135,135,135,154,186,186,288,288,304,304,45,61,74,74,87,87,87,113,113,113,126,155,155,155],"floor_reached":33,"playtime":1768,"items_purged":["Strike_G+1"],"score":384,"play_id":"d29f0a57-c08c-40ee-95d0-cdb124b74d23","local_time":"20190419193252","is_ascension_mode":true,"campfire_choices":[{"data":"Noxious Fumes","floor":8.0,"key":"SMITH"},{"floor":12.0,"key":"REST"},{"data":"Acrobatics","floor":15.0,"key":"SMITH"},{"data":"Catalyst","floor":23,"key":"SMITH"},{"data":"Tools of the Trade","floor":25,"key":"SMITH"},{"floor":29,"key":"REST"},{"data":"Malaise","floor":32,"key":"SMITH"}],"neow_cost":"NO_GOLD","seed_source_timestamp":33576783490217,"circlet_count":0,"master_deck":["Defend_G+1","Defend_G+1","Defend_G+1","Defend_G+1","Strike_G+1","Strike_G+1","Strike_G+1","Survivor","Neutralize","Envenom","Malaise+1","Acrobatics","Noxious Fumes+1","Deadly Poison","Acrobatics+1","Tools of the Trade+1","Backflip+1","Catalyst+1","PiercingWail","Backflip"],"special_seed":0,"relics":["Ring of the Snake","Meat on the Bone","Dodecahedron","Bag of Marbles","Mummified Hand","White Beast Statue","Snake Skull","Girya","Happy Flower","Molten Egg 2"],"potions_floor_usage":[18,22,24,27,30,33],"damage_taken":[{"damage":5.0,"enemies":"Small Slimes","floor":1.0,"turns":5.0},{"damage":1.0,"enemies":"Jaw Worm","floor":2.0,"turns":8.0},{"damage":1.0,"enemies":"2 Louse","floor":5.0,"turns":4.0},{"damage":27.0,"enemies":"3 Sentries","floor":6.0,"turns":9.0},{"damage":28.0,"enemies":"Large Slime","floor":7.0,"turns":9.0},{"damage":14.0,"enemies":"Looter","floor":13.0,"turns":5.0},{"damage":6.0,"enemies":"Lagavulin","floor":14.0,"turns":6.0},{"damage":26.0,"enemies":"The Guardian","floor":16.0,"turns":10.0},{"damage":19,"enemies":"Chosen","floor":18,"turns":7},{"damage":4,"enemies":"Shell Parasite","floor":21,"turns":6},{"damage":20,"enemies":"Centurion and Healer","floor":22,"turns":8},{"damage":4,"enemies":"Snecko","floor":24,"turns":5},{"damage":46,"enemies":"Slavers","floor":27,"turns":7},{"damage":10,"enemies":"3 Cultists","floor":30,"turns":7},{"damage":17,"enemies":"Book of Stabbing","floor":31,"turns":5},{"damage":41,"enemies":"Collector","floor":33,"turns":5}],"seed_played":"-5913764148913658121","potions_obtained":[{"floor":5.0,"key":"FearPotion"},{"floor":7.0,"key":"Dexterity Potion"},{"floor":13.0,"key":"Ancient Potion"},{"floor":18,"key":"Regen Potion"},{"floor":21,"key":"Dexterity Potion"},{"floor":22,"key":"FairyPotion"},{"floor":24,"key":"Ancient Potion"},{"floor":27,"key":"Swift Potion"},{"floor":30,"key":"SteroidPotion"},{"floor":31,"key":"SteroidPotion"}],"is_trial":false,"path_per_floor":["M","M","?","?","M","E","M","R","T","?","T","R","M","E","R","B",null,"M","?","$","M","M","R","M","R","T","E","?","R","M","E","R","B"],"character_chosen":"THE_SILENT","items_purchased":["Snake Skull","Catalyst"],"campfire_rested":2,"item_purchase_floors":[20,20],"current_hp_per_floor":[58,57,70,75,74,47,31,31,31,20,20,42,40,46,46,32,64,45,45,45,41,48,48,44,44,44,19,19,41,43,38,38,0],"gold":155,"neow_bonus":"TRANSFORM_TWO_CARDS","is_prod":false,"is_daily":false,"chose_seed":false,"campfire_upgraded":5,"win_rate":0,"timestamp":1555669972,"path_taken":["M","M","?","?","M","E","M","R","T","?","?","R","M","E","R","BOSS","M","?","$","M","M","R","M","R","T","E","?","R","M","E","R","BOSS"],"build_version":"2019-01-23","purchased_purges":1,"victory":false,"max_hp_per_floor":[70,70,70,75,75,75,75,75,75,75,75,75,75,75,75,75,75,75,75,75,75,75,75,75,75,75,75,75,75,75,75,75,75],"card_choices":[{"not_picked":["Deflect","Accuracy"],"picked":"Acrobatics","floor":1.0},{"not_picked":["Dagger Throw","Outmaneuver"],"picked":"Noxious Fumes","floor":2.0},{"not_picked":["Slice","Poisoned Stab"],"picked":"Deadly Poison","floor":5.0},{"not_picked":["Slice","Dodge and Roll","Cloak And Dagger"],"picked":"SKIP","floor":6.0},{"not_picked":["Quick Slash","Outmaneuver","Terror"],"picked":"SKIP","floor":7.0},{"not_picked":["Sucker Punch","Heel Hook","Bane"],"picked":"SKIP","floor":13.0},{"not_picked":["Predator","A Thousand Cuts"],"picked":"Acrobatics","floor":14.0},{"not_picked":["After Image","Malaise"],"picked":"Tools of the Trade","floor":16.0},{"not_picked":["PiercingWail","Underhanded Strike"],"picked":"Backflip+1","floor":18},{"not_picked":["Cloak And Dagger","Sucker Punch"],"picked":"PiercingWail","floor":21},{"not_picked":["Cloak And Dagger","Riddle With Holes","Flying Knee"],"picked":"SKIP","floor":22},{"not_picked":["Dagger Throw+1","Concentrate+1"],"picked":"Backflip","floor":24},{"not_picked":["Glass Knife","Dagger Throw","Backflip"],"picked":"SKIP","floor":27},{"not_picked":["Dodge and Roll","Bane","Sucker Punch+1"],"picked":"SKIP","floor":30},{"not_picked":["Backflip","Deflect","Quick Slash"],"picked":"SKIP","floor":31}],"player_experience":645029,"relics_obtained":[{"floor":6.0,"key":"Meat on the Bone"},{"floor":9.0,"key":"Dodecahedron"},{"floor":11.0,"key":"Bag of Marbles"},{"floor":14.0,"key":"Mummified Hand"},{"floor":26,"key":"Girya"},{"floor":27,"key":"Happy Flower"},{"floor":31,"key":"Molten Egg 2"}],"event_choices":[{"damage_healed":17.0,"max_hp_gain":0.0,"max_hp_loss":0.0,"gold_gain":0.0,"event_name":"The Cleric","player_choice":"Healed","floor":3.0,"gold_loss":35.0,"damage_taken":0.0},{"damage_healed":0.0,"max_hp_gain":5.0,"max_hp_loss":0.0,"gold_gain":0.0,"event_name":"Big Fish","player_choice":"Donut","floor":4.0,"gold_loss":0.0,"damage_taken":0.0},{"damage_healed":0.0,"max_hp_gain":0.0,"max_hp_loss":0.0,"gold_gain":75.0,"event_name":"World of Goop","player_choice":"Gather Gold","floor":10.0,"gold_loss":0.0,"damage_taken":11.0},{"damage_healed":0,"gold_gain":0,"player_choice":"Simplicity","damage_taken":0,"max_hp_gain":0,"max_hp_loss":0,"event_name":"Back to Basics","floor":19,"gold_loss":0,"cards_upgraded":["Defend_G","Defend_G","Defend_G","Defend_G","Strike_G","Strike_G","Strike_G","Strike_G"]},{"damage_healed":0,"gold_gain":0,"player_choice":"Ignored","damage_taken":0,"max_hp_gain":0,"max_hp_loss":0,"event_name":"Vampires","floor":28,"gold_loss":0}],"is_beta":false,"boss_relics":[{"not_picked":["Philosopher\u0027s Stone","Snecko Eye"],"picked":"White Beast Statue"}],"items_purged_floors":[20],"is_endless":false,"potions_floor_spawned":[5,7,13,18,21,22,24,27,30,31],"killed_by":"Collector","ascension_level":6}