{"gold_per_floor":[118,130,130,150,162,162,197,211,211,280,45,45,57,57,57,162,162,178,192,212,227,326,358,358,99,152,171,199,212,112,139,139,238,288,301,7,7,107,121,121,150,150,150,166,184,233,233,243,243,243],"floor_reached":50,"playtime":3382,"items_purged":["Strike_R","Strike_R","Strike_R"],"score":664,"play_id":"63e15913-070e-460e-8eb0-65887009cb0d","local_time":"20181003220102","is_ascension_mode":false,"campfire_choices":[{"data":"Anger","floor":6,"key":"SMITH"},{"data":"Inflame","floor":12,"key":"SMITH"},{"floor":15,"key":"REST"},{"data":"Double Tap","floor":24,"key":"SMITH"},{"floor":32,"key":"REST"},{"data":"Flex","floor":40,"key":"SMITH"},{"data":"Iron Wave","floor":42,"key":"SMITH"},{"floor":47,"key":"REST"},{"floor":49,"key":"REST"}],"neow_cost":"NONE","seed_source_timestamp":313416264669710,"circlet_count":0,"master_deck":["Strike_R","Strike_R","Defend_R","Defend_R","Defend_R","Defend_R","Bash+1","Pommel Strike","Armaments+1","Twin Strike","Anger+1","Inflame+1","Twin Strike","Feed","Cleave","Double Tap+1","Cleave+1","Shrug It Off+1","Thunderclap","Flex+1","Armaments","Iron Wave+1","Sword Boomerang","Pommel Strike+1","Reaper","Sword Boomerang","Disarm+1","Sword Boomerang","Sword Boomerang+1"],"relics":["Burning Blood","Boot","Ornamental Fan","Mark of Pain","Pear","Bottled Lightning","Centennial Puzzle","Bird Faced Urn","Dream Catcher","Tiny House","Orichalcum","Anchor","Bottled Flame","Mummified Hand","FossilizedHelix"],"potions_floor_usage":[5,19,28,33,33,39,41,50,50],"damage_taken":[{"damage":7,"enemies":"Small Slimes","floor":1,"turns":3},{"damage":1,"enemies":"Cultist","floor":2,"turns":3},{"damage":3,"enemies":"Jaw Worm","floor":4,"turns":4},{"damage":10,"enemies":"Exordium Thugs","floor":5,"turns":5},{"damage":26,"enemies":"Lagavulin","floor":7,"turns":5},{"damage":3,"enemies":"3 Louse","floor":8,"turns":3},{"damage":14,"enemies":"Blue Slaver","floor":13,"turns":3},{"damage":0,"enemies":"Slime Boss","floor":16,"turns":5},{"damage":6,"enemies":"Chosen","floor":18,"turns":3},{"damage":1,"enemies":"2 Thieves","floor":19,"turns":4},{"damage":17,"enemies":"Centurion and Healer","floor":20,"turns":5},{"damage":29,"enemies":"Shelled Parasite and Fungi","floor":21,"turns":5},{"damage":18,"enemies":"Gremlin Leader","floor":23,"turns":7},{"damage":6,"enemies":"3 Cultists","floor":27,"turns":4},{"damage":23,"enemies":"Slavers","floor":28,"turns":4},{"damage":4,"enemies":"Snecko","floor":29,"turns":3},{"damage":46,"enemies":"Automaton","floor":33,"turns":10},{"damage":13,"enemies":"Orb Walker","floor":35,"turns":4},{"damage":24,"enemies":"3 Shapes","floor":39,"turns":4},{"damage":26,"enemies":"2 Orb Walkers","floor":41,"turns":4},{"damage":31,"enemies":"3 Darklings","floor":44,"turns":5},{"damage":17,"enemies":"Reptomancer","floor":45,"turns":5},{"damage":83,"enemies":"Mysterious Sphere","floor":46,"turns":15},{"damage":33,"enemies":"Spire Growth","floor":48,"turns":5},{"damage":88,"enemies":"Donu and Deca","floor":50,"turns":6}],"seed_played":"6179677029004123225","potions_obtained":[{"floor":1,"key":"Fruit Juice"},{"floor":5,"key":"EssenceOfSteel"},{"floor":13,"key":"SpeedPotion"},{"floor":18,"key":"GamblersBrew"},{"floor":23,"key":"GamblersBrew"},{"floor":28,"key":"SpeedPotion"},{"floor":34,"key":"Block Potion"},{"floor":39,"key":"FearPotion"},{"floor":46,"key":"EssenceOfSteel"},{"floor":48,"key":"AttackPotion"}],"is_trial":false,"path_per_floor":["M","M","?","M","M","R","E","M","T","?","$","R","M","?","R","B",null,"M","M","M","M","?","E","R","$","T","M","E","M","$","T","R","B",null,"M","$","?","?","M","R","E","R","T","M","M","?","R","M","R"],"character_chosen":"IRONCLAD","items_purchased":["Feed","Bottled Lightning","Orichalcum","Sword Boomerang"],"campfire_rested":4,"item_purchase_floors":[11,25,36,36],"current_hp_per_floor":[79,80,80,80,81,81,61,64,64,64,64,64,56,56,81,85,85,85,88,77,57,57,55,55,55,55,58,44,48,48,48,80,42,112,105,105,105,105,92,92,74,74,74,73,88,13,47,22,56,0],"gold":243,"neow_bonus":"UPGRADE_CARD","is_prod":false,"is_daily":false,"chose_seed":false,"campfire_upgraded":5,"win_rate":0,"timestamp":1538596862,"path_taken":["M","M","?","M","M","R","E","M","T","?","?","R","M","?","R","BOSS","M","M","M","M","?","E","R","$","T","?","E","M","$","?","R","BOSS","M","$","?","?","M","R","E","R","T","M","M","?","R","?","R","BOSS"],"build_version":"2018-09-27","purchased_purges":3,"victory":false,"max_hp_per_floor":[80,80,80,80,85,85,85,85,85,85,85,85,85,85,85,85,85,85,88,88,91,91,101,101,101,101,104,107,107,107,107,107,107,112,112,112,112,112,115,115,115,115,115,115,115,115,115,115,115,115],"card_choices":[{"not_picked":["Second Wind","Armaments"],"picked":"Pommel Strike","floor":1},{"not_picked":["Flame Barrier","Warcry"],"picked":"Armaments","floor":2},{"not_picked":["Pommel Strike","Bloodletting"],"picked":"Twin Strike","floor":4},{"not_picked":["Iron Wave","Searing Blow"],"picked":"Anger","floor":5},{"not_picked":["True Grit","Armaments"],"picked":"Inflame","floor":7},{"not_picked":["Combust","Clothesline"],"picked":"Twin Strike","floor":8},{"not_picked":["Thunderclap","Blood for Blood"],"picked":"Cleave","floor":13},{"not_picked":["Berserk","Barricade"],"picked":"Double Tap","floor":16},{"not_picked":["Iron Wave","Pummel+1"],"picked":"Cleave+1","floor":18},{"not_picked":["Clothesline","Perfected Strike"],"picked":"Shrug It Off+1","floor":19},{"not_picked":["Inflame","True Grit"],"picked":"Thunderclap","floor":20},{"not_picked":["Carnage","Infernal Blade"],"picked":"Flex","floor":21},{"not_picked":["Headbutt","Perfected Strike","Hemokinesis"],"picked":"SKIP","floor":23},{"not_picked":["Feed","Anger"],"picked":"Armaments","floor":27},{"not_picked":["Pummel","Barricade"],"picked":"Iron Wave","floor":28},{"not_picked":["Body Slam+1","Feel No Pain"],"picked":"Sword Boomerang","floor":29},{"not_picked":["Warcry","Pummel"],"picked":"Pommel Strike+1","floor":32},{"not_picked":["Barricade","Bludgeon"],"picked":"Reaper","floor":33},{"not_picked":["Thunderclap","Cleave"],"picked":"Sword Boomerang","floor":34},{"not_picked":["Dropkick+1","Armaments"],"picked":"Disarm+1","floor":35},{"not_picked":["Clothesline","Corruption","Searing Blow"],"picked":"SKIP","floor":39},{"not_picked":["Perfected Strike","Dropkick+1","Shrug It Off"],"picked":"SKIP","floor":41},{"not_picked":["Feel No Pain+1","Twin Strike","Heavy Blade"],"picked":"SKIP","floor":44},{"not_picked":["Armaments","Thunderclap","Intimidate"],"picked":"SKIP","floor":45},{"not_picked":["Armaments","Demon Form","Searing Blow+1"],"picked":"SKIP","floor":48},{"not_picked":["Entrench+1","Warcry+1"],"picked":"Sword Boomerang+1","floor":49}],"player_experience":75019,"relics_obtained":[{"floor":7,"key":"Boot"},{"floor":9,"key":"Ornamental Fan"},{"floor":23,"key":"Pear"},{"floor":26,"key":"Centennial Puzzle"},{"floor":28,"key":"Bird Faced Urn"},{"floor":31,"key":"Dream Catcher"},{"floor":41,"key":"Bottled Flame"},{"floor":43,"key":"Mummified Hand"},{"floor":46,"key":"FossilizedHelix"}],"event_choices":[{"event_name":"Wheel of Change","player_choice":"Full Heal","floor":3,"damage_taken":0},{"event_name":"Golden Wing","player_choice":"Gained Gold","floor":10,"damage_taken":0},{"event_name":"Liars Game","player_choice":"disagreed","floor":14,"damage_taken":0},{"event_name":"Nest","player_choice":"Stole From Cult","floor":22,"damage_taken":0},{"event_name":"WeMeetAgain","player_choice":"Potion","floor":37,"damage_taken":0},{"event_name":"Golden Shrine","player_choice":"Pray","floor":38,"damage_taken":0},{"event_name":"Mysterious Sphere","player_choice":"Fight","floor":46,"damage_taken":0}],"is_beta":false,"boss_relics":[{"not_picked":["Pandora\u0027s Box","Runic Cube"],"picked":"Mark of Pain"},{"not_picked":["Black Star","Snecko Eye"],"picked":"Tiny House"}],"items_purged_floors":[11,30,36],"is_endless":false,"potions_floor_spawned":[1,5,13,18,23,28,29,39,46,48],"killed_by":"Donu and Deca","ascension_level":0}