{"gold_per_floor":[114,114,39,39,53,53,85,85,85,112,173,190,203,223,223,324,324,343,354,382,14,33,66,66,98,98,110,110,35,35,35,35,132,132,145,160,178,190,206,234,244,272,272,272,272,272,290,512,512,512],"floor_reached":51,"playtime":2865,"items_purged":["Normality","Strike_B"],"score":757,"play_id":"127e2630-af81-47b6-91e3-61dd109c33c1","local_time":"20181116214005","is_ascension_mode":false,"campfire_choices":[{"data":"Dualcast","floor":6,"key":"SMITH"},{"data":"Cold Snap","floor":8,"key":"SMITH"},{"data":"Defragment","floor":15,"key":"SMITH"},{"floor":24,"key":"REST"},{"data":"Blizzard","floor":28,"key":"SMITH"},{"data":"Cold Snap","floor":30,"key":"SMITH"},{"floor":32,"key":"REST"},{"floor":45,"key":"REST"},{"data":"Echo Form","floor":49,"key":"SMITH"}],"neow_cost":"CURSE","seed_source_timestamp":137443687731000,"circlet_count":0,"master_deck":["Strike_B+1","Strike_B+1","Defend_B","Defend_B","Defend_B","Zap+1","Dualcast+1","Cold Snap+1","Blizzard+1","Hologram","Defragment+1","Buffer","Core Surge","Barrage+1","Cold Snap+1","Hologram","Conserve Battery+1","Echo Form+1","Writhe","Barrage","Multi-Cast","Capacitor+1","Ball Lightning+1","Normality","Static Discharge","Loop+1"],"relics":["Cracked Core","Unceasing Top","War Paint","Dream Catcher","Pantograph","Regal Pillow","Mercury Hourglass","Cursed Key","Red Mask","Membership Card","Mummified Hand","Matryoshka","Ancient Tea Set","DataDisk","PreservedInsect","Enchiridion","Inserter","Bronze Scales","Toxic Egg 2","Whetstone","Strawberry"],"potions_floor_usage":[7,7,16,23,25,33,38,38,50,50,50],"damage_taken":[{"damage":0,"enemies":"2 Louse","floor":1,"turns":2},{"damage":0,"enemies":"Jaw Worm","floor":5,"turns":2},{"damage":5,"enemies":"3 Sentries","floor":7,"turns":5},{"damage":18,"enemies":"Lagavulin","floor":10,"turns":7},{"damage":7,"enemies":"3 Sentries","floor":11,"turns":5},{"damage":0,"enemies":"Small Slimes","floor":12,"turns":2},{"damage":0,"enemies":"3 Louse","floor":13,"turns":2},{"damage":7,"enemies":"Looter","floor":14,"turns":3},{"damage":10,"enemies":"The Guardian","floor":16,"turns":12},{"damage":0,"enemies":"Chosen","floor":18,"turns":3},{"damage":11,"enemies":"2 Thieves","floor":19,"turns":4},{"damage":5,"enemies":"Masked Bandits","floor":20,"turns":4},{"damage":17,"enemies":"Snake Plant","floor":22,"turns":4},{"damage":19,"enemies":"Gremlin Leader","floor":23,"turns":6},{"damage":15,"enemies":"Book of Stabbing","floor":25,"turns":6},{"damage":10,"enemies":"Centurion and Healer","floor":27,"turns":6},{"damage":1,"enemies":"Collector","floor":33,"turns":7},{"damage":21,"enemies":"3 Darklings","floor":35,"turns":4},{"damage":0,"enemies":"3 Shapes","floor":36,"turns":4},{"damage":0,"enemies":"Maw","floor":37,"turns":7},{"damage":0,"enemies":"Transient","floor":38,"turns":5},{"damage":0,"enemies":"Jaw Worm Horde","floor":39,"turns":4},{"damage":6,"enemies":"Giant Head","floor":40,"turns":6},{"damage":0,"enemies":"Maw","floor":41,"turns":8},{"damage":19,"enemies":"Reptomancer","floor":42,"turns":8},{"damage":9,"enemies":"Writhing Mass","floor":47,"turns":4},{"damage":13,"enemies":"Time Eater","floor":50,"turns":8}],"seed_played":"128925927415129544","potions_obtained":[{"floor":1,"key":"AttackPotion"},{"floor":5,"key":"AttackPotion"},{"floor":11,"key":"Strength Potion"},{"floor":14,"key":"Weak Potion"},{"floor":19,"key":"Poison Potion"},{"floor":20,"key":"FocusPotion"},{"floor":23,"key":"EssenceOfSteel"},{"floor":25,"key":"LiquidBronze"},{"floor":37,"key":"FocusPotion"},{"floor":38,"key":"LiquidBronze"},{"floor":42,"key":"Strength Potion"}],"is_trial":false,"path_per_floor":["M","?","$","?","M","R","E","R","T","E","?","M","M","M","R","B",null,"M","M","?","$","M","E","R","E","T","M","R","?","R","?","R","B",null,"M","M","M","M","M","E","M","E","T","?","R","?","M","?","R","B",null],"character_chosen":"DEFECT","items_purchased":["Membership Card","Mummified Hand"],"campfire_rested":3,"item_purchase_floors":[21,21],"current_hp_per_floor":[75,72,72,77,77,77,72,72,72,54,47,47,47,40,40,55,80,80,69,64,64,47,28,67,52,52,42,42,42,42,26,65,79,80,59,59,59,59,59,53,53,34,41,41,82,82,73,73,73,74],"gold":512,"neow_bonus":"ONE_RARE_RELIC","is_prod":false,"is_daily":false,"chose_seed":false,"campfire_upgraded":6,"win_rate":0,"timestamp":1542400805,"path_taken":["M","?","$","?","M","R","E","R","T","E","?","M","M","M","R","BOSS","M","M","?","$","M","E","R","E","T","M","R","?","R","?","R","BOSS","M","M","M","M","M","E","M","E","T","?","R","?","M","?","R","BOSS"],"build_version":"2018-11-15","purchased_purges":2,"victory":true,"max_hp_per_floor":[75,75,75,80,80,80,80,80,80,80,80,80,80,80,80,80,80,80,80,80,80,80,80,80,80,80,80,80,80,80,80,80,80,80,80,80,80,80,80,80,80,80,87,87,87,87,87,87,87,87],"card_choices":[{"not_picked":["Ball Lightning","Beam Cell"],"picked":"Cold Snap","floor":1},{"not_picked":["Aggregate","Streamline","Stack"],"picked":"SKIP","floor":5},{"not_picked":["Turbo","Streamline","Scrape"],"picked":"SKIP","floor":7},{"not_picked":["Conserve Battery","Auto Shields"],"picked":"Blizzard","floor":10},{"not_picked":["Blizzard","Chill"],"picked":"Hologram","floor":11},{"not_picked":["Ball Lightning","Cold Snap"],"picked":"Defragment","floor":12},{"not_picked":["Gash","Sweeping Beam","Stack"],"picked":"SKIP","floor":13},{"not_picked":["Compile Driver","Turbo"],"picked":"Buffer","floor":14},{"not_picked":["All For One","Amplify"],"picked":"Core Surge","floor":16},{"not_picked":["Steam","Conserve Battery"],"picked":"Barrage+1","floor":18},{"not_picked":["Compile Driver","Darkness+1"],"picked":"Cold Snap","floor":19},{"not_picked":["Force Field","White Noise"],"picked":"Hologram","floor":20},{"not_picked":["Steam+1","Gash+1","Stack+1"],"picked":"SKIP","floor":22},{"not_picked":["Fusion+1","Compile Driver"],"picked":"Conserve Battery+1","floor":23},{"not_picked":["Heatsinks","Turbo"],"picked":"Echo Form","floor":24},{"not_picked":["Genetic Algorithm","Steam","Conserve Battery"],"picked":"SKIP","floor":25},{"not_picked":["Static Discharge+1","Steam"],"picked":"Barrage","floor":27},{"not_picked":["Thunder Strike","Machine Learning"],"picked":"Multi-Cast","floor":33},{"not_picked":["Barrage","Compile Driver","Leap"],"picked":"SKIP","floor":35},{"not_picked":["Rebound","Undo","Stack"],"picked":"SKIP","floor":36},{"not_picked":["Genetic Algorithm+1","Double Energy+1"],"picked":"Capacitor+1","floor":37},{"not_picked":["Darkness+1","Hello World","Sunder"],"picked":"SKIP","floor":38},{"not_picked":["Sweeping Beam+1","Genetic Algorithm+1","Steam Power"],"picked":"SKIP","floor":39},{"not_picked":["Heatsinks+1","Turbo+1","Steam"],"picked":"SKIP","floor":40},{"not_picked":["Static Discharge","Steam+1","Leap+1"],"picked":"SKIP","floor":41},{"not_picked":["Conserve Battery+1","FTL"],"picked":"Ball Lightning+1","floor":42},{"not_picked":["Turbo+1","Melter+1"],"picked":"Static Discharge","floor":45},{"not_picked":["Static Discharge+1","Coolheaded+1"],"picked":"Loop+1","floor":47}],"player_experience":205232,"relics_obtained":[{"floor":7,"key":"Dream Catcher"},{"floor":9,"key":"Pantograph"},{"floor":10,"key":"Regal Pillow"},{"floor":20,"key":"Red Mask"},{"floor":23,"key":"Matryoshka"},{"floor":25,"key":"Ancient Tea Set"},{"floor":26,"key":"DataDisk"},{"floor":26,"key":"PreservedInsect"},{"floor":31,"key":"Enchiridion"},{"floor":40,"key":"Bronze Scales"},{"floor":42,"key":"Toxic Egg 2"},{"floor":43,"key":"Whetstone"},{"floor":43,"key":"Strawberry"}],"event_choices":[{"damage_healed":0,"gold_gain":0,"player_choice":"Success","damage_taken":3,"relics_obtained":["War Paint"],"max_hp_gain":0,"max_hp_loss":0,"event_name":"Scrap Ooze","floor":2,"gold_loss":0},{"damage_healed":0,"gold_gain":0,"player_choice":"Donut","damage_taken":0,"max_hp_gain":5,"max_hp_loss":0,"event_name":"Big Fish","floor":4,"gold_loss":0},{"damage_healed":0,"gold_gain":0,"player_choice":"Searched \u00272\u0027 times","damage_taken":0,"relics_obtained":["Mercury Hourglass"],"max_hp_gain":0,"max_hp_loss":0,"event_name":"Dead Adventurer","floor":11,"gold_loss":0},{"damage_healed":0,"gold_gain":0,"player_choice":"Fought Bandits","damage_taken":0,"max_hp_gain":0,"max_hp_loss":0,"event_name":"Masked Bandits","floor":20,"gold_loss":0},{"cards_removed":["Strike_B"],"damage_healed":0,"gold_gain":0,"player_choice":"Gave Gold","damage_taken":0,"max_hp_gain":0,"max_hp_loss":0,"event_name":"Beggar","floor":29,"gold_loss":75},{"damage_healed":0,"gold_gain":0,"player_choice":"Obtained Book","damage_taken":16,"max_hp_gain":0,"max_hp_loss":0,"event_name":"Cursed Tome","floor":31,"gold_loss":0},{"damage_healed":0,"gold_gain":0,"player_choice":"Ignored","damage_taken":0,"max_hp_gain":0,"max_hp_loss":0,"event_name":"The Moai Head","floor":44,"gold_loss":0},{"cards_removed":["Defend_B"],"damage_healed":0,"gold_gain":0,"player_choice":"Removed Skill","damage_taken":0,"max_hp_gain":0,"max_hp_loss":0,"event_name":"Falling","floor":46,"gold_loss":0},{"damage_healed":0,"gold_gain":222,"player_choice":"Wore Mask","damage_taken":0,"max_hp_gain":0,"max_hp_loss":0,"event_name":"Tomb of Lord Red Mask","floor":48,"gold_loss":0}],"is_beta":false,"boss_relics":[{"not_picked":["Runic Pyramid","Snecko Eye"],"picked":"Cursed Key"},{"not_picked":["Orrery","Eternal Feather"],"picked":"Inserter"}],"items_purged_floors":[3,21],"is_endless":false,"potions_floor_spawned":[1,5,11,14,19,20,22,23,25,37,38,42],"ascension_level":0}