{"gold_per_floor":[116,191,202,222,234,267,279,279,356,371,401,401,427,443,443,545,545,533,130,143,156,174,174,189,224,224,224,124,223,223,238,238,339,339,355,373,385,385,385,413,164,180,180,180,199,49,60,78,78,78],"floor_reached":51,"playtime":3367,"items_purged":["Strike_B","Strike_B","Strike_B","Shame"],"score":750,"play_id":"5a5bc5a6-d650-4007-9197-9926046a69f3","local_time":"20181010211023","is_ascension_mode":false,"campfire_choices":[{"data":"Self Repair","floor":8,"key":"SMITH"},{"data":"Leap","floor":12,"key":"SMITH"},{"data":"Zap","floor":15,"key":"SMITH"},{"data":"Creative AI","floor":23,"key":"SMITH"},{"data":"Auto Shields","floor":27,"key":"SMITH"},{"data":"Redo","floor":30,"key":"SMITH"},{"floor":32,"key":"REST"},{"floor":49,"key":"REST"}],"neow_cost":"NONE","seed_source_timestamp":25974504339700,"circlet_count":0,"master_deck":["Strike_B","Defend_B","Defend_B","Defend_B","Defend_B","Zap+1","Dualcast","Leap+1","Self Repair+1","Ball Lightning","Barrage","Redo+1","Redo","Conserve Battery","Ball Lightning","Conserve Battery","Creative AI+1","BootSequence","Static Discharge","Leap","Auto Shields+1","Consume","Storm","Auto Shields","Heatsinks+1","Leap+1","Tempest+1","Enlightenment","Capacitor+1","Storm","Leap+1","Clumsy","Loop+1","Conserve Battery+1"],"relics":["Cracked Core","Pear","Singing Bowl","WingedGreaves","Bag of Preparation","Inserter","OrangePellets","StoneCalendar","Mercury Hourglass","Cursed Key","Pantograph","Thread and Needle","Girya"],"potions_floor_usage":[6,11,21,25,25,40,40,42,50],"damage_taken":[{"damage":1,"enemies":"Jaw Worm","floor":1,"turns":4},{"damage":0,"enemies":"Cultist","floor":3,"turns":4},{"damage":0,"enemies":"2 Louse","floor":4,"turns":3},{"damage":1,"enemies":"Looter","floor":5,"turns":3},{"damage":6,"enemies":"Gremlin Nob","floor":6,"turns":4},{"damage":4,"enemies":"Blue Slaver","floor":7,"turns":4},{"damage":17,"enemies":"2 Fungi Beasts","floor":10,"turns":4},{"damage":22,"enemies":"Lagavulin","floor":11,"turns":8},{"damage":18,"enemies":"Gremlin Nob","floor":13,"turns":3},{"damage":13,"enemies":"Lots of Slimes","floor":14,"turns":5},{"damage":15,"enemies":"Slime Boss","floor":16,"turns":9},{"damage":11,"enemies":"2 Thieves","floor":18,"turns":4},{"damage":7,"enemies":"Chosen","floor":20,"turns":5},{"damage":6,"enemies":"Snecko","floor":21,"turns":6},{"damage":17,"enemies":"Centurion and Healer","floor":22,"turns":7},{"damage":32,"enemies":"Shelled Parasite and Fungi","floor":24,"turns":6},{"damage":22,"enemies":"Slavers","floor":25,"turns":5},{"damage":8,"enemies":"Snecko","floor":31,"turns":5},{"damage":2,"enemies":"Champ","floor":33,"turns":9},{"damage":9,"enemies":"3 Darklings","floor":35,"turns":5},{"damage":2,"enemies":"3 Shapes","floor":36,"turns":4},{"damage":11,"enemies":"3 Darklings","floor":37,"turns":4},{"damage":49,"enemies":"Giant Head","floor":40,"turns":9},{"damage":2,"enemies":"Transient","floor":42,"turns":5},{"damage":29,"enemies":"4 Shapes","floor":45,"turns":4},{"damage":4,"enemies":"Spire Growth","floor":47,"turns":5},{"damage":22,"enemies":"Reptomancer","floor":48,"turns":5},{"damage":63,"enemies":"Donu and Deca","floor":50,"turns":9}],"seed_played":"-1809686213356626628","potions_obtained":[{"floor":0,"key":"Block Potion"},{"floor":0,"key":"Regen Potion"},{"floor":0,"key":"SpeedPotion"},{"floor":6,"key":"SteroidPotion"},{"floor":7,"key":"Explosive Potion"},{"floor":16,"key":"FearPotion"},{"floor":18,"key":"PowerPotion"},{"floor":25,"key":"SmokeBomb"},{"floor":35,"key":"Dexterity Potion"},{"floor":36,"key":"AttackPotion"},{"floor":48,"key":"AttackPotion"}],"is_trial":false,"path_per_floor":["M","?","M","M","M","E","M","R","T","M","E","R","E","M","R","B",null,"M","$","M","M","M","R","M","E","T","R","$","?","R","M","R","B",null,"M","M","M","?","?","E","$","M","T","T","M","$","M","M","R","B"],"character_chosen":"DEFECT","items_purchased":["Static Discharge","OrangePellets","Leap","PowerPotion","Storm"],"campfire_rested":2,"item_purchase_floors":[19,19,19,41,41],"current_hp_per_floor":[74,63,63,70,75,85,81,81,81,74,74,74,58,55,55,50,87,86,86,87,87,80,80,58,38,38,38,38,38,38,40,66,76,91,91,91,92,92,92,53,53,61,61,61,32,32,38,28,56,28],"gold":78,"neow_bonus":"THREE_SMALL_POTIONS","is_prod":false,"is_daily":false,"chose_seed":false,"campfire_upgraded":6,"win_rate":0,"timestamp":1539198623,"path_taken":["M","?","M","M","?","E","M","R","T","M","E","R","E","M","R","BOSS","M","$","M","M","M","R","M","E","T","R","$","?","R","M","R","BOSS","M","M","?","?","?","E","$","M","T","?","?","$","M","M","R","BOSS"],"build_version":"2018-10-04v2","purchased_purges":4,"victory":true,"max_hp_per_floor":[75,75,75,75,75,85,85,85,85,85,85,85,87,87,87,87,87,87,87,87,87,87,87,87,89,89,89,89,89,89,89,89,91,91,91,91,93,93,93,93,93,93,93,93,93,93,93,95,95,95],"card_choices":[{"not_picked":["Compile Driver","Reinforced Body"],"picked":"Leap","floor":1},{"not_picked":["Streamline","Redo"],"picked":"Self Repair","floor":3},{"not_picked":["Redo","Beam Cell"],"picked":"Ball Lightning","floor":4},{"not_picked":["Cold Snap","Biased Cognition"],"picked":"Barrage","floor":5},{"not_picked":["Reinforced Body","Cold Snap"],"picked":"Redo","floor":6},{"not_picked":["Undo","Coolheaded"],"picked":"Redo","floor":7},{"not_picked":["Sweeping Beam","Genetic Algorithm"],"picked":"Conserve Battery","floor":10},{"not_picked":["Barrage","Darkness"],"picked":"Ball Lightning","floor":11},{"not_picked":["Cold Snap","Compile Driver","Go for the Eyes"],"picked":"Singing Bowl","floor":13},{"not_picked":["Heatsinks","Compile Driver"],"picked":"Conserve Battery","floor":14},{"not_picked":["Seek","Machine Learning"],"picked":"Creative AI","floor":16},{"not_picked":["Chaos","Redo"],"picked":"BootSequence","floor":18},{"not_picked":["Streamline","Turbo"],"picked":"Auto Shields","floor":20},{"not_picked":["Sunder+1","Blizzard"],"picked":"Consume","floor":21},{"not_picked":["Cold Snap","Redo"],"picked":"Storm","floor":22},{"not_picked":["Chill+1","Skim+1"],"picked":"Auto Shields","floor":24},{"not_picked":["Compile Driver+1","Rainbow","Cold Snap"],"picked":"Singing Bowl","floor":25},{"not_picked":["Rebound+1","Double Energy"],"picked":"Heatsinks+1","floor":31},{"not_picked":["All For One","Creative AI","Multi-Cast"],"picked":"Singing Bowl","floor":33},{"not_picked":["Ball Lightning","Consume"],"picked":"Leap+1","floor":35},{"not_picked":["BootSequence+1","Turbo+1"],"picked":"Tempest+1","floor":36},{"not_picked":["Rip and Tear+1","Redo","Chaos+1"],"picked":"Singing Bowl","floor":37},{"not_picked":["Beam Cell+1","Static Discharge"],"picked":"Capacitor+1","floor":40},{"not_picked":["Ball Lightning","Hologram+1"],"picked":"Leap+1","floor":42},{"not_picked":["Beam Cell+1","Sweeping Beam"],"picked":"Loop+1","floor":45},{"not_picked":["Undo","Turbo+1"],"picked":"Conserve Battery+1","floor":47},{"not_picked":["Conserve Battery+1","Sweeping Beam+1","Glacier+1"],"picked":"Singing Bowl","floor":48}],"player_experience":113034,"relics_obtained":[{"floor":6,"key":"Pear"},{"floor":9,"key":"Singing Bowl"},{"floor":11,"key":"WingedGreaves"},{"floor":13,"key":"Bag of Preparation"},{"floor":25,"key":"StoneCalendar"},{"floor":26,"key":"Mercury Hourglass"},{"floor":40,"key":"Pantograph"},{"floor":43,"key":"Thread and Needle"},{"floor":44,"key":"Girya"}],"event_choices":[{"event_name":"World of Goop","player_choice":"Gather Gold","floor":2,"damage_taken":0},{"event_name":"Nest","player_choice":"Stole From Cult","floor":29,"damage_taken":0},{"event_name":"Tomb of Lord Red Mask","player_choice":"Ignored","floor":38,"damage_taken":0},{"event_name":"Match and Keep!","player_choice":"1 cards matched","floor":39,"damage_taken":0}],"is_beta":false,"boss_relics":[{"not_picked":["Velvet Choker","Orrery"],"picked":"Inserter"},{"not_picked":["Fusion Hammer","Runic Pyramid"],"picked":"Cursed Key"}],"items_purged_floors":[19,28,41,46],"is_endless":false,"potions_floor_spawned":[1,6,7,16,18,20,25,35,36,48],"ascension_level":0}