{"gold_per_floor":[112,123,133,65,84,84,84,84,109,164,176,188,205,52,52,153,153,171,190,190,190],"floor_reached":21,"playtime":1050,"items_purged":["Strike_B"],"score":258,"play_id":"3fe3d11c-ad7e-419b-8061-03814750a6bc","local_time":"20190208235625","is_ascension_mode":false,"campfire_choices":[{"data":"Zap","floor":6,"key":"SMITH"},{"floor":15,"key":"REST"}],"neow_cost":"NONE","seed_source_timestamp":437749709601133,"circlet_count":0,"master_deck":["Defend_B","Defend_B","Defend_B","Zap+1","Dualcast","Turbo","Sweeping Beam","Auto Shields","Storm","Ball Lightning","Decay","White Noise","White Noise","Storm","Self Repair","Buffer","Genetic Algorithm","Bite","Bite","Bite","Bite","Bite"],"relics":["Cracked Core","Orichalcum","Tiny Chest","Philosopher\u0027s Stone"],"potions_floor_usage":[5,5,18],"damage_taken":[{"damage":0,"enemies":"Cultist","floor":1,"turns":3},{"damage":0,"enemies":"Small Slimes","floor":2,"turns":4},{"damage":3,"enemies":"Jaw Worm","floor":3,"turns":3},{"damage":11,"enemies":"Large Slime","floor":5,"turns":6},{"damage":26,"enemies":"Gremlin Nob","floor":10,"turns":5},{"damage":0,"enemies":"Looter","floor":11,"turns":2},{"damage":10,"enemies":"2 Fungi Beasts","floor":12,"turns":3},{"damage":12,"enemies":"Blue Slaver","floor":13,"turns":3},{"damage":0,"enemies":"Slime Boss","floor":16,"turns":6},{"damage":19,"enemies":"2 Thieves","floor":18,"turns":3},{"damage":61,"enemies":"3 Byrds","floor":19,"turns":4},{"damage":16,"enemies":"Colosseum Slavers","floor":21,"turns":1}],"seed_played":"-5716820999294882382","potions_obtained":[{"floor":1,"key":"Weak Potion"},{"floor":3,"key":"Block Potion"},{"floor":11,"key":"Strength Potion"},{"floor":12,"key":"Poison Potion"}],"is_trial":false,"path_per_floor":["M","M","M","$","M","R","?","?","T","E","M","M","M","$","R","B",null,"M","M","?","?"],"character_chosen":"DEFECT","items_purchased":["Storm","Self Repair"],"campfire_rested":1,"item_purchase_floors":[4,14],"current_hp_per_floor":[75,75,72,72,61,61,54,54,54,28,28,18,6,6,28,35,75,63,9,9,0],"gold":190,"neow_bonus":"REMOVE_CARD","is_prod":false,"is_daily":false,"chose_seed":false,"campfire_upgraded":1,"win_rate":0,"timestamp":1549691785,"path_taken":["M","?","M","?","M","R","?","?","T","E","?","M","M","?","R","BOSS","M","M","?","?"],"build_version":"2019-01-23","purchased_purges":1,"victory":false,"max_hp_per_floor":[75,75,75,75,75,75,75,75,75,75,75,75,75,75,75,75,75,75,75,52,52],"card_choices":[{"not_picked":["Blizzard","Chaos"],"picked":"Turbo","floor":1},{"not_picked":["Chill","Steam"],"picked":"Sweeping Beam","floor":2},{"not_picked":["Leap","Chaos"],"picked":"Auto Shields","floor":3},{"not_picked":["Turbo","Hologram"],"picked":"Ball Lightning","floor":5},{"not_picked":["Chaos","Echo Form"],"picked":"White Noise","floor":10},{"not_picked":["Stack","Redo","Cold Snap"],"picked":"SKIP","floor":11},{"not_picked":["Hologram","Redo"],"picked":"White Noise","floor":12},{"not_picked":["Redo","Doom and Gloom"],"picked":"Storm","floor":13},{"not_picked":["Amplify","Meteor Strike"],"picked":"Buffer","floor":16},{"not_picked":["Ball Lightning","Coolheaded"],"picked":"Genetic Algorithm","floor":18},{"not_picked":["Rebound","Go for the Eyes","Skim+1"],"picked":"SKIP","floor":19}],"player_experience":117184,"relics_obtained":[{"floor":9,"key":"Orichalcum"},{"floor":10,"key":"Tiny Chest"}],"event_choices":[{"cards_removed":["Defend_B"],"damage_healed":0,"gold_gain":0,"player_choice":"Card Removal","damage_taken":7,"max_hp_gain":0,"max_hp_loss":0,"event_name":"Golden Wing","floor":7,"gold_loss":0},{"damage_healed":0,"gold_gain":0,"player_choice":"Cursed","damage_taken":0,"max_hp_gain":0,"max_hp_loss":0,"event_name":"Wheel of Change","floor":8,"gold_loss":0,"cards_obtained":["Decay"]},{"damage_healed":0,"gold_gain":0,"player_choice":"Became a vampire","damage_taken":0,"max_hp_gain":0,"max_hp_loss":23,"event_name":"Vampires","floor":20,"gold_loss":0,"cards_obtained":["Bite","Bite","Bite","Bite","Bite"]},{"damage_healed":0,"gold_gain":0,"player_choice":"Fight","damage_taken":0,"max_hp_gain":0,"max_hp_loss":0,"event_name":"Colosseum","floor":21,"gold_loss":0}],"is_beta":false,"boss_relics":[{"not_picked":["Eternal Feather","Busted Crown"],"picked":"Philosopher\u0027s Stone"}],"items_purged_floors":[14],"is_endless":false,"potions_floor_spawned":[1,3,11,12],"killed_by":"Colosseum Slavers","ascension_level":0}