{"gold_per_floor":[110,110,9,20,36,36,46,73,73,73,92,127,141,167,167,270,270,280,294,309,323,341,341,341],"floor_reached":24,"playtime":1359,"items_purged":["Normality"],"score":344,"play_id":"f416f503-885a-4f2e-8c1e-0e382bfaf6cc","local_time":"20190127102153","is_ascension_mode":true,"campfire_choices":[{"data":"Bane","floor":6,"key":"SMITH"},{"floor":10,"key":"REST"},{"floor":15,"key":"REST"},{"floor":23,"key":"REST"}],"neow_cost":"CURSE","seed_source_timestamp":238940441717000,"circlet_count":0,"master_deck":["AscendersBane","Defend_G","Defend_G","Defend_G","Defend_G","Defend_G","Strike_G","Strike_G","Strike_G","Strike_G","Survivor","Neutralize","Bane+1","Phantasmal Killer","Cloak And Dagger","Dagger Spray","Deadly Poison","Footwork","Dodge and Roll","Bouncing Flask","Glass Knife","Catalyst","Quick Slash","Corpse Explosion","Dodge and Roll+1","Dash","Blur"],"relics":["Ring of the Snake","Turnip","Oddly Smooth Stone","Orichalcum","Blue Candle","Calipers","Sozu"],"potions_floor_usage":[8,8,12,21],"damage_taken":[{"damage":6,"enemies":"Jaw Worm","floor":1,"turns":6},{"damage":3,"enemies":"Cultist","floor":4,"turns":4},{"damage":1,"enemies":"Small Slimes","floor":5,"turns":2},{"damage":9,"enemies":"3 Louse","floor":7,"turns":3},{"damage":25,"enemies":"Lagavulin","floor":8,"turns":4},{"damage":2,"enemies":"Looter","floor":11,"turns":4},{"damage":7,"enemies":"3 Sentries","floor":12,"turns":9},{"damage":3,"enemies":"Lots of Slimes","floor":13,"turns":5},{"damage":31,"enemies":"Gremlin Nob","floor":14,"turns":5},{"damage":30,"enemies":"The Guardian","floor":16,"turns":9},{"damage":11,"enemies":"Spheric Guardian","floor":18,"turns":5},{"damage":0,"enemies":"Chosen","floor":19,"turns":4},{"damage":19,"enemies":"Snecko","floor":20,"turns":6},{"damage":22,"enemies":"Chosen and Byrds","floor":21,"turns":7},{"damage":0,"enemies":"3 Cultists","floor":22,"turns":3},{"damage":40,"enemies":"Snecko","floor":24,"turns":5}],"seed_played":"-8846436775359469074","potions_obtained":[{"floor":1,"key":"Dexterity Potion"},{"floor":5,"key":"SteroidPotion"},{"floor":8,"key":"Regen Potion"},{"floor":16,"key":"Explosive Potion"}],"is_trial":false,"path_per_floor":["M","?","$","M","M","R","M","E","T","R","M","E","M","E","R","B",null,"M","M","M","M","M","R","M"],"character_chosen":"THE_SILENT","items_purchased":["Cloak And Dagger"],"campfire_rested":3,"item_purchase_floors":[3],"current_hp_per_floor":[57,57,57,54,53,53,44,19,19,40,38,46,43,12,33,3,53,42,42,23,1,1,22,0],"gold":341,"neow_bonus":"ONE_RARE_RELIC","is_prod":false,"is_daily":false,"chose_seed":false,"campfire_upgraded":1,"win_rate":0,"timestamp":1548580913,"path_taken":["M","?","$","M","M","R","M","E","T","R","M","E","M","E","R","BOSS","M","M","?","M","M","R","M"],"build_version":"2019-01-23","purchased_purges":1,"victory":false,"max_hp_per_floor":[70,70,70,70,70,70,70,70,70,70,70,70,70,70,70,70,70,70,70,70,70,70,70,70],"card_choices":[{"not_picked":["Blade Dance","Deflect"],"picked":"Bane","floor":1},{"not_picked":["Concentrate","All Out Attack"],"picked":"Dagger Spray","floor":4},{"not_picked":["Poisoned Stab","Quick Slash"],"picked":"Deadly Poison","floor":5},{"not_picked":["Reflex","Accuracy"],"picked":"Footwork","floor":7},{"not_picked":["Caltrops","Riddle With Holes"],"picked":"Dodge and Roll","floor":8},{"not_picked":["Blur","Acrobatics"],"picked":"Bouncing Flask","floor":11},{"not_picked":["Bane","Well Laid Plans"],"picked":"Glass Knife","floor":12},{"not_picked":["Sucker Punch","Cloak And Dagger"],"picked":"Catalyst","floor":13},{"not_picked":["Underhanded Strike","Prepared"],"picked":"Quick Slash","floor":14},{"not_picked":["Doppelganger","Phantasmal Killer"],"picked":"Corpse Explosion","floor":16},{"not_picked":["Footwork","Prepared"],"picked":"Dodge and Roll+1","floor":18},{"not_picked":["Infinite Blades","Tactician"],"picked":"Dash","floor":19},{"not_picked":["Dagger Spray+1","Sucker Punch+1","Expertise"],"picked":"SKIP","floor":20},{"not_picked":["Slice+1","Poisoned Stab"],"picked":"Blur","floor":21},{"not_picked":["Quick Slash","A Thousand Cuts","Accuracy+1"],"picked":"SKIP","floor":22}],"player_experience":394701,"relics_obtained":[{"floor":8,"key":"Oddly Smooth Stone"},{"floor":9,"key":"Orichalcum"},{"floor":12,"key":"Blue Candle"},{"floor":14,"key":"Calipers"}],"event_choices":[{"damage_healed":0,"gold_gain":0,"cards_transformed":["Strike_G"],"player_choice":"Transformed","damage_taken":0,"max_hp_gain":0,"max_hp_loss":0,"event_name":"Transmorgrifier","floor":2,"gold_loss":0,"cards_obtained":["Phantasmal Killer"]}],"is_beta":false,"boss_relics":[{"not_picked":["Runic Dome","Philosopher\u0027s Stone"],"picked":"Sozu"}],"items_purged_floors":[3],"is_endless":false,"potions_floor_spawned":[1,5,8,16,18,22],"killed_by":"Snecko","ascension_level":11}