{"gold_per_floor":[112,122,141,65,83,83,108,108,108,108,125,155,155,155,155,258,258,273,285,285,285,314,314,366,199,274,294,304,323,339,351,351,351],"floor_reached":33,"playtime":702,"items_purged":["Defend_R"],"score":324,"play_id":"4bf3965b-a99b-4b4e-9c6b-f5869dede610","local_time":"20190420044542","is_ascension_mode":false,"campfire_choices":[{"data":"Inflame","floor":6.0,"key":"SMITH"},{"data":"Inflame","floor":8.0,"key":"SMITH"},{"data":"Flex","floor":10.0,"key":"SMITH"},{"data":"Flex","floor":13.0,"key":"SMITH"},{"data":"Heavy Blade","floor":15.0,"key":"SMITH"},{"floor":23.0,"key":"REST"},{"floor":32,"key":"REST"}],"neow_cost":"TEN_PERCENT_HP_LOSS","seed_source_timestamp":11762954286597,"circlet_count":0,"master_deck":["Strike_R","Strike_R","Strike_R","Strike_R","Strike_R","Defend_R","Defend_R","Defend_R","Bash","Inflame+1","Flex+1","Carnage","Inflame+1","Heavy Blade+1","Flex+1","Heavy Blade+1","Panacea"],"special_seed":0,"relics":["Burning Blood","Calipers","Shuriken","Matryoshka","Odd Mushroom","Boot","Fusion Hammer","Red Mask","Bronze Scales","Bag of Marbles","Centennial Puzzle","Tiny Chest"],"potions_floor_usage":[28],"damage_taken":[{"damage":1.0,"enemies":"Cultist","floor":1.0,"turns":4.0},{"damage":6.0,"enemies":"Jaw Worm","floor":2.0,"turns":4.0},{"damage":2.0,"enemies":"2 Louse","floor":3.0,"turns":3.0},{"damage":9.0,"enemies":"2 Fungi Beasts","floor":5.0,"turns":3.0},{"damage":26.0,"enemies":"Lagavulin","floor":7.0,"turns":4.0},{"damage":5.0,"enemies":"Looter","floor":11.0,"turns":4.0},{"damage":18.0,"enemies":"The Mushroom Lair","floor":12.0,"turns":4.0},{"damage":0.0,"enemies":"Slime Boss","floor":16.0,"turns":7.0},{"damage":28.0,"enemies":"3 Byrds","floor":18.0,"turns":6.0},{"damage":10.0,"enemies":"2 Thieves","floor":19.0,"turns":3.0},{"damage":18.0,"enemies":"Masked Bandits","floor":22.0,"turns":4.0},{"damage":5.0,"enemies":"Snake Plant","floor":27.0,"turns":2.0},{"damage":6,"enemies":"3 Cultists","floor":28,"turns":3},{"damage":10,"enemies":"Sentry and Sphere","floor":29,"turns":3},{"damage":9,"enemies":"Centurion and Healer","floor":30,"turns":4},{"damage":6,"enemies":"Chosen and Byrds","floor":31,"turns":3},{"damage":78,"enemies":"Automaton","floor":33,"turns":6}],"seed_played":"3051442457095351709","potions_obtained":[{"floor":1.0,"key":"Regen Potion"},{"floor":5.0,"key":"SkillPotion"},{"floor":7.0,"key":"Block Potion"},{"floor":12.0,"key":"Fruit Juice"},{"floor":16.0,"key":"SpeedPotion"},{"floor":22.0,"key":"Fire Potion"},{"floor":27.0,"key":"AttackPotion"},{"floor":28,"key":"SpeedPotion"}],"is_trial":false,"path_per_floor":["M","M","M","$","M","R","E","R","T","R","M","?","R","?","R","B",null,"M","M","?","?","?","R","T","$","T","M","M","M","M","M","R","B"],"character_chosen":"IRONCLAD","items_purchased":["Inflame","Panacea"],"campfire_rested":2,"item_purchase_floors":[4,25],"current_hp_per_floor":[72,72,72,72,69,69,49,49,49,49,50,38,43,18,18,39,77,55,51,51,51,39,62,62,62,62,63,63,59,56,56,77,0],"gold":351,"neow_bonus":"ONE_RARE_RELIC","is_prod":false,"is_daily":false,"chose_seed":false,"campfire_upgraded":5,"win_rate":0,"timestamp":1555757142,"path_taken":["M","M","M","?","M","R","E","R","T","R","M","?","R","?","R","BOSS","M","M","?","?","?","R","?","?","T","M","?","M","M","M","R","BOSS"],"build_version":"2019-01-23","purchased_purges":1,"victory":false,"max_hp_per_floor":[72,72,72,72,72,72,72,72,72,72,72,72,77,77,77,77,77,77,77,77,77,77,77,77,77,77,77,77,77,77,77,77,77],"card_choices":[{"not_picked":["Warcry","Thunderclap"],"picked":"Inflame","floor":1.0},{"not_picked":["Corruption","Havoc"],"picked":"Flex","floor":2.0},{"not_picked":["Iron Wave","Metallicize"],"picked":"Carnage","floor":3.0},{"not_picked":["Sword Boomerang","Flex"],"picked":"Heavy Blade","floor":5.0},{"not_picked":["Bloodletting","Exhume"],"picked":"Flex","floor":7.0},{"not_picked":["Spot Weakness","Pommel Strike","Clash"],"picked":"SKIP","floor":11.0},{"not_picked":["Fire Breathing","Thunderclap+1"],"picked":"Heavy Blade+1","floor":18.0},{"not_picked":["Second Wind","Flex","Warcry"],"picked":"SKIP","floor":19.0},{"not_picked":["Infernal Blade","Reckless Charge+1","Shrug It Off"],"picked":"SKIP","floor":27.0},{"not_picked":["Rage+1","True Grit","Body Slam"],"picked":"SKIP","floor":28},{"not_picked":["Power Through","Twin Strike","Body Slam"],"picked":"SKIP","floor":29},{"not_picked":["Wild Strike","Clothesline+1","Twin Strike"],"picked":"SKIP","floor":30},{"not_picked":["Pummel","Flex","Dark Embrace"],"picked":"SKIP","floor":31}],"player_experience":1266416,"relics_obtained":[{"floor":7.0,"key":"Shuriken"},{"floor":9.0,"key":"Matryoshka"},{"floor":12.0,"key":"Odd Mushroom"},{"floor":22.0,"key":"Red Mask"},{"floor":24.0,"key":"Bronze Scales"},{"floor":24.0,"key":"Bag of Marbles"},{"floor":26.0,"key":"Centennial Puzzle"},{"floor":26.0,"key":"Tiny Chest"}],"event_choices":[{"damage_healed":0.0,"max_hp_gain":0.0,"max_hp_loss":0.0,"gold_gain":0.0,"event_name":"Mushrooms","player_choice":"Fought Mushrooms","floor":12.0,"gold_loss":0.0,"damage_taken":0.0},{"damage_healed":0.0,"max_hp_gain":0.0,"max_hp_loss":0.0,"gold_gain":0.0,"event_name":"Scrap Ooze","player_choice":"Success","floor":14.0,"gold_loss":0.0,"damage_taken":25.0,"relics_obtained":["Boot"]},{"damage_healed":0.0,"max_hp_gain":0.0,"max_hp_loss":0.0,"gold_gain":0.0,"event_name":"Ghosts","player_choice":"Ignored","floor":20.0,"gold_loss":0.0,"damage_taken":0.0},{"damage_healed":0.0,"max_hp_gain":0.0,"max_hp_loss":0.0,"gold_gain":0.0,"event_name":"Vampires","player_choice":"Ignored","floor":21.0,"gold_loss":0.0,"damage_taken":0.0},{"damage_healed":0.0,"max_hp_gain":0.0,"max_hp_loss":0.0,"gold_gain":0.0,"event_name":"Masked Bandits","player_choice":"Fought Bandits","floor":22.0,"gold_loss":0.0,"damage_taken":0.0}],"is_beta":false,"boss_relics":[{"not_picked":["Runic Pyramid","Orrery"],"picked":"Fusion Hammer"}],"items_purged_floors":[25],"is_endless":false,"potions_floor_spawned":[1,5,7,12,16,22,27,28],"killed_by":"Automaton","ascension_level":0}