{"gold_per_floor":[112,128,128,143,68,68,18,47,123,143,155,155,155,171,171,171],"floor_reached":16,"playtime":1166,"items_purged":["Defend_G"],"score":148,"play_id":"2c05cc5a-055c-4eb6-bab9-3e6e13333718","local_time":"20190418202519","is_ascension_mode":true,"campfire_choices":[{"data":"Neutralize","floor":6,"key":"SMITH"},{"floor":15,"key":"REST"}],"neow_cost":"NONE","seed_source_timestamp":671320313632796,"circlet_count":0,"master_deck":["Defend_G","Defend_G","Strike_G","Strike_G","Strike_G","Strike_G","Strike_G","Survivor","Neutralize+1","Backflip","Backflip","Dagger Throw","Concentrate","Accuracy","Dagger Throw","Deflect","Blade Dance"],"relics":["Ring of the Snake","Regal Pillow","Mummified Hand","Prayer Wheel","Ornamental Fan"],"potions_floor_usage":[8,16,16],"damage_taken":[{"damage":1,"enemies":"2 Louse","floor":1,"turns":3},{"damage":3,"enemies":"Cultist","floor":2,"turns":4},{"damage":7,"enemies":"Small Slimes","floor":4,"turns":4},{"damage":44,"enemies":"3 Sentries","floor":8,"turns":13},{"damage":3,"enemies":"Exordium Wildlife","floor":10,"turns":3},{"damage":0,"enemies":"Large Slime","floor":11,"turns":5},{"damage":2,"enemies":"Gremlin Gang","floor":14,"turns":7},{"damage":48,"enemies":"Slime Boss","floor":16,"turns":6}],"seed_played":"-516512531958265396","potions_obtained":[{"floor":4,"key":"EssenceOfSteel"},{"floor":8,"key":"SneckoOil"},{"floor":11,"key":"Dexterity Potion"}],"is_trial":false,"path_per_floor":["M","M","?","M","$","R","?","E","T","M","M","T","?","M","R","B"],"character_chosen":"THE_SILENT","items_purchased":[],"campfire_rested":1,"item_purchase_floors":[],"current_hp_per_floor":[62,59,59,52,52,52,52,8,8,5,5,5,5,3,39,0],"gold":171,"neow_bonus":"THREE_CARDS","is_prod":false,"is_daily":false,"chose_seed":false,"campfire_upgraded":1,"win_rate":0,"timestamp":1555637119,"path_taken":["M","M","?","?","$","R","?","E","T","M","M","?","?","M","R","BOSS"],"build_version":"2019-01-23","purchased_purges":1,"victory":false,"max_hp_per_floor":[70,70,70,70,70,70,70,70,70,70,70,70,70,70,70,70],"card_choices":[{"not_picked":["Flechettes","Deflect"],"picked":"Backflip","floor":1},{"not_picked":["Slice","Blade Dance"],"picked":"Backflip","floor":2},{"not_picked":["Dagger Spray","Heel Hook"],"picked":"Dagger Throw","floor":4},{"not_picked":["Night Terror","Poisoned Stab"],"picked":"Concentrate","floor":8},{"not_picked":["Bane","Deflect"],"picked":"Accuracy","floor":10},{"not_picked":["Deflect","PiercingWail"],"picked":"Dagger Throw","floor":11},{"not_picked":["Outmaneuver","Terror"],"picked":"Deflect","floor":14},{"not_picked":["Bane","Poisoned Stab"],"picked":"Blade Dance","floor":14}],"player_experience":480250,"relics_obtained":[{"floor":8,"key":"Regal Pillow"},{"floor":9,"key":"Mummified Hand"},{"floor":12,"key":"Prayer Wheel"}],"event_choices":[{"damage_healed":0,"gold_gain":0,"cards_transformed":["Defend_G"],"player_choice":"Transformed","damage_taken":0,"max_hp_gain":0,"max_hp_loss":0,"event_name":"Transmorgrifier","floor":3,"gold_loss":0,"cards_obtained":["Calculated Gamble"]},{"cards_removed":["Defend_G"],"damage_healed":0,"gold_gain":0,"player_choice":"Card Removal","damage_taken":0,"max_hp_gain":0,"max_hp_loss":0,"event_name":"The Cleric","floor":7,"gold_loss":50},{"cards_removed":["Calculated Gamble"],"damage_healed":0,"gold_gain":0,"player_choice":"Gave Card","damage_taken":0,"relics_obtained":["Ornamental Fan"],"max_hp_gain":0,"max_hp_loss":0,"event_name":"WeMeetAgain","floor":13,"gold_loss":0}],"is_beta":false,"boss_relics":[],"items_purged_floors":[5],"is_endless":false,"potions_floor_spawned":[4,8,11],"killed_by":"Slime Boss","ascension_level":9}