{"gold_per_floor":[117,117,267,0,75,105,121,136,166,196,196,222,222,238,238,238],"floor_reached":16,"playtime":578,"items_purged":["Doubt"],"score":250,"play_id":"3aeff4ce-55b6-417f-91a5-727960a775fc","local_time":"20190215202051","is_ascension_mode":true,"campfire_choices":[{"floor":11,"key":"REST"},{"floor":13,"key":"REST"},{"data":"Well Laid Plans","floor":15,"key":"SMITH"}],"neow_cost":"NONE","seed_source_timestamp":43916567184600,"circlet_count":0,"master_deck":["AscendersBane","Defend_G","Defend_G","Defend_G","Defend_G","Defend_G","Strike_G","Strike_G","Strike_G","Strike_G","Strike_G","Survivor","Neutralize+1","Backflip","Well Laid Plans+1","Cloak And Dagger","Bane","Caltrops","Predator","Deadly Poison"],"relics":["Ring of the Snake","NeowsBlessing","Bottled Tornado","Tiny Chest","Blood Vial","Matryoshka"],"potions_floor_usage":[10],"damage_taken":[{"damage":0,"enemies":"Small Slimes","floor":1,"turns":1},{"damage":0,"enemies":"3 Sentries","floor":6,"turns":1},{"damage":0,"enemies":"2 Louse","floor":7,"turns":1},{"damage":0,"enemies":"Jaw Worm","floor":8,"turns":4},{"damage":37,"enemies":"Gremlin Nob","floor":10,"turns":5},{"damage":23,"enemies":"3 Sentries","floor":12,"turns":10},{"damage":0,"enemies":"2 Fungi Beasts","floor":14,"turns":4},{"damage":32,"enemies":"Hexaghost","floor":16,"turns":11}],"seed_played":"-6340986316112845525","potions_obtained":[{"floor":6,"key":"GamblersBrew"},{"floor":12,"key":"Dexterity Potion"},{"floor":14,"key":"Weak Potion"}],"is_trial":false,"path_per_floor":["M","?","?","$","?","E","M","M","T","E","R","E","R","M","R","B"],"character_chosen":"THE_SILENT","items_purchased":["Well Laid Plans","Cloak And Dagger","Bane","Fire Potion"],"campfire_rested":2,"item_purchase_floors":[4,4,4,4],"current_hp_per_floor":[59,59,59,59,48,48,48,48,48,11,30,9,28,30,30,0],"gold":238,"neow_bonus":"THREE_ENEMY_KILL","is_prod":false,"is_daily":false,"chose_seed":false,"campfire_upgraded":1,"win_rate":0,"timestamp":1550258451,"path_taken":["M","?","?","$","?","E","M","?","T","E","R","E","R","M","R","BOSS"],"build_version":"2019-01-23","purchased_purges":1,"victory":false,"max_hp_per_floor":[66,66,66,66,66,66,66,66,66,66,66,66,66,66,66,66],"card_choices":[{"not_picked":["Underhanded Strike","Acrobatics"],"picked":"Backflip","floor":1},{"not_picked":["Doppelganger","Setup","Underhanded Strike"],"picked":"SKIP","floor":6},{"not_picked":["Backflip","Expertise"],"picked":"Caltrops","floor":7},{"not_picked":["Blade Dance","Prepared","Outmaneuver"],"picked":"SKIP","floor":8},{"not_picked":["Reflex","Slice","Prepared"],"picked":"SKIP","floor":10},{"not_picked":["Phantasmal Killer","Bane"],"picked":"Predator","floor":12},{"not_picked":["Dodge and Roll","Outmaneuver"],"picked":"Deadly Poison","floor":14}],"player_experience":503371,"relics_obtained":[{"floor":6,"key":"Bottled Tornado"},{"floor":9,"key":"Tiny Chest"},{"floor":10,"key":"Blood Vial"},{"floor":12,"key":"Matryoshka"}],"event_choices":[{"damage_healed":0,"gold_gain":0,"player_choice":"Grow","damage_taken":0,"max_hp_gain":0,"max_hp_loss":0,"event_name":"Living Wall","floor":2,"gold_loss":0,"cards_upgraded":["Neutralize"]},{"damage_healed":0,"gold_gain":150,"player_choice":"AGREE","damage_taken":0,"max_hp_gain":0,"max_hp_loss":0,"event_name":"Liars Game","floor":3,"gold_loss":0,"cards_obtained":["Doubt"]},{"damage_healed":0,"gold_gain":75,"player_choice":"Gather Gold","damage_taken":11,"max_hp_gain":0,"max_hp_loss":0,"event_name":"World of Goop","floor":5,"gold_loss":0}],"is_beta":false,"boss_relics":[],"items_purged_floors":[4],"is_endless":false,"potions_floor_spawned":[6,12,14],"killed_by":"Hexaghost","ascension_level":15}