{"gold_per_floor":[111,126,126,145,70,102,102,118,118,137,168,168,168,184,184,287,287,307,319,319,319,331,331,343,368,368,268,301,301,301,312,312,411,411,428,483,483,498,509,509,535,535,535,53,63,74,101,101,101,101],"floor_reached":51,"playtime":3605,"items_purged":["Strike_G","Shame","Pain"],"score":789,"play_id":"83e012c8-f59f-481d-8f45-9be4878d017d","local_time":"20190422054422","is_ascension_mode":false,"campfire_choices":[{"data":"Deadly Poison","floor":7,"key":"SMITH"},{"data":"Neutralize","floor":12,"key":"SMITH"},{"data":"Caltrops","floor":15,"key":"SMITH"},{"data":"Well Laid Plans","floor":23,"key":"SMITH"},{"data":"Survivor","floor":30,"key":"SMITH"},{"floor":32,"key":"REST"},{"floor":40,"key":"REST"},{"floor":42,"key":"REST"},{"floor":49,"key":"REST"}],"neow_cost":"NONE","seed_source_timestamp":936079434331402,"circlet_count":0,"master_deck":["Defend_G","Defend_G+1","Defend_G","Defend_G","Defend_G","Strike_G","Strike_G","Strike_G","Strike_G","Survivor+1","Neutralize+1","Deadly Poison+1","Caltrops+1","PiercingWail","Adrenaline","Well Laid Plans+1","Envenom+1","PiercingWail","Infinite Blades+1","Escape Plan","Backflip+1","Terror+1","Venomology","Dodge and Roll+1","Crippling Poison","Escape Plan+1","Deadly Poison+1","Footwork","Envenom"],"special_seed":0,"relics":["Ring of the Snake","Snake Skull","Lantern","Matryoshka","Cursed Key","Red Mask","Mummified Hand","Bronze Scales","Smiling Mask","Philosopher\u0027s Stone","Torii","Orichalcum","Regal Pillow","War Paint","Bag of Preparation","Dream Catcher","Blood Vial"],"potions_floor_usage":[6,6,11,14,16,16,16,19,25,25,33,33,36,36,37,37,38,39,39,41,46,46,47,47,50,50,50,50,50],"damage_taken":[{"damage":0,"enemies":"Jaw Worm","floor":1,"turns":3},{"damage":1,"enemies":"2 Louse","floor":2,"turns":3},{"damage":1,"enemies":"Cultist","floor":4,"turns":4},{"damage":24,"enemies":"Gremlin Nob","floor":6,"turns":5},{"damage":2,"enemies":"Blue Slaver","floor":8,"turns":4},{"damage":1,"enemies":"Red Slaver","floor":10,"turns":4},{"damage":19,"enemies":"3 Sentries","floor":11,"turns":9},{"damage":0,"enemies":"Large Slime","floor":14,"turns":5},{"damage":0,"enemies":"The Guardian","floor":16,"turns":8},{"damage":3,"enemies":"Shell Parasite","floor":18,"turns":6},{"damage":8,"enemies":"Chosen","floor":19,"turns":5},{"damage":0,"enemies":"Snake Plant","floor":22,"turns":4},{"damage":6,"enemies":"Centurion and Healer","floor":24,"turns":6},{"damage":2,"enemies":"Masked Bandits","floor":25,"turns":4},{"damage":0,"enemies":"Gremlin Leader","floor":28,"turns":6},{"damage":9,"enemies":"Snecko","floor":31,"turns":5},{"damage":7,"enemies":"Champ","floor":33,"turns":10},{"damage":9,"enemies":"Orb Walker","floor":35,"turns":3},{"damage":54,"enemies":"2 Orb Walkers","floor":36,"turns":6},{"damage":0,"enemies":"3 Darklings","floor":37,"turns":2},{"damage":7,"enemies":"Writhing Mass","floor":38,"turns":5},{"damage":0,"enemies":"Sphere and 2 Shapes","floor":39,"turns":7},{"damage":9,"enemies":"Reptomancer","floor":41,"turns":7},{"damage":1,"enemies":"4 Shapes","floor":45,"turns":8},{"damage":1,"enemies":"Spire Growth","floor":46,"turns":5},{"damage":0,"enemies":"Nemesis","floor":47,"turns":7},{"damage":22,"enemies":"Time Eater","floor":50,"turns":12}],"seed_played":"6896409602344240599","potions_obtained":[{"floor":0.0,"key":"EntropicBrew"},{"floor":0.0,"key":"GhostInAJar"},{"floor":0.0,"key":"LiquidBronze"},{"floor":8,"key":"Poison Potion"},{"floor":11,"key":"AttackPotion"},{"floor":13,"key":"Fire Potion"},{"floor":16,"key":"SteroidPotion"},{"floor":19,"key":"Fire Potion"},{"floor":25,"key":"Block Potion"},{"floor":33,"key":"Fruit Juice"},{"floor":36,"key":"Fire Potion"},{"floor":38,"key":"Poison Potion"},{"floor":46,"key":"GamblersBrew"}],"is_trial":false,"path_per_floor":["?","?","?","?","M","?","?","?","?"],"character_chosen":"THE_SILENT","items_purchased":["Footwork","Bag of Preparation","Dream Catcher","Block Potion"],"campfire_rested":4,"item_purchase_floors":[44,44,44,44],"current_hp_per_floor":[70,69,74,73,73,49,49,47,47,46,27,27,27,27,27,27,75,72,64,64,64,64,64,58,56,56,56,56,42,42,33,57,55,85,76,22,22,15,15,40,31,56,56,56,55,69,69,69,81,59],"gold":101,"neow_bonus":"THREE_SMALL_POTIONS","is_prod":false,"is_daily":false,"chose_seed":false,"campfire_upgraded":5,"win_rate":0,"timestamp":1555929862,"path_taken":["M","M","?","M","$","E","R","M","T","M","E","R","?","M","R","BOSS","M","M","?","?","M","R","?","?","T","$","E","?","R","M","R","BOSS","M","?","M","M","M","R","E","R","T","$","M","M","E","?","R","BOSS"],"build_version":"2019-01-23","purchased_purges":3,"victory":true,"max_hp_per_floor":[70,70,75,75,75,75,75,75,75,75,75,75,75,75,75,75,75,75,75,75,75,75,75,75,75,75,75,75,80,80,80,80,85,85,85,85,85,85,85,85,85,85,85,85,85,85,85,81,81,81],"card_choices":[{"not_picked":["Riddle With Holes","Catalyst","Prepared"],"picked":"SKIP","floor":1},{"not_picked":["Prepared","Backflip"],"picked":"Deadly Poison","floor":2},{"not_picked":["Masterful Stab","Dodge and Roll"],"picked":"Caltrops","floor":4},{"not_picked":["Concentrate","All Out Attack","Choke"],"picked":"SKIP","floor":6},{"not_picked":["Caltrops","Sucker Punch"],"picked":"PiercingWail","floor":8},{"not_picked":["Distraction","Dagger Throw","Accuracy"],"picked":"SKIP","floor":10},{"not_picked":["Blade Dance","Dagger Throw"],"picked":"Adrenaline","floor":11},{"not_picked":["Blade Dance","Flying Knee"],"picked":"Well Laid Plans","floor":14},{"not_picked":["Grand Finale","Venomology"],"picked":"Envenom","floor":16},{"not_picked":["Dagger Spray","Heel Hook","PiercingWail"],"picked":"SKIP","floor":18},{"not_picked":["Dagger Spray","Heel Hook"],"picked":"PiercingWail","floor":18},{"not_picked":["Dagger Throw+1","Riddle With Holes","Outmaneuver"],"picked":"SKIP","floor":19},{"not_picked":["Grand Finale","Cloak And Dagger"],"picked":"Infinite Blades+1","floor":22},{"not_picked":["Dagger Spray","Calculated Gamble"],"picked":"Escape Plan","floor":24},{"not_picked":["Outmaneuver","Flechettes"],"picked":"Backflip+1","floor":25},{"not_picked":["Deadly Poison","Underhanded Strike"],"picked":"Terror+1","floor":28},{"not_picked":["Underhanded Strike+1","Sucker Punch+1","Terror"],"picked":"SKIP","floor":31},{"not_picked":["Grand Finale","Storm of Steel"],"picked":"Venomology","floor":33},{"not_picked":["Poisoned Stab","Eviscerate","Outmaneuver"],"picked":"SKIP","floor":35},{"not_picked":["Dagger Throw+1","Flying Knee+1"],"picked":"Dodge and Roll+1","floor":36},{"not_picked":["Bane","Deflect"],"picked":"Crippling Poison","floor":38},{"not_picked":["Deflect","Dagger Spray"],"picked":"Escape Plan","floor":39},{"not_picked":["Accuracy+1","Sucker Punch"],"picked":"Deadly Poison+1","floor":41},{"not_picked":["Setup+1","Eviscerate+1","Masterful Stab+1"],"picked":"SKIP","floor":45},{"not_picked":["Flying Knee","Poisoned Stab+1","Quick Slash"],"picked":"SKIP","floor":46},{"not_picked":["Bane","Flying Knee+1","Riddle With Holes+1"],"picked":"SKIP","floor":47},{"not_picked":["Prepared+1","Acrobatics+1"],"picked":"Envenom","floor":49}],"player_experience":485777,"relics_obtained":[{"floor":6,"key":"Snake Skull"},{"floor":9,"key":"Lantern"},{"floor":11,"key":"Matryoshka"},{"floor":25,"key":"Red Mask"},{"floor":26,"key":"Mummified Hand"},{"floor":26,"key":"Bronze Scales"},{"floor":28,"key":"Smiling Mask"},{"floor":36,"key":"Torii"},{"floor":41,"key":"Orichalcum"},{"floor":43,"key":"Regal Pillow"},{"floor":43,"key":"War Paint"},{"floor":47,"key":"Blood Vial"}],"event_choices":[{"damage_healed":0,"gold_gain":0,"player_choice":"Donut","damage_taken":0,"max_hp_gain":5,"max_hp_loss":0,"event_name":"Big Fish","floor":3,"gold_loss":0},{"damage_healed":0,"gold_gain":0,"player_choice":"Got Potions","damage_taken":0,"max_hp_gain":0,"max_hp_loss":0,"event_name":"Lab","floor":13,"gold_loss":0},{"damage_healed":0,"gold_gain":0,"player_choice":"Ignored","damage_taken":0,"max_hp_gain":0,"max_hp_loss":0,"event_name":"Ghosts","floor":20,"gold_loss":0},{"damage_healed":0,"gold_gain":0,"player_choice":"Forge","damage_taken":0,"max_hp_gain":0,"max_hp_loss":0,"event_name":"Accursed Blacksmith","floor":21,"gold_loss":0,"cards_upgraded":["Envenom"]},{"damage_healed":0,"gold_gain":0,"player_choice":"Fought Bandits","damage_taken":0,"max_hp_gain":0,"max_hp_loss":0,"event_name":"Masked Bandits","floor":25,"gold_loss":0},{"damage_healed":0,"gold_gain":0,"player_choice":"Shed Blood","damage_taken":19,"max_hp_gain":5,"max_hp_loss":0,"event_name":"Forgotten Altar","floor":29,"gold_loss":0},{"damage_healed":0,"gold_gain":0,"player_choice":"Fight","damage_taken":0,"max_hp_gain":0,"max_hp_loss":0,"event_name":"Mysterious Sphere","floor":36,"gold_loss":0},{"damage_healed":0,"gold_gain":0,"player_choice":"Max HP","damage_taken":0,"max_hp_gain":0,"max_hp_loss":4,"event_name":"Winding Halls","floor":48,"gold_loss":0}],"is_beta":false,"boss_relics":[{"not_picked":["Empty Cage","Ring of the Serpent"],"picked":"Cursed Key"},{"not_picked":["HoveringKite","Astrolabe"],"picked":"Philosopher\u0027s Stone"}],"items_purged_floors":[5,27,44],"is_endless":false,"potions_floor_spawned":[2,8,11,16,19,25,33,36,38,46],"ascension_level":0}