{"gold_per_floor":[114,114,6,6,6,6,32,32,85,101,101,101,120,120,120,223,223,237,217,237,110,124,158,158,158,185,185,110,127,127,145,145,247,247,258,81,91,102,102,102,114,126,150,164,189,7,7,24,24,24],"floor_reached":51,"playtime":6555,"items_purged":["Regret","Parasite"],"score":695,"play_id":"02359b46-849a-4195-99c3-e0a5af4ea61a","local_time":"20190211180624","is_ascension_mode":false,"campfire_choices":[{"data":"Infernal Blade","floor":6,"key":"SMITH"},{"data":"Metallicize","floor":8,"key":"SMITH"},{"data":"Fire Breathing","floor":12,"key":"SMITH"},{"data":"Heavy Blade","floor":15,"key":"SMITH"},{"data":"Limit Break","floor":25,"key":"SMITH"},{"floor":30,"key":"REST"},{"floor":32,"key":"REST"},{"data":"True Grit","floor":40,"key":"SMITH"},{"data":"Exhume","floor":47,"key":"SMITH"},{"data":"True Grit","floor":49,"key":"SMITH"}],"neow_cost":"NONE","seed_source_timestamp":1128468944111400,"circlet_count":0,"master_deck":["Strike_R","Defend_R+1","Defend_R+1","Defend_R","Bash","Cleave","Metallicize+1","Infernal Blade+1","Heavy Blade+1","Fire Breathing+1","Inflame","Limit Break+1","Clash+1","Spot Weakness","True Grit+1","Heavy Blade+1","Exhume+1","Battle Trance","Inflame","Reaper","Warcry+1","Feel No Pain","Trip","Dropkick+1","Thunderclap+1","Second Wind","Shockwave+1","Rupture","Anger","Clash","Enlightenment","True Grit+1"],"relics":["Burning Blood","Strawberry","Oddly Smooth Stone","Calling Bell","War Paint","Mummified Hand","Pocketwatch","Vajra","Ancient Tea Set","Runic Cube","Centennial Puzzle","Dream Catcher"],"potions_floor_usage":[16,22,23,31,38,45,50],"damage_taken":[{"damage":6,"enemies":"Jaw Worm","floor":1,"turns":4},{"damage":38,"enemies":"Lagavulin","floor":7,"turns":8},{"damage":0,"enemies":"Small Slimes","floor":10,"turns":3},{"damage":0,"enemies":"Cultist","floor":13,"turns":4},{"damage":71,"enemies":"The Guardian","floor":16,"turns":10},{"damage":24,"enemies":"Shell Parasite","floor":18,"turns":7},{"damage":18,"enemies":"Spheric Guardian","floor":20,"turns":4},{"damage":20,"enemies":"Shelled Parasite and Fungi","floor":22,"turns":4},{"damage":17,"enemies":"Book of Stabbing","floor":23,"turns":4},{"damage":21,"enemies":"Snake Plant","floor":29,"turns":3},{"damage":22,"enemies":"Centurion and Healer","floor":31,"turns":5},{"damage":30,"enemies":"Automaton","floor":33,"turns":5},{"damage":15,"enemies":"Orb Walker","floor":35,"turns":2},{"damage":24,"enemies":"3 Shapes","floor":37,"turns":3},{"damage":18,"enemies":"Maw","floor":38,"turns":6},{"damage":11,"enemies":"Sphere and 2 Shapes","floor":41,"turns":4},{"damage":6,"enemies":"Spire Growth","floor":42,"turns":4},{"damage":9,"enemies":"Jaw Worm Horde","floor":44,"turns":4},{"damage":37,"enemies":"Giant Head","floor":45,"turns":7},{"damage":11,"enemies":"4 Shapes","floor":48,"turns":2},{"damage":81,"enemies":"Donu and Deca","floor":50,"turns":7}],"seed_played":"-8962429506493071123","potions_obtained":[{"floor":7,"key":"SpeedPotion"},{"floor":13,"key":"SteroidPotion"},{"floor":18,"key":"Energy Potion"},{"floor":22,"key":"PowerPotion"},{"floor":33,"key":"Energy Potion"},{"floor":37,"key":"Poison Potion"},{"floor":42,"key":"FairyPotion"},{"floor":48,"key":"Swift Potion"}],"is_trial":false,"path_per_floor":["M","?","$","?","$","R","E","R","T","M","?","R","M","?","R","B",null,"M","?","M","$","M","E","?","R","T","?","?","M","R","M","R","B",null,"M","$","M","M","?","R","M","M","T","M","E","$","R","M","R","B",null],"character_chosen":"IRONCLAD","items_purchased":["Metallicize","Infernal Blade","True Grit","Feel No Pain","Trip","Enlightenment"],"campfire_rested":2,"item_purchase_floors":[3,3,21,36,36,46],"current_hp_per_floor":[88,93,93,93,93,93,68,68,68,74,74,74,80,80,80,15,100,82,82,70,70,56,45,45,45,45,45,45,30,60,44,74,50,100,91,91,94,88,88,88,83,83,83,100,82,82,82,77,77,22],"gold":24,"neow_bonus":"TEN_PERCENT_HP_BONUS","is_prod":false,"is_daily":false,"chose_seed":false,"campfire_upgraded":8,"win_rate":0.0,"timestamp":1549904784,"path_taken":["M","?","$","?","$","R","E","R","T","M","?","R","?","?","R","BOSS","M","?","?","$","M","E","?","R","T","?","?","M","R","M","R","BOSS","M","$","M","M","?","R","M","M","T","M","E","?","R","M","R","BOSS"],"build_version":"2019-01-23","purchased_purges":2,"victory":true,"max_hp_per_floor":[88,93,93,93,93,93,100,100,100,100,100,100,100,100,100,100,100,100,100,100,100,100,100,100,100,100,100,100,100,100,100,100,100,100,100,100,100,100,100,100,100,100,100,100,100,97,97,97,97,97],"card_choices":[{"not_picked":["Wild Strike","Body Slam"],"picked":"Cleave","floor":1},{"not_picked":["True Grit","Sword Boomerang"],"picked":"Heavy Blade","floor":7},{"not_picked":["Sword Boomerang","True Grit"],"picked":"Fire Breathing","floor":10},{"not_picked":["Thunderclap","Anger"],"picked":"Inflame","floor":13},{"not_picked":["Fiend Fire","Impervious"],"picked":"Limit Break","floor":16},{"not_picked":["Pummel+1","Thunderclap"],"picked":"Clash+1","floor":18},{"not_picked":["Pommel Strike","Sever Soul"],"picked":"Spot Weakness","floor":20},{"not_picked":["Pummel+1","Thunderclap+1"],"picked":"Heavy Blade+1","floor":22},{"not_picked":["Wild Strike+1","Sword Boomerang"],"picked":"Exhume","floor":23},{"not_picked":["Pommel Strike","Spot Weakness"],"picked":"Battle Trance","floor":29},{"not_picked":["Twin Strike","Burning Pact"],"picked":"Inflame","floor":31},{"not_picked":["Barricade","Feed"],"picked":"Reaper","floor":33},{"not_picked":["Wild Strike+1","Ghostly Armor"],"picked":"Warcry+1","floor":35},{"not_picked":["Wild Strike+1","Anger"],"picked":"Dropkick+1","floor":37},{"not_picked":["Wild Strike+1","Power Through"],"picked":"Thunderclap+1","floor":38},{"not_picked":["True Grit+1","Cleave"],"picked":"Shockwave+1","floor":41},{"not_picked":["Exhume","Warcry+1"],"picked":"Rupture","floor":42},{"not_picked":["True Grit","Clash"],"picked":"Anger","floor":44},{"not_picked":["Havoc","Wild Strike"],"picked":"Clash","floor":45},{"not_picked":["Sever Soul","Armaments"],"picked":"True Grit","floor":48}],"player_experience":42336,"relics_obtained":[{"floor":7,"key":"Strawberry"},{"floor":9,"key":"Oddly Smooth Stone"},{"floor":17,"key":"War Paint"},{"floor":17,"key":"Mummified Hand"},{"floor":17,"key":"Pocketwatch"},{"floor":23,"key":"Vajra"},{"floor":26,"key":"Ancient Tea Set"},{"floor":43,"key":"Centennial Puzzle"},{"floor":45,"key":"Dream Catcher"}],"event_choices":[{"damage_healed":0,"gold_gain":0,"player_choice":"Donut","damage_taken":0,"max_hp_gain":5,"max_hp_loss":0,"event_name":"Big Fish","floor":2,"gold_loss":0},{"cards_removed":["Strike_R"],"damage_healed":0,"gold_gain":0,"player_choice":"Forget","damage_taken":0,"max_hp_gain":0,"max_hp_loss":0,"event_name":"Living Wall","floor":4,"gold_loss":0},{"cards_removed":["Strike_R"],"damage_healed":0,"gold_gain":0,"player_choice":"Offered Basic","damage_taken":0,"max_hp_gain":0,"max_hp_loss":0,"event_name":"Bonfire Elementals","floor":11,"gold_loss":0},{"cards_removed":["Strike_R"],"damage_healed":0,"gold_gain":0,"player_choice":"Purged","damage_taken":0,"max_hp_gain":0,"max_hp_loss":0,"event_name":"Purifier","floor":14,"gold_loss":0},{"damage_healed":0,"gold_gain":0,"player_choice":"Bought 1 Potion","damage_taken":0,"max_hp_gain":0,"max_hp_loss":0,"event_name":"The Woman in Blue","floor":19,"gold_loss":0},{"cards_removed":["Strike_R"],"damage_healed":0,"gold_gain":0,"player_choice":"Elegance","damage_taken":0,"max_hp_gain":0,"max_hp_loss":0,"event_name":"Back to Basics","floor":24,"gold_loss":0},{"damage_healed":0,"gold_gain":0,"player_choice":"Ignored","damage_taken":0,"max_hp_gain":0,"max_hp_loss":0,"event_name":"The Mausoleum","floor":27,"gold_loss":0},{"cards_removed":["Decay"],"damage_healed":0,"gold_gain":0,"player_choice":"Gave Gold","damage_taken":0,"max_hp_gain":0,"max_hp_loss":0,"event_name":"Beggar","floor":28,"gold_loss":75},{"damage_healed":0,"gold_gain":0,"cards_transformed":["Defend_R"],"player_choice":"Transformed","damage_taken":0,"max_hp_gain":0,"max_hp_loss":0,"event_name":"Transmorgrifier","floor":39,"gold_loss":0,"cards_obtained":["Second Wind"]}],"is_beta":false,"boss_relics":[{"not_picked":["Eternal Feather","Ectoplasm"],"picked":"Calling Bell"},{"not_picked":["Orrery","Astrolabe"],"picked":"Runic Cube"}],"items_purged_floors":[21,46],"is_endless":false,"potions_floor_spawned":[7,13,18,22,33,37,42,48],"ascension_level":0}