{"path_per_floor":["M","M","$","M","M","E","M","R","T","M","?","E","?","$","R","B",null,"M","M","?","M","?","R","M","M","T","$","M","M","M","?","R","B",null,"M","$","M","?","T","R","M","$","T","R","?","R","M","M","R","B"],"character_chosen":"IRONCLAD","items_purchased":["Pommel Strike","Apotheosis","War Paint","Demon Form"],"gold_per_floor":[115,132,4,15,33,67,79,79,148,168,168,200,200,120,120,221,221,234,250,150,164,164,164,182,200,248,7,27,37,53,53,53,158,158,171,53,71,71,71,71,82,25,72,72,72,72,92,110,110,110],"floor_reached":51,"campfire_rested":4,"playtime":2435,"current_hp_per_floor":[80,80,80,80,76,64,65,65,65,61,61,59,52,52,52,42,80,70,58,58,44,28,52,32,25,25,25,12,13,10,36,60,7,80,76,76,36,36,36,36,44,44,44,68,68,68,52,55,79,22],"items_purged":["Strike_R","Strike_R","Defend_R"],"gold":110,"score":714,"play_id":"03347afe-cd6c-43de-9c42-67da26dbc446","local_time":"20180317012922","is_prod":false,"is_daily":false,"is_ascension_mode":false,"campfire_upgraded":4,"timestamp":1521221362,"path_taken":["M","M","$","M","M","E","M","R","T","M","?","E","?","$","R","BOSS","M","?","?","?","?","R","M","M","T","$","M","?","M","?","R","BOSS","M","$","M","?","?","R","M","$","T","R","?","R","M","M","R","BOSS"],"build_version":"2018-03-15","purchased_purges":3,"victory":true,"master_deck":["Defend_R","Defend_R","Bash+1","Flex+1","Headbutt","Pommel Strike+1","Cleave","Headbutt","Seeing Red","Shockwave","Shrug It Off+1","Berserk+1","Iron Wave+1","Carnage+1","Burning Pact+1","Iron Wave+1","J.A.X.","Bloodletting+1","Necronomicurse","Shrug It Off","Hemokinesis","Apotheosis+1","Pommel Strike","Warcry+1","Limit Break+1","Headbutt","Heavy Blade","Heavy Blade","Demon Form+1","Ghostly Armor+1","Headbutt+1"],"max_hp_per_floor":[80,80,80,80,80,80,80,80,80,80,80,80,80,80,80,80,80,80,80,80,80,80,80,80,80,80,80,80,80,80,80,80,80,80,80,80,80,80,80,80,80,80,80,80,80,80,80,80,80,80],"relics":["Burning Blood","Art of War","Frozen Egg 2","The Courier","Bronze Scales","Astrolabe","Necronomicon","Pen Nib","Sozu","War Paint","Meat on the Bone","Ancient Tea Set"],"card_choices":[{"not_picked":["Warcry","Iron Wave"],"picked":"Flex"},{"not_picked":["Sword Boomerang","Clash"],"picked":"Headbutt"},{"not_picked":["Sword Boomerang","Wild Strike"],"picked":"Cleave"},{"not_picked":["Flex","Infernal Blade"],"picked":"Dropkick"},{"not_picked":["Perfected Strike","Body Slam"],"picked":"Headbutt"},{"not_picked":["Thunderclap","Double Tap"],"picked":"Seeing Red"},{"not_picked":["Rage","Wild Strike"],"picked":"Shrug It Off"},{"not_picked":["Immolate","Dark Embrace"],"picked":"Berserk"},{"not_picked":["Twin Strike","Warcry"],"picked":"Iron Wave"},{"not_picked":["Searing Blow","Flame Barrier"],"picked":"Bloodletting"},{"not_picked":["Fiend Fire","Feel No Pain"],"picked":"Shrug It Off"},{"not_picked":["True Grit","Feel No Pain"],"picked":"Hemokinesis"},{"not_picked":["Twin Strike","Headbutt"],"picked":"Pommel Strike"},{"not_picked":["Clothesline","Armaments"],"picked":"Warcry"},{"not_picked":["Double Tap","Barricade"],"picked":"Limit Break"},{"not_picked":["Anger","Bloodletting"],"picked":"Headbutt"},{"not_picked":["Rupture","Sword Boomerang"],"picked":"Heavy Blade"},{"not_picked":["Warcry","True Grit"],"picked":"Heavy Blade"},{"not_picked":["Uppercut","Searing Blow"],"picked":"Ghostly Armor"},{"not_picked":["Shrug It Off","Rupture"],"picked":"Headbutt"}],"player_experience":319891,"potions_floor_usage":[16,29,30,30,30,33,50],"damage_taken":[{"damage":5,"enemies":"Jaw Worm","floor":1,"turns":5},{"damage":0,"enemies":"Small Slimes","floor":2,"turns":3},{"damage":0,"enemies":"Cultist","floor":4,"turns":2},{"damage":10,"enemies":"3 Louse","floor":5,"turns":4},{"damage":18,"enemies":"3 Sentries","floor":6,"turns":8},{"damage":5,"enemies":"2 Fungi Beasts","floor":7,"turns":3},{"damage":10,"enemies":"Gremlin Gang","floor":10,"turns":5},{"damage":8,"enemies":"Gremlin Nob","floor":12,"turns":4},{"damage":31,"enemies":"Hexaghost","floor":16,"turns":9},{"damage":16,"enemies":"Shell Parasite","floor":18,"turns":6},{"damage":18,"enemies":"2 Thieves","floor":19,"turns":3},{"damage":20,"enemies":"Centurion and Healer","floor":21,"turns":6},{"damage":26,"enemies":"Snake Plant","floor":24,"turns":3},{"damage":13,"enemies":"Chosen and Byrds","floor":25,"turns":6},{"damage":19,"enemies":"3 Cultists","floor":28,"turns":5},{"damage":5,"enemies":"Cultist and Chosen","floor":29,"turns":4},{"damage":9,"enemies":"Centurion and Healer","floor":30,"turns":3},{"damage":59,"enemies":"Collector","floor":33,"turns":8},{"damage":10,"enemies":"Orb Walker","floor":35,"turns":3},{"damage":46,"enemies":"3 Darklings","floor":37,"turns":4},{"damage":10,"enemies":"4 Shapes","floor":41,"turns":5},{"damage":22,"enemies":"Maw","floor":47,"turns":3},{"damage":3,"enemies":"Sphere and 2 Shapes","floor":48,"turns":3},{"damage":75,"enemies":"Time Eater","floor":50,"turns":7}],"event_choices":[{"event_name":"Living Wall","player_choice":"Change","floor":11,"damage_taken":0},{"event_name":"Scrap Ooze","player_choice":"success","floor":13,"damage_taken":7},{"event_name":"Drug Dealer","player_choice":"Got JAXXED","floor":20,"damage_taken":0},{"event_name":"Cursed Tome","player_choice":"Obtained Book","floor":22,"damage_taken":0},{"event_name":"The Library","player_choice":"Heal","floor":31,"damage_taken":0},{"event_name":"Match and Keep!","player_choice":"0 cards matched","floor":38,"damage_taken":0}],"boss_relics":[{"not_picked":["Tiny House","Lizard Tail"],"picked":"Astrolabe"},{"not_picked":["Orrery","Black Blood"],"picked":"Sozu"}],"potions_floor_spawned":[2,5,12,16,25,29,30,33,35,41,47],"seed_played":"-1447779120865195443","ascension_level":0,"is_trial":false}