{"gold_per_floor":[114,130,130,140,159,192,192,253,305,316,316,329,629,629,629,725,725,741,378,398,272,284,284,314,314,314,345,357,374,374,390,390,489,489,500,515,515,527,527,527,74,0,49,149,123,123,123,123,123,123],"floor_reached":51,"playtime":3514,"items_purged":["Strike_R","Strike_R","Strike_R"],"score":817,"play_id":"173094da-3dc6-4a99-a340-f5345e26d319","local_time":"20190308215900","is_ascension_mode":true,"campfire_choices":[{"data":"Rampage","floor":7,"key":"SMITH"},{"floor":11,"key":"REST"},{"floor":15,"key":"REST"},{"floor":25,"key":"REST"},{"floor":30,"key":"REST"},{"floor":32,"key":"REST"},{"floor":40,"key":"REST"},{"floor":47,"key":"REST"},{"floor":49,"key":"RECALL"}],"neow_cost":"NONE","seed_source_timestamp":513830385717600,"circlet_count":0,"master_deck":["Strike_R+1","Defend_R","Defend_R","Defend_R","Defend_R","Bash","Twin Strike+1","Cleave","Rampage+1","Disarm","Intimidate","Spot Weakness","Metallicize","Blood for Blood","Iron Wave","Exhume","Battle Trance","Demon Form","True Grit+1","Uppercut","Shrug It Off","Heavy Blade","Pommel Strike+1","Metallicize","Flex","Infernal Blade","Barricade","Entrench","Anger+1","Disarm+1","Headbutt","Headbutt+1","Dual Wield+1","Impervious+1","Armaments+1","Trip+1","Secret Weapon+1","Warcry+1"],"relics":["Burning Blood","Regal Pillow","Oddly Smooth Stone","Bottled Flame","Tiny Chest","Dream Catcher","Old Coin","Fusion Hammer","Self Forming Clay","Whetstone","Blue Candle","Torii","Orrery","Toxic Egg 2","Red Mask","Bronze Scales","Incense Burner","Anchor"],"potions_floor_usage":[8,8,8,18,22,22,27,28,33,35,44,50],"damage_taken":[{"damage":9,"enemies":"Jaw Worm","floor":1,"turns":5},{"damage":0,"enemies":"Small Slimes","floor":2,"turns":2},{"damage":0,"enemies":"Cultist","floor":4,"turns":4},{"damage":8,"enemies":"Blue Slaver","floor":5,"turns":3},{"damage":32,"enemies":"3 Sentries","floor":6,"turns":7},{"damage":34,"enemies":"Gremlin Nob","floor":8,"turns":5},{"damage":22,"enemies":"Gremlin Gang","floor":10,"turns":4},{"damage":17,"enemies":"Red Slaver","floor":12,"turns":3},{"damage":15,"enemies":"Hexaghost","floor":16,"turns":8},{"damage":6,"enemies":"Shell Parasite","floor":18,"turns":7},{"damage":17,"enemies":"3 Byrds","floor":20,"turns":5},{"damage":20,"enemies":"Sentry and Sphere","floor":22,"turns":9},{"damage":21,"enemies":"Book of Stabbing","floor":24,"turns":6},{"damage":55,"enemies":"Slavers","floor":27,"turns":7},{"damage":7,"enemies":"Chosen and Byrds","floor":28,"turns":8},{"damage":30,"enemies":"Snecko","floor":29,"turns":6},{"damage":2,"enemies":"Snake Plant","floor":31,"turns":4},{"damage":45,"enemies":"Automaton","floor":33,"turns":12},{"damage":10,"enemies":"3 Shapes","floor":35,"turns":7},{"damage":24,"enemies":"Orb Walker","floor":36,"turns":5},{"damage":49,"enemies":"3 Darklings","floor":38,"turns":8},{"damage":15,"enemies":"Mind Bloom Boss Battle","floor":44,"turns":6},{"damage":24,"enemies":"Awakened One","floor":50,"turns":16}],"seed_played":"5368108687402733998","potions_obtained":[{"floor":1,"key":"Weak Potion"},{"floor":5,"key":"GamblersBrew"},{"floor":6,"key":"BloodPotion"},{"floor":12,"key":"Fire Potion"},{"floor":16,"key":"EssenceOfSteel"},{"floor":20,"key":"Dexterity Potion"},{"floor":24,"key":"Regen Potion"},{"floor":27,"key":"Fire Potion"},{"floor":28,"key":"Explosive Potion"},{"floor":29,"key":"GamblersBrew"},{"floor":35,"key":"SteroidPotion"},{"floor":38,"key":"Regen Potion"},{"floor":44,"key":"Dexterity Potion"}],"is_trial":false,"path_per_floor":["M","M","?","M","M","E","R","E","T","M","R","M","T","?","R","B",null,"M","$","M","$","M","?","E","R","T","E","M","M","R","M","R","B",null,"M","M","T","M","?","R","$","?","T","?","$","T","R","$","R","B",null],"character_chosen":"IRONCLAD","items_purchased":["Uppercut","Self Forming Clay","Shrug It Off","Armaments+1","Trip+1","Secret Weapon+1","Warcry+1"],"campfire_rested":7,"item_purchase_floors":[19,19,21,41,41,41,45],"current_hp_per_floor":[77,80,73,79,77,51,51,31,31,15,54,43,43,43,80,71,80,80,80,69,69,55,55,40,79,79,42,41,17,56,60,80,41,80,76,58,58,15,15,54,54,54,54,59,59,59,80,80,80,62],"gold":123,"neow_bonus":"RANDOM_COMMON_RELIC","is_prod":false,"is_daily":false,"chose_seed":false,"campfire_upgraded":1,"win_rate":0,"timestamp":1552078740,"path_taken":["M","M","?","M","M","E","R","E","T","M","R","M","?","?","R","BOSS","M","$","M","$","?","?","E","R","T","E","M","M","R","?","R","BOSS","M","M","?","M","?","R","$","?","T","?","?","?","R","$","R","BOSS"],"build_version":"2019-01-23","purchased_purges":3,"victory":true,"max_hp_per_floor":[80,80,80,80,80,80,80,80,80,80,80,80,80,80,80,80,80,80,80,80,80,80,80,80,80,80,80,80,80,80,80,80,80,80,80,80,80,80,80,80,80,80,80,80,80,80,80,80,80,80],"card_choices":[{"not_picked":["Flex","Clash"],"picked":"Twin Strike","floor":1},{"not_picked":["Perfected Strike","Power Through"],"picked":"Cleave","floor":2},{"not_picked":["True Grit","Disarm"],"picked":"Rampage","floor":4},{"not_picked":["Feel No Pain","Burning Pact"],"picked":"Disarm","floor":5},{"not_picked":["Shockwave","Feel No Pain"],"picked":"Intimidate","floor":6},{"not_picked":["Pummel","Blood for Blood"],"picked":"Spot Weakness","floor":8},{"not_picked":["Cleave","Entrench"],"picked":"Metallicize","floor":10},{"not_picked":["Bloodletting","Corruption"],"picked":"Blood for Blood","floor":11},{"not_picked":["True Grit","Armaments"],"picked":"Iron Wave","floor":12},{"not_picked":["Blood for Blood","Perfected Strike"],"picked":"Battle Trance","floor":15},{"not_picked":["Limit Break","Immolate"],"picked":"Demon Form","floor":16},{"not_picked":["Ghostly Armor+1","Flex+1"],"picked":"True Grit+1","floor":18},{"not_picked":["Clothesline+1","Twin Strike","Wild Strike"],"picked":"SKIP","floor":20},{"not_picked":["Shrug It Off","Impervious"],"picked":"Heavy Blade","floor":22},{"not_picked":["Pommel Strike","Anger","Body Slam"],"picked":"SKIP","floor":24},{"not_picked":["Sword Boomerang","Cleave"],"picked":"Pommel Strike+1","floor":25},{"not_picked":["Exhume","Evolve"],"picked":"Metallicize","floor":27},{"not_picked":["Wild Strike","Perfected Strike+1","Pummel"],"picked":"SKIP","floor":28},{"not_picked":["Heavy Blade","Flame Barrier"],"picked":"Infernal Blade","floor":29},{"not_picked":["Hemokinesis","Cleave"],"picked":"Flex","floor":31},{"not_picked":["Anger","Pommel Strike"],"picked":"Infernal Blade","floor":32},{"not_picked":["Immolate","Limit Break"],"picked":"Barricade","floor":33},{"not_picked":["Clothesline+1","Flex"],"picked":"Entrench","floor":34},{"not_picked":["Wild Strike","Reckless Charge"],"picked":"Anger+1","floor":34},{"not_picked":["Metallicize","Cleave"],"picked":"Disarm+1","floor":34},{"not_picked":["Fire Breathing","Second Wind"],"picked":"Headbutt","floor":34},{"not_picked":["Cleave+1","Corruption"],"picked":"Headbutt+1","floor":35},{"not_picked":["Shockwave","True Grit+1"],"picked":"Dual Wield+1","floor":36},{"not_picked":["Cleave","Anger+1","Body Slam+1"],"picked":"SKIP","floor":38},{"not_picked":["Shrug It Off+1","Wild Strike"],"picked":"Impervious+1","floor":40}],"player_experience":337151,"relics_obtained":[{"floor":6,"key":"Bottled Flame"},{"floor":8,"key":"Tiny Chest"},{"floor":9,"key":"Dream Catcher"},{"floor":13,"key":"Old Coin"},{"floor":24,"key":"Whetstone"},{"floor":26,"key":"Blue Candle"},{"floor":27,"key":"Torii"},{"floor":37,"key":"Toxic Egg 2"},{"floor":43,"key":"Bronze Scales"},{"floor":44,"key":"Incense Burner"},{"floor":46,"key":"Anchor"}],"event_choices":[{"damage_healed":0,"gold_gain":0,"player_choice":"Success","damage_taken":7,"relics_obtained":["Oddly Smooth Stone"],"max_hp_gain":0,"max_hp_loss":0,"event_name":"Scrap Ooze","floor":3,"gold_loss":0},{"damage_healed":0,"gold_gain":0,"cards_transformed":["Strike_R"],"player_choice":"Transformed","damage_taken":0,"max_hp_gain":0,"max_hp_loss":0,"event_name":"Transmorgrifier","floor":14,"gold_loss":0,"cards_obtained":["Exhume"]},{"damage_healed":0,"gold_gain":0,"player_choice":"Ignored","damage_taken":0,"max_hp_gain":0,"max_hp_loss":0,"event_name":"N\u0027loth","floor":23,"gold_loss":0},{"cards_removed":["Infernal Blade"],"damage_healed":0,"gold_gain":0,"player_choice":"Removed Skill","damage_taken":0,"max_hp_gain":0,"max_hp_loss":0,"event_name":"Falling","floor":39,"gold_loss":0},{"damage_healed":0,"gold_gain":0,"player_choice":"Paid","damage_taken":0,"relics_obtained":["Red Mask"],"max_hp_gain":0,"max_hp_loss":0,"event_name":"Tomb of Lord Red Mask","floor":42,"gold_loss":74},{"damage_healed":0,"gold_gain":0,"player_choice":"Fight","damage_taken":0,"max_hp_gain":0,"max_hp_loss":0,"event_name":"MindBloom","floor":44,"gold_loss":0}],"is_beta":false,"boss_relics":[{"not_picked":["Mark of Pain","Velvet Choker"],"picked":"Fusion Hammer"},{"not_picked":["Lizard Tail","Empty Cage"],"picked":"Orrery"}],"items_purged_floors":[19,21,41],"is_endless":false,"potions_floor_spawned":[1,5,6,12,16,20,24,27,28,29,35,38,44],"ascension_level":3}