{"path_per_floor":["M","M","M","M","M","R","?","M","T","M","$","R","M","M","R","B",null,"M","$","?","M","$","R","T","R","T","M","M","R","$","?","R"],"character_chosen":"IRONCLAD","items_purchased":["Apotheosis","Flex","Shrug It Off","Pommel Strike"],"gold_per_floor":[109,126,143,159,179,179,179,193,217,230,0,0,18,37,37,142,142,162,62,62,73,22,22,22,22,22,38,53,53,53,53,53],"floor_reached":33,"campfire_rested":0,"playtime":2120,"current_hp_per_floor":[80,80,80,65,60,60,60,47,47,48,48,48,51,57,57,33,80,80,80,80,72,72,72,72,72,72,78,62,62,62,56,56],"items_purged":["Strike_R"],"gold":53,"score":267,"play_id":"c46f67b5-fbb8-4ab8-88e0-77b521f1c792","is_prod":false,"is_daily":false,"is_ascension_mode":false,"campfire_upgraded":5,"path_taken":["M","M","M","M","M","R","?","M","T","M","?","R","M","M","R","BOSS","M","$","?","M","$","R","?","R","T","M","M","R","?","?","R","BOSS"],"build_version":"2018-02-22-PROD1","purchased_purges":1,"victory":false,"master_deck":["Defend_R","Defend_R","Defend_R","Bash+1","Rampage+1","Bloodletting","Anger+1","Cleave","Clothesline","Dropkick","Cleave","Intimidate+1","Apotheosis+1","Flex","Headbutt","Twin Strike","Offering","Infernal Blade+1","Shrug It Off","Battle Trance","Entrench+1","Pommel Strike+1","Havoc+1","Shrug It Off","Bite","Bite","Bite","Bite","Bite"],"max_hp_per_floor":[80,80,80,80,80,80,80,80,80,80,80,80,80,80,80,80,80,80,80,80,80,80,80,80,80,80,80,80,80,80,56,56],"relics":["Burning Blood","Omamori","Velvet Choker","Peace Pipe","Gambling Chip"],"card_choices":[{"not_picked":["Armaments","Clothesline"],"picked":"Rampage"},{"not_picked":["Clash","Bludgeon"],"picked":"Bloodletting"},{"not_picked":["Body Slam","Sword Boomerang"],"picked":"Anger"},{"not_picked":["Clothesline","Fire Breathing"],"picked":"Cleave"},{"not_picked":["Carnage","Feel No Pain"],"picked":"Clothesline"},{"not_picked":["True Grit","Perfected Strike"],"picked":"Cleave"},{"not_picked":["Wild Strike","Brutality"],"picked":"Intimidate"},{"not_picked":["Clothesline","Evolve"],"picked":"Headbutt"},{"not_picked":["Sentinel","Feel No Pain"],"picked":"Twin Strike"},{"not_picked":["Dark Embrace","Limit Break"],"picked":"Offering"},{"not_picked":["Rampage","Warcry"],"picked":"Infernal Blade"},{"not_picked":["Sword Boomerang","Power Through"],"picked":"Entrench"},{"not_picked":["Armaments","Clothesline"],"picked":"Havoc"},{"not_picked":["Cleave","Havoc"],"picked":"Shrug It Off"}],"player_experience":78837,"potions_floor_usage":[16,16,16,33,33,33],"damage_taken":[{"damage":2,"enemies":"2 Louse","floor":1,"turns":3},{"damage":0,"enemies":"Small Slimes","floor":2,"turns":3},{"damage":1,"enemies":"Cultist","floor":3,"turns":3},{"damage":21,"enemies":"Exordium Thugs","floor":4,"turns":5},{"damage":11,"enemies":"Blue Slaver","floor":5,"turns":4},{"damage":19,"enemies":"Exordium Wildlife","floor":8,"turns":5},{"damage":5,"enemies":"Looter","floor":10,"turns":2},{"damage":3,"enemies":"2 Fungi Beasts","floor":13,"turns":3},{"damage":0,"enemies":"Large Slime","floor":14,"turns":3},{"damage":30,"enemies":"Hexaghost","floor":16,"turns":7},{"damage":2,"enemies":"Chosen","floor":18,"turns":3},{"damage":14,"enemies":"2 Thieves","floor":21,"turns":4},{"damage":0,"enemies":"Snecko","floor":27,"turns":3},{"damage":22,"enemies":"Snake Plant","floor":28,"turns":3},{"damage":75,"enemies":"Champ","floor":33,"turns":12}],"event_choices":[{"event_name":"Living Wall","player_choice":"Change","floor":7,"damage_taken":0},{"event_name":"The Library","player_choice":"Read","floor":20,"damage_taken":0},{"event_name":"Vampires","player_choice":"Became a vampire","floor":31,"damage_taken":0}],"boss_relics":[{"not_picked":["Philosopher\u0027s Stone","Black Star"],"picked":"Velvet Choker"}],"potions_floor_spawned":[1,8,13,16,18,28],"seed_played":"8690897055853515377","killed_by":"Champ","ascension_level":0,"is_trial":false}