{"gold_per_floor":[118,136,136,155,64,89,106,106,106,106,125,50,50,69,69,165,165,178,193,193,109,119,119,119,130,201,229,246,246,264,109,109,206,206,221,221,231,231,248,248,218,229,229,229,4,4,4,4,4,4],"floor_reached":50,"playtime":6970,"items_purged":["Strike_R"],"score":695,"play_id":"9d04ec6d-5524-4eda-958f-66076041edb0","local_time":"20190415213052","is_ascension_mode":true,"campfire_choices":[{"data":"Cleave","floor":8,"key":"SMITH"},{"data":"Bash","floor":10,"key":"SMITH"},{"data":"Inflame","floor":15,"key":"SMITH"},{"data":"Barricade","floor":23,"key":"SMITH"},{"floor":24,"key":"REST"},{"floor":29,"key":"REST"},{"data":"Flame Barrier","floor":32,"key":"SMITH"},{"floor":40,"key":"REST"},{"floor":44,"key":"REST"},{"floor":47,"key":"RECALL"},{"floor":49,"key":"REST"}],"neow_cost":"TEN_PERCENT_HP_LOSS","seed_source_timestamp":8467603041700,"circlet_count":0,"master_deck":["Defend_R+1","Defend_R+1","Defend_R+1","Defend_R+1","Bash+1","Flame Barrier+1","Sword Boomerang+1","Impervious+1","Shrug It Off+1","Inflame+1","Blind+1","Cleave+1","Shockwave+1","Disarm+1","Barricade+1","True Grit+1","Thunderclap+1","Bite+1","Bite+1","Bite+1","Bite+1","Bite+1","Inflame+1","Body Slam+1","Disarm+1","Double Tap+1","Sadistic Nature+1","Finesse+1","Heavy Blade+1","Battle Trance+1","Madness+1","Madness+1"],"relics":["Burning Blood","Sundial","WingedGreaves","GremlinMask","Busted Crown","Frozen Egg 2","StoneCalendar","Whetstone","Fusion Hammer","Oddly Smooth Stone","PreservedInsect","Mark of the Bloom"],"potions_floor_usage":[11,22,27,37,37,39,42],"damage_taken":[{"damage":1,"enemies":"Cultist","floor":1,"turns":4},{"damage":7,"enemies":"Small Slimes","floor":2,"turns":5},{"damage":2,"enemies":"Jaw Worm","floor":4,"turns":4},{"damage":21,"enemies":"Lagavulin","floor":6,"turns":10},{"damage":3,"enemies":"Looter","floor":7,"turns":4},{"damage":18,"enemies":"Gremlin Gang","floor":11,"turns":3},{"damage":9,"enemies":"Exordium Thugs","floor":14,"turns":4},{"damage":10,"enemies":"Hexaghost","floor":16,"turns":11},{"damage":5,"enemies":"Chosen","floor":18,"turns":6},{"damage":12,"enemies":"Shell Parasite","floor":19,"turns":6},{"damage":27,"enemies":"Snecko","floor":22,"turns":4},{"damage":18,"enemies":"Snake Plant","floor":25,"turns":6},{"damage":47,"enemies":"Book of Stabbing","floor":27,"turns":8},{"damage":21,"enemies":"3 Cultists","floor":28,"turns":5},{"damage":6,"enemies":"Snecko","floor":30,"turns":4},{"damage":20,"enemies":"Champ","floor":33,"turns":12},{"damage":33,"enemies":"3 Shapes","floor":35,"turns":7},{"damage":9,"enemies":"3 Darklings","floor":37,"turns":4},{"damage":45,"enemies":"Spire Growth","floor":39,"turns":6},{"damage":15,"enemies":"Maw","floor":42,"turns":7},{"damage":45,"enemies":"Donu and Deca","floor":50,"turns":2}],"seed_played":"-895160019411568233","potions_obtained":[{"floor":2,"key":"Swift Potion"},{"floor":7,"key":"FearPotion"},{"floor":11,"key":"GamblersBrew"},{"floor":16,"key":"Strength Potion"},{"floor":22,"key":"Fire Potion"},{"floor":27,"key":"BloodPotion"},{"floor":28,"key":"Fire Potion"},{"floor":35,"key":"Poison Potion"},{"floor":41,"key":"SpeedPotion"},{"floor":41,"key":"Dexterity Potion"}],"is_trial":false,"path_per_floor":["M","M","?","M","$","E","M","R","T","R","M","$","?","M","R","B",null,"M","M","?","$","M","R","R","M","T","E","M","R","M","$","R","B",null,"M","$","M","?","M","R","?","M","T","R","$","?","R","?","R","B"],"character_chosen":"IRONCLAD","items_purchased":["Blind","Inflame","Body Slam","Whetstone","PreservedInsect","Battle Trance"],"campfire_rested":5,"item_purchase_floors":[5,21,21,31,45,45],"current_hp_per_floor":[72,71,71,72,72,57,60,60,60,60,48,48,48,45,45,41,64,65,59,50,50,29,29,44,44,44,19,12,27,35,35,35,49,50,35,35,40,35,15,30,30,38,38,50,50,44,44,44,44,0],"gold":4,"neow_bonus":"REMOVE_TWO","is_prod":false,"is_daily":false,"chose_seed":false,"campfire_upgraded":5,"win_rate":0,"timestamp":1555356652,"path_taken":["M","M","?","M","$","E","M","R","T","R","?","$","?","M","R","BOSS","M","M","?","$","M","R","R","M","T","E","M","R","M","$","R","BOSS","M","$","M","?","M","R","?","?","T","R","?","?","R","?","R","BOSS"],"build_version":"2019-01-23","purchased_purges":1,"victory":false,"max_hp_per_floor":[72,72,72,72,72,72,72,72,72,72,72,72,72,72,72,72,72,72,72,50,50,50,50,50,50,50,50,50,50,50,50,50,50,50,50,50,50,50,50,50,50,50,50,50,50,50,50,50,50,50],"card_choices":[{"not_picked":["Armaments","True Grit"],"picked":"Flame Barrier","floor":1},{"not_picked":["Sever Soul","True Grit"],"picked":"Sword Boomerang","floor":2},{"not_picked":["Twin Strike","Entrench"],"picked":"Inflame","floor":4},{"not_picked":["Warcry","Armaments"],"picked":"Cleave","floor":6},{"not_picked":["Power Through","Dual Wield","Anger"],"picked":"SKIP","floor":7},{"not_picked":["Armaments","Inflame"],"picked":"Shockwave","floor":11},{"not_picked":["Anger","Flex"],"picked":"Disarm","floor":14},{"not_picked":["Berserk","Immolate"],"picked":"Barricade","floor":16},{"not_picked":[],"picked":"True Grit","floor":18},{"not_picked":[],"picked":"Thunderclap","floor":19},{"not_picked":["True Grit"],"picked":"SKIP","floor":22},{"not_picked":["Shrug It Off"],"picked":"SKIP","floor":25},{"not_picked":[],"picked":"Disarm","floor":27},{"not_picked":["Wild Strike"],"picked":"SKIP","floor":28},{"not_picked":["Armaments"],"picked":"SKIP","floor":30},{"not_picked":[],"picked":"Double Tap","floor":33},{"not_picked":["Clothesline"],"picked":"SKIP","floor":35},{"not_picked":["Headbutt+1"],"picked":"SKIP","floor":37},{"not_picked":[],"picked":"Sadistic Nature+1","floor":38},{"not_picked":[],"picked":"Finesse","floor":38},{"not_picked":[],"picked":"Heavy Blade","floor":39},{"not_picked":["Clash"],"picked":"SKIP","floor":42}],"player_experience":648334,"relics_obtained":[{"floor":6,"key":"Sundial"},{"floor":9,"key":"WingedGreaves"},{"floor":26,"key":"Frozen Egg 2"},{"floor":27,"key":"StoneCalendar"},{"floor":43,"key":"Oddly Smooth Stone"}],"event_choices":[{"damage_healed":0,"gold_gain":0,"player_choice":"2 cards matched","damage_taken":0,"max_hp_gain":0,"max_hp_loss":0,"event_name":"Match and Keep!","floor":3,"gold_loss":0,"cards_obtained":["Impervious","Shrug It Off"]},{"damage_healed":0,"gold_gain":0,"player_choice":"Trade","damage_taken":0,"relics_obtained":["GremlinMask"],"max_hp_gain":0,"max_hp_loss":0,"event_name":"FaceTrader","floor":13,"gold_loss":0},{"damage_healed":0,"gold_gain":0,"player_choice":"Became a vampire","damage_taken":0,"max_hp_gain":0,"max_hp_loss":22,"event_name":"Vampires","floor":20,"gold_loss":0,"cards_obtained":["Bite","Bite","Bite","Bite","Bite"]},{"damage_healed":0,"gold_gain":0,"player_choice":"Memory 2","damage_taken":5,"max_hp_gain":0,"max_hp_loss":0,"event_name":"SensoryStone","floor":38,"gold_loss":0},{"damage_healed":0,"gold_gain":0,"player_choice":"Bought 2 Potions","damage_taken":0,"max_hp_gain":0,"max_hp_loss":0,"event_name":"The Woman in Blue","floor":41,"gold_loss":0},{"damage_healed":0,"gold_gain":0,"player_choice":"Embrace Madness","damage_taken":6,"max_hp_gain":0,"max_hp_loss":0,"event_name":"Winding Halls","floor":46,"gold_loss":0,"cards_obtained":["Madness","Madness"]},{"damage_healed":0,"gold_gain":0,"player_choice":"Upgrade","damage_taken":0,"relics_obtained":["Mark of the Bloom"],"max_hp_gain":0,"max_hp_loss":0,"event_name":"MindBloom","floor":48,"gold_loss":0,"cards_upgraded":["Defend_R","Defend_R","Defend_R","Defend_R","Impervious","Shrug It Off","Blind","Shockwave","Disarm","True Grit","Thunderclap","Bite","Bite","Bite","Bite","Inflame","Body Slam","Disarm","Double Tap","Finesse","Heavy Blade","Battle Trance","Madness","Madness"]}],"is_beta":false,"boss_relics":[{"not_picked":["Calling Bell","Lizard Tail"],"picked":"Busted Crown"},{"not_picked":["Empty Cage","White Beast Statue"],"picked":"Fusion Hammer"}],"items_purged_floors":[12],"is_endless":false,"potions_floor_spawned":[2,7,11,16,22,27,28,35],"killed_by":"Donu and Deca","ascension_level":9}