{"gold_per_floor":[109,109,123,139,62,62,72,72,72,88,102,102,134,134],"floor_reached":14,"playtime":446,"items_purged":[],"score":170,"play_id":"c85a6bba-df6e-4ddd-838c-46e2e124842f","local_time":"20181231120238","is_ascension_mode":true,"campfire_choices":[{"data":"Zap","floor":6,"key":"SMITH"},{"data":"Consume","floor":8,"key":"SMITH"},{"floor":12,"key":"REST"}],"neow_cost":"NONE","seed_source_timestamp":10121660869900,"circlet_count":0,"master_deck":["AscendersBane","Strike_B","Strike_B","Strike_B","Strike_B","Defend_B","Defend_B","Defend_B","Defend_B","Zap+1","Dualcast","All For One","Blizzard","Leap","Leap","Core Surge","Consume+1","Go for the Eyes","Turbo"],"relics":["Cracked Core","Bronze Scales","Cables"],"potions_floor_usage":[11,14],"damage_taken":[{"damage":7,"enemies":"Jaw Worm","floor":1,"turns":3},{"damage":1,"enemies":"Cultist","floor":3,"turns":4},{"damage":2,"enemies":"Small Slimes","floor":4,"turns":4},{"damage":2,"enemies":"Looter","floor":7,"turns":3},{"damage":15,"enemies":"Gremlin Gang","floor":10,"turns":4},{"damage":27,"enemies":"Exordium Thugs","floor":11,"turns":6},{"damage":26,"enemies":"3 Sentries","floor":13,"turns":7},{"damage":9,"enemies":"Red Slaver","floor":14,"turns":2}],"seed_played":"-4242962427789674819","potions_obtained":[{"floor":4,"key":"SpeedPotion"},{"floor":7,"key":"Weak Potion"}],"is_trial":false,"path_per_floor":["M","?","M","M","$","R","M","R","T","M","M","R","E","M"],"character_chosen":"DEFECT","items_purchased":["Core Surge"],"campfire_rested":1,"item_purchase_floors":[5],"current_hp_per_floor":[57,57,56,54,54,54,52,52,52,37,10,31,5,0],"gold":134,"neow_bonus":"ONE_RANDOM_RARE_CARD","is_prod":false,"is_daily":false,"chose_seed":false,"campfire_upgraded":2,"win_rate":0,"timestamp":1546254158,"path_taken":["M","?","?","?","$","R","M","R","T","M","M","R","E","M"],"build_version":"2018-12-20","purchased_purges":0,"victory":false,"max_hp_per_floor":[71,71,71,71,71,71,71,71,71,71,71,71,71,71],"card_choices":[{"not_picked":["Compile Driver","Coolheaded"],"picked":"Blizzard","floor":1},{"not_picked":["Turbo","Stack","Barrage"],"picked":"SKIP","floor":3},{"not_picked":["Reprogram","Turbo"],"picked":"Leap","floor":4},{"not_picked":["Self Repair","Leap"],"picked":"Consume","floor":7},{"not_picked":["Rip and Tear","Reinforced Body","Gash"],"picked":"SKIP","floor":10},{"not_picked":["Electrodynamics","Hologram"],"picked":"Go for the Eyes","floor":11},{"not_picked":["Heatsinks","Storm"],"picked":"Turbo","floor":13}],"player_experience":329634,"relics_obtained":[{"floor":9,"key":"Bronze Scales"},{"floor":13,"key":"Cables"}],"event_choices":[{"damage_healed":0,"gold_gain":0,"player_choice":"1 cards matched","damage_taken":0,"max_hp_gain":0,"max_hp_loss":0,"event_name":"Match and Keep!","floor":2,"gold_loss":0,"cards_obtained":["Leap"]}],"is_beta":false,"boss_relics":[],"items_purged_floors":[],"is_endless":false,"potions_floor_spawned":[4,7],"killed_by":"Red Slaver","ascension_level":17}