{"gold_per_floor":[119,136,13,24,42,42,57,75,75,75,87,107,107,57,57,158,158,172,172,190,201,201,201,220,220,220,237,251,263,263,243,243,243],"floor_reached":33,"playtime":1721,"items_purged":["Strike_R"],"score":270,"play_id":"9d7d47ab-fe2b-4d9c-9a53-f506e8c65e50","local_time":"20190228230716","is_ascension_mode":false,"campfire_choices":[{"data":"Armaments","floor":6,"key":"SMITH"},{"data":"Bash","floor":10,"key":"SMITH"},{"data":"Bloodletting","floor":13,"key":"SMITH"},{"data":"Flex","floor":15,"key":"SMITH"},{"data":"Double Tap","floor":23,"key":"SMITH"},{"data":"Flame Barrier","floor":25,"key":"SMITH"},{"data":"Burning Pact","floor":30,"key":"SMITH"},{"data":"Rage","floor":32,"key":"SMITH"}],"neow_cost":"NONE","seed_source_timestamp":461309210107528,"circlet_count":0,"master_deck":["Defend_R","Defend_R","Defend_R","Defend_R","Bash+1","Cleave","Rage+1","Armaments+1","Flex+1","Shrug It Off","Whirlwind","Bloodletting+1","Double Tap+1","Burning Pact+1","Bite","Bite","Bite","Bite","Seeing Red+1","Flame Barrier+1","Offering","Hemokinesis+1"],"relics":["Burning Blood","The Courier","Velvet Choker","Calipers"],"potions_floor_usage":[16,16,21,28,33,33,33],"damage_taken":[{"damage":6,"enemies":"Jaw Worm","floor":1,"turns":5},{"damage":2,"enemies":"2 Louse","floor":2,"turns":3},{"damage":1,"enemies":"Cultist","floor":4,"turns":3},{"damage":14,"enemies":"Gremlin Gang","floor":5,"turns":5},{"damage":0,"enemies":"2 Fungi Beasts","floor":7,"turns":4},{"damage":4,"enemies":"Red Slaver","floor":8,"turns":3},{"damage":7,"enemies":"Looter","floor":11,"turns":3},{"damage":0,"enemies":"3 Louse","floor":12,"turns":1},{"damage":83,"enemies":"Hexaghost","floor":16,"turns":16},{"damage":5,"enemies":"Spheric Guardian","floor":18,"turns":3},{"damage":6,"enemies":"Shell Parasite","floor":20,"turns":6},{"damage":19,"enemies":"Cultist and Chosen","floor":21,"turns":6},{"damage":30,"enemies":"Sentry and Sphere","floor":24,"turns":4},{"damage":3,"enemies":"3 Cultists","floor":27,"turns":3},{"damage":10,"enemies":"Cultist and Chosen","floor":28,"turns":7},{"damage":30,"enemies":"Snake Plant","floor":29,"turns":4},{"damage":78,"enemies":"Champ","floor":33,"turns":16}],"seed_played":"3978447251988740303","potions_obtained":[{"floor":1,"key":"SpeedPotion"},{"floor":2,"key":"EssenceOfSteel"},{"floor":7,"key":"Weak Potion"},{"floor":8,"key":"Block Potion"},{"floor":12,"key":"Dexterity Potion"},{"floor":18,"key":"Regen Potion"},{"floor":20,"key":"Swift Potion"},{"floor":27,"key":"LiquidBronze"},{"floor":29,"key":"PowerPotion"}],"is_trial":false,"path_per_floor":["M","M","$","M","M","R","M","M","T","R","M","M","R","?","R","B",null,"M","?","M","M","?","R","M","R","T","M","M","M","R","?","R","B"],"character_chosen":"IRONCLAD","items_purchased":["Armaments"],"campfire_rested":0,"item_purchase_floors":[3],"current_hp_per_floor":[88,88,88,88,80,80,86,88,88,88,87,88,88,88,88,11,88,88,61,61,61,61,61,37,37,37,42,50,38,38,38,38,0],"gold":243,"neow_bonus":"TEN_PERCENT_HP_BONUS","is_prod":false,"is_daily":false,"chose_seed":false,"campfire_upgraded":8,"win_rate":0,"timestamp":1551366436,"path_taken":["M","M","$","M","M","R","M","M","T","R","M","M","R","?","R","BOSS","M","?","M","M","?","R","M","R","T","?","M","?","R","?","R","BOSS"],"build_version":"2019-01-23","purchased_purges":1,"victory":false,"max_hp_per_floor":[88,88,88,88,88,88,88,88,88,88,88,88,88,88,88,88,88,88,61,61,61,61,61,61,61,61,61,61,61,61,61,61,61],"card_choices":[{"not_picked":["Infernal Blade","Evolve"],"picked":"Cleave","floor":1},{"not_picked":["Heavy Blade","Sword Boomerang"],"picked":"Rage","floor":2},{"not_picked":["Heavy Blade","Havoc"],"picked":"Flex","floor":4},{"not_picked":["Searing Blow","Entrench","Metallicize"],"picked":"SKIP","floor":5},{"not_picked":["Headbutt","Searing Blow"],"picked":"Shrug It Off","floor":7},{"not_picked":["Pummel","Heavy Blade"],"picked":"Whirlwind","floor":8},{"not_picked":["Power Through","Armaments","Havoc"],"picked":"SKIP","floor":11},{"not_picked":["Shockwave","Shrug It Off"],"picked":"Bloodletting","floor":12},{"not_picked":["Exhume","Reaper"],"picked":"Double Tap","floor":16},{"not_picked":["Evolve","Shrug It Off"],"picked":"Burning Pact","floor":18},{"not_picked":["Whirlwind","Fire Breathing+1"],"picked":"Seeing Red+1","floor":20},{"not_picked":["Clash","Heavy Blade"],"picked":"Flame Barrier","floor":21},{"not_picked":["Armaments","Cleave","Combust"],"picked":"SKIP","floor":24},{"not_picked":["Thunderclap","Heavy Blade","Rampage"],"picked":"SKIP","floor":27},{"not_picked":["Sword Boomerang","Clothesline"],"picked":"Offering","floor":28},{"not_picked":["Clash","Shrug It Off+1"],"picked":"Hemokinesis+1","floor":29}],"player_experience":719935,"relics_obtained":[{"floor":9,"key":"The Courier"},{"floor":26,"key":"Calipers"}],"event_choices":[{"cards_removed":["Strike_R"],"damage_healed":0,"gold_gain":0,"player_choice":"Card Removal","damage_taken":0,"max_hp_gain":0,"max_hp_loss":0,"event_name":"The Cleric","floor":14,"gold_loss":50},{"damage_healed":0,"gold_gain":0,"player_choice":"Became a vampire","damage_taken":0,"max_hp_gain":0,"max_hp_loss":27,"event_name":"Vampires","floor":19,"gold_loss":0,"cards_obtained":["Bite","Bite","Bite","Bite","Bite"]},{"cards_removed":["Bite"],"damage_healed":5,"gold_gain":0,"player_choice":"Offered Special","damage_taken":0,"max_hp_gain":0,"max_hp_loss":0,"event_name":"Bonfire Elementals","floor":22,"gold_loss":0},{"damage_healed":0,"gold_gain":0,"player_choice":"Bought 1 Potion","damage_taken":0,"max_hp_gain":0,"max_hp_loss":0,"event_name":"The Woman in Blue","floor":31,"gold_loss":0}],"is_beta":false,"boss_relics":[{"not_picked":["Runic Cube","Calling Bell"],"picked":"Velvet Choker"}],"items_purged_floors":[3],"is_endless":false,"potions_floor_spawned":[1,2,7,8,12,18,20,27,29],"killed_by":"Champ","ascension_level":0}