{"gold_per_floor":[110,123,123,48,62,87,87,105,105,131,77,104,104,121,121,221,221,235,334,131,131,146,171,182,200,200,216,242,21,50,68,68,164,164,177,0,15,15,15,15,44,44,44,44,63,77,77,94,94,94],"floor_reached":50,"playtime":3190,"items_purged":["Strike_R"],"score":577,"play_id":"b0d15031-cdd8-4c55-8e43-d9f78c81aa3f","local_time":"20190206012349","is_ascension_mode":false,"campfire_choices":[{"data":"Heavy Blade","floor":7,"key":"SMITH"},{"floor":13,"key":"REST"},{"data":"Infernal Blade","floor":15,"key":"SMITH"},{"floor":32,"key":"REST"},{"floor":40,"key":"REST"},{"data":"Flex","floor":42,"key":"SMITH"},{"data":"Flex","floor":44,"key":"SMITH"},{"data":"Madness","floor":49,"key":"SMITH"}],"neow_cost":"NONE","seed_source_timestamp":181643591525167,"circlet_count":0,"master_deck":["Strike_R","Strike_R","Defend_R","Defend_R","Defend_R","Bash+1","Ghostly Armor","Shrug It Off","Heavy Blade+1","Seeing Red","Immolate","Flex+1","Infernal Blade+1","Flex+1","Iron Wave+1","Seeing Red+1","Hemokinesis+1","Anger","Iron Wave+1","Dropkick+1","Panache","Battle Trance","Flex+1","Warcry","Anger+1","Madness+1","Madness"],"relics":["Burning Blood","PreservedInsect","FossilizedHelix","Self Forming Clay","Happy Flower","Bag of Marbles","Astrolabe","Lee\u0027s Waffle","Enchiridion","Meat on the Bone","Sundial","Omamori","Letter Opener","White Beast Statue","Red Mask","Incense Burner","Calipers","Bottled Tornado"],"potions_floor_usage":[16,16,18,27,28,33,33,33,50,50,50],"damage_taken":[{"damage":8,"enemies":"2 Louse","floor":1,"turns":3},{"damage":1,"enemies":"Jaw Worm","floor":2,"turns":3},{"damage":0,"enemies":"Cultist","floor":5,"turns":4},{"damage":28,"enemies":"Lagavulin","floor":6,"turns":7},{"damage":0,"enemies":"Looter","floor":8,"turns":3},{"damage":27,"enemies":"3 Sentries","floor":10,"turns":10},{"damage":0,"enemies":"Lagavulin","floor":12,"turns":4},{"damage":0,"enemies":"Exordium Thugs","floor":14,"turns":2},{"damage":29,"enemies":"Hexaghost","floor":16,"turns":9},{"damage":11,"enemies":"2 Thieves","floor":18,"turns":3},{"damage":0,"enemies":"Chosen","floor":22,"turns":3},{"damage":13,"enemies":"Book of Stabbing","floor":23,"turns":4},{"damage":2,"enemies":"Snecko","floor":24,"turns":4},{"damage":15,"enemies":"Snake Plant","floor":25,"turns":4},{"damage":6,"enemies":"3 Cultists","floor":27,"turns":4},{"damage":32,"enemies":"Slavers","floor":28,"turns":4},{"damage":25,"enemies":"Book of Stabbing","floor":30,"turns":5},{"damage":0,"enemies":"Chosen and Byrds","floor":31,"turns":2},{"damage":68,"enemies":"Collector","floor":33,"turns":8},{"damage":0,"enemies":"Orb Walker","floor":35,"turns":3},{"damage":34,"enemies":"3 Darklings","floor":37,"turns":4},{"damage":10,"enemies":"Nemesis","floor":41,"turns":5},{"damage":0,"enemies":"Jaw Worm Horde","floor":45,"turns":2},{"damage":0,"enemies":"Sphere and 2 Shapes","floor":46,"turns":3},{"damage":2,"enemies":"4 Shapes","floor":48,"turns":2},{"damage":96,"enemies":"Awakened One","floor":50,"turns":7}],"seed_played":"-2686264486728273701","potions_obtained":[{"floor":1,"key":"Weak Potion"},{"floor":8,"key":"Energy Potion"},{"floor":12,"key":"Poison Potion"},{"floor":22,"key":"Strength Potion"},{"floor":23,"key":"Strength Potion"},{"floor":25,"key":"Poison Potion"},{"floor":27,"key":"BloodPotion"},{"floor":30,"key":"Weak Potion"},{"floor":35,"key":"Strength Potion"},{"floor":37,"key":"BloodPotion"},{"floor":41,"key":"FearPotion"}],"is_trial":false,"path_per_floor":["M","M","?","$","M","E","R","M","T","E","$","E","R","M","R","B",null,"M","?","$","?","M","E","M","M","T","M","E","$","E","M","R","B",null,"M","?","M","T","?","R","E","R","T","R","M","M","?","M","R","B"],"character_chosen":"IRONCLAD","items_purchased":["Flex","Lee\u0027s Waffle","Panache","Battle Trance"],"campfire_rested":3,"item_purchase_floors":[11,20,29,29],"current_hp_per_floor":[78,80,77,77,80,58,58,64,64,43,43,49,73,79,79,56,80,75,75,87,71,77,70,74,65,65,65,59,59,52,58,84,34,87,87,87,59,59,59,85,81,81,81,81,87,87,76,80,80,0],"gold":94,"neow_bonus":"UPGRADE_CARD","is_prod":false,"is_daily":false,"chose_seed":false,"campfire_upgraded":5,"win_rate":0.0,"timestamp":1549437829,"path_taken":["M","M","?","$","M","E","R","M","T","E","$","E","R","M","R","BOSS","M","?","$","?","M","E","M","M","T","?","E","?","E","M","R","BOSS","M","?","M","?","?","R","E","R","T","R","M","?","?","M","R","BOSS"],"build_version":"2019-01-23","purchased_purges":1,"victory":false,"max_hp_per_floor":[80,80,80,80,80,80,80,80,80,80,80,80,80,80,80,80,80,80,80,87,87,87,87,87,87,87,87,87,87,87,87,87,87,87,87,87,87,87,87,87,87,87,87,87,87,87,87,87,87,87],"card_choices":[{"not_picked":["Headbutt","Body Slam"],"picked":"Ghostly Armor","floor":1},{"not_picked":["Thunderclap","True Grit"],"picked":"Shrug It Off","floor":2},{"not_picked":["Twin Strike","Perfected Strike"],"picked":"Heavy Blade","floor":5},{"not_picked":["Reckless Charge","Dual Wield","Feel No Pain"],"picked":"SKIP","floor":6},{"not_picked":["Second Wind","Spot Weakness"],"picked":"Seeing Red","floor":8},{"not_picked":["Sever Soul","Iron Wave"],"picked":"Immolate","floor":10},{"not_picked":["Pommel Strike","Demon Form"],"picked":"Infernal Blade","floor":12},{"not_picked":["Rage","Power Through"],"picked":"Flex","floor":14},{"not_picked":["Body Slam","Havoc+1","Headbutt+1"],"picked":"SKIP","floor":18},{"not_picked":["Thunderclap","Shrug It Off"],"picked":"Anger","floor":22},{"not_picked":["Havoc","Immolate"],"picked":"Iron Wave+1","floor":23},{"not_picked":["Spot Weakness","Cleave","Iron Wave"],"picked":"SKIP","floor":24},{"not_picked":["Carnage","Flame Barrier","Sentinel"],"picked":"SKIP","floor":25},{"not_picked":["Twin Strike","Seeing Red"],"picked":"Dropkick+1","floor":27},{"not_picked":["Searing Blow","Seeing Red","True Grit+1"],"picked":"SKIP","floor":28},{"not_picked":["Impervious","True Grit"],"picked":"Flex","floor":30},{"not_picked":["Headbutt","Pommel Strike+1","Carnage"],"picked":"SKIP","floor":31},{"not_picked":["Dual Wield","Searing Blow+1"],"picked":"Warcry","floor":35},{"not_picked":["True Grit+1","Metallicize+1"],"picked":"Anger+1","floor":37},{"not_picked":["Perfected Strike","Spot Weakness+1","Feed"],"picked":"SKIP","floor":41},{"not_picked":["Pommel Strike","Hemokinesis+1","True Grit"],"picked":"SKIP","floor":45},{"not_picked":["Battle Trance","Flex","Rage"],"picked":"SKIP","floor":46},{"not_picked":["Entrench","Shrug It Off","Intimidate+1"],"picked":"SKIP","floor":48}],"player_experience":85695,"relics_obtained":[{"floor":6,"key":"FossilizedHelix"},{"floor":9,"key":"Self Forming Clay"},{"floor":10,"key":"Happy Flower"},{"floor":12,"key":"Bag of Marbles"},{"floor":21,"key":"Enchiridion"},{"floor":23,"key":"Meat on the Bone"},{"floor":26,"key":"Sundial"},{"floor":28,"key":"Omamori"},{"floor":30,"key":"Letter Opener"},{"floor":38,"key":"Incense Burner"},{"floor":41,"key":"Calipers"},{"floor":43,"key":"Bottled Tornado"}],"event_choices":[{"damage_healed":0,"gold_gain":0,"player_choice":"Success","damage_taken":3,"relics_obtained":["PreservedInsect"],"max_hp_gain":0,"max_hp_loss":0,"event_name":"Scrap Ooze","floor":3,"gold_loss":0},{"damage_healed":0,"gold_gain":99,"player_choice":"Stole From Cult","damage_taken":0,"max_hp_gain":0,"max_hp_loss":0,"event_name":"Nest","floor":19,"gold_loss":0},{"damage_healed":0,"gold_gain":0,"player_choice":"Obtained Book","damage_taken":16,"max_hp_gain":0,"max_hp_loss":0,"event_name":"Cursed Tome","floor":21,"gold_loss":0},{"damage_healed":0,"gold_gain":0,"player_choice":"Paid","damage_taken":0,"relics_obtained":["Red Mask"],"max_hp_gain":0,"max_hp_loss":0,"event_name":"Tomb of Lord Red Mask","floor":36,"gold_loss":177},{"damage_healed":0,"gold_gain":0,"player_choice":"Upgraded","damage_taken":0,"max_hp_gain":0,"max_hp_loss":0,"event_name":"Upgrade Shrine","floor":39,"gold_loss":0,"cards_upgraded":["Flex"]},{"damage_healed":0,"gold_gain":0,"player_choice":"Embrace Madness","damage_taken":11,"max_hp_gain":0,"max_hp_loss":0,"event_name":"Winding Halls","floor":47,"gold_loss":0,"cards_obtained":["Madness","Madness"]}],"is_beta":false,"boss_relics":[{"not_picked":["Coffee Dripper","Fusion Hammer"],"picked":"Astrolabe"},{"not_picked":["Runic Pyramid","Sozu"],"picked":"White Beast Statue"}],"items_purged_floors":[4],"is_endless":false,"potions_floor_spawned":[1,8,12,22,23,25,27,30,35,37,41,45,46,48],"killed_by":"Awakened One","ascension_level":0}