{"gold_per_floor":[118,135,145,163,15,15,15,90,159,159,170,170,184,216,216,321,321,335,260,440,459,478,478,497,497,549,224,224,259,270,282,282,387,387,401,411,430,430,450,450,464,464,464,479,499,14,25,125,125,125,125,125,51,86,86],"floor_reached":56,"playtime":2538,"items_purged":["Strike_R","Strike_R"],"score":1175,"play_id":"e283470a-b378-4ae9-b735-f41c58f74906","local_time":"20190311230443","is_ascension_mode":false,"campfire_choices":[{"data":"Flame Barrier","floor":6,"key":"SMITH"},{"data":"Flex","floor":10,"key":"SMITH"},{"data":"Whirlwind","floor":12,"key":"SMITH"},{"data":"Inflame","floor":15,"key":"SMITH"},{"data":"Immolate","floor":23,"key":"SMITH"},{"data":"Iron Wave","floor":25,"key":"SMITH"},{"data":"Secret Weapon","floor":28,"key":"SMITH"},{"data":"PanicButton","floor":32,"key":"SMITH"},{"data":"True Grit","floor":40,"key":"SMITH"},{"data":"Shockwave","floor":42,"key":"SMITH"},{"floor":49,"key":"RECALL"},{"data":"Panacea","floor":52,"key":"SMITH"}],"neow_cost":"NONE","seed_source_timestamp":1410606732927763,"circlet_count":0,"master_deck":["Strike_R","Defend_R","Defend_R","Defend_R","Defend_R","Bash+1","Flex+1","Inflame+1","Flame Barrier+1","Whirlwind+1","Immolate+1","Sentinel+1","Iron Wave+1","Blood for Blood+1","PanicButton+1","Secret Weapon+1","Shockwave+1","Body Slam+1","Headbutt+1","Brutality","Sword Boomerang+1","True Grit+1","Sword Boomerang+1","Panacea+1","Iron Wave+1"],"relics":["Burning Blood","Oddly Smooth Stone","Pantograph","Bronze Scales","Coffee Dripper","Potion Belt","Busted Crown","Darkstone Periapt","Pocketwatch","Calipers","Lantern"],"potions_floor_usage":[18,22,33,33,33,33,50,54,54,55,55,55],"damage_taken":[{"damage":9,"enemies":"2 Louse","floor":1,"turns":3},{"damage":0,"enemies":"Small Slimes","floor":2,"turns":4},{"damage":1,"enemies":"Cultist","floor":3,"turns":3},{"damage":8,"enemies":"Exordium Wildlife","floor":4,"turns":5},{"damage":13,"enemies":"Lots of Slimes","floor":11,"turns":4},{"damage":0,"enemies":"Gremlin Gang","floor":13,"turns":1},{"damage":11,"enemies":"Lagavulin","floor":14,"turns":9},{"damage":53,"enemies":"Hexaghost","floor":16,"turns":9},{"damage":2,"enemies":"2 Thieves","floor":18,"turns":2},{"damage":6,"enemies":"Spheric Guardian","floor":21,"turns":4},{"damage":1,"enemies":"Snake Plant","floor":22,"turns":3},{"damage":7,"enemies":"Chosen and Byrds","floor":24,"turns":4},{"damage":16,"enemies":"Book of Stabbing","floor":29,"turns":5},{"damage":18,"enemies":"Centurion and Healer","floor":30,"turns":5},{"damage":2,"enemies":"Cultist and Chosen","floor":31,"turns":4},{"damage":26,"enemies":"Champ","floor":33,"turns":10},{"damage":1,"enemies":"3 Darklings","floor":35,"turns":2},{"damage":0,"enemies":"Orb Walker","floor":36,"turns":2},{"damage":11,"enemies":"Jaw Worm Horde","floor":37,"turns":3},{"damage":0,"enemies":"3 Darklings","floor":39,"turns":1},{"damage":32,"enemies":"Sphere and 2 Shapes","floor":41,"turns":4},{"damage":3,"enemies":"Transient","floor":44,"turns":5},{"damage":17,"enemies":"Maw","floor":45,"turns":6},{"damage":0,"enemies":"Jaw Worm Horde","floor":47,"turns":2},{"damage":25,"enemies":"Mind Bloom Boss Battle","floor":48,"turns":5},{"damage":57,"enemies":"Awakened One","floor":50,"turns":12},{"damage":36,"enemies":"Shield and Spear","floor":54,"turns":5},{"damage":52,"enemies":"The Heart","floor":55,"turns":6}],"seed_played":"-5730951410061320496","potions_obtained":[{"floor":1,"key":"Dexterity Potion"},{"floor":4,"key":"Block Potion"},{"floor":11,"key":"Explosive Potion"},{"floor":14,"key":"Energy Potion"},{"floor":18,"key":"Weak Potion"},{"floor":24,"key":"PowerPotion"},{"floor":29,"key":"EssenceOfSteel"},{"floor":31,"key":"EssenceOfSteel"},{"floor":39,"key":"AttackPotion"},{"floor":41,"key":"PowerPotion"},{"floor":44,"key":"FearPotion"},{"floor":45,"key":"Block Potion"},{"floor":47,"key":"Regen Potion"},{"floor":54,"key":"Block Potion"}],"is_trial":false,"path_per_floor":["M","M","M","M","$","R","?","?","T","R","M","R","M","E","R","B",null,"M","?","?","M","M","R","M","R","T","$","R","E","M","M","R","B",null,"M","M","M","?","M","R","M","R","T","M","M","$","M","?","R","B",null,"R","$","E","B",null],"character_chosen":"IRONCLAD","items_purchased":["Oddly Smooth Stone","PanicButton","Secret Weapon","Panacea","Pocketwatch","LiquidBronze"],"campfire_rested":0,"item_purchase_floors":[5,27,27,46,46,53],"current_hp_per_floor":[77,80,80,78,78,78,83,72,72,72,65,65,71,66,66,38,85,85,85,61,61,66,66,65,65,65,65,65,55,43,47,47,52,85,85,85,80,80,85,85,59,59,59,62,51,51,57,63,63,49,85,85,85,55,34],"gold":86,"neow_bonus":"UPGRADE_CARD","is_prod":false,"is_daily":false,"chose_seed":false,"campfire_upgraded":11,"win_rate":0,"timestamp":1552316683,"path_taken":["M","M","M","M","$","R","?","?","T","R","M","R","M","E","R","BOSS","M","?","?","?","M","R","M","R","T","$","R","E","M","M","R","BOSS","M","M","M","?","?","R","?","R","T","M","M","$","M","?","R","BOSS","R","$","E","BOSS"],"build_version":"2019-01-23","purchased_purges":2,"victory":true,"max_hp_per_floor":[80,80,80,80,80,80,85,85,85,85,85,85,85,85,85,85,85,85,85,85,85,85,85,85,85,85,85,85,85,85,85,85,85,85,85,85,85,85,85,85,85,85,85,85,85,85,85,85,85,85,85,85,85,85,85],"card_choices":[{"not_picked":["Blood for Blood","Havoc"],"picked":"Flex","floor":1},{"not_picked":["Disarm","Clash"],"picked":"Inflame","floor":2},{"not_picked":["Intimidate","Clothesline"],"picked":"Flame Barrier","floor":3},{"not_picked":["Wild Strike","Corruption","Havoc"],"picked":"SKIP","floor":4},{"not_picked":["Sword Boomerang","Thunderclap"],"picked":"Whirlwind","floor":11},{"not_picked":["Body Slam","Clothesline","Clash"],"picked":"SKIP","floor":13},{"not_picked":["Rupture","Exhume","Cleave"],"picked":"SKIP","floor":14},{"not_picked":["Bludgeon","Feed"],"picked":"Immolate","floor":16},{"not_picked":["Feel No Pain","Clothesline"],"picked":"Sentinel+1","floor":18},{"not_picked":["Heavy Blade","Thunderclap"],"picked":"Iron Wave","floor":21},{"not_picked":["Havoc+1","Burning Pact","Searing Blow"],"picked":"SKIP","floor":22},{"not_picked":["Shockwave","Headbutt"],"picked":"Blood for Blood+1","floor":24},{"not_picked":["Power Through","Wild Strike"],"picked":"Shockwave","floor":29},{"not_picked":["Infernal Blade+1","Shrug It Off"],"picked":"Body Slam+1","floor":30},{"not_picked":["Sentinel","Pummel"],"picked":"Headbutt+1","floor":31},{"not_picked":["Demon Form","Dark Embrace"],"picked":"Brutality","floor":33},{"not_picked":["Clothesline+1"],"picked":"SKIP","floor":35},{"not_picked":["Dropkick+1"],"picked":"SKIP","floor":36},{"not_picked":[],"picked":"Sword Boomerang+1","floor":37},{"not_picked":["Wild Strike+1"],"picked":"SKIP","floor":39},{"not_picked":["Wild Strike"],"picked":"SKIP","floor":41},{"not_picked":["Reckless Charge"],"picked":"SKIP","floor":44},{"not_picked":[],"picked":"Sword Boomerang+1","floor":45},{"not_picked":["Clash"],"picked":"SKIP","floor":47},{"not_picked":[],"picked":"Iron Wave+1","floor":54}],"player_experience":810335,"relics_obtained":[{"floor":9,"key":"Pantograph"},{"floor":14,"key":"Bronze Scales"},{"floor":29,"key":"Potion Belt"},{"floor":43,"key":"Darkstone Periapt"},{"floor":48,"key":"Calipers"},{"floor":54,"key":"Lantern"}],"event_choices":[{"damage_healed":0,"gold_gain":0,"player_choice":"Donut","damage_taken":0,"max_hp_gain":5,"max_hp_loss":0,"event_name":"Big Fish","floor":7,"gold_loss":0},{"damage_healed":0,"gold_gain":75,"player_choice":"Gather Gold","damage_taken":11,"max_hp_gain":0,"max_hp_loss":0,"event_name":"World of Goop","floor":8,"gold_loss":0},{"cards_removed":["Strike_R"],"damage_healed":0,"gold_gain":0,"player_choice":"Gave Gold","damage_taken":0,"max_hp_gain":0,"max_hp_loss":0,"event_name":"Beggar","floor":19,"gold_loss":75},{"damage_healed":0,"gold_gain":180,"player_choice":"GOLD GOLD ","damage_taken":24,"max_hp_gain":0,"max_hp_loss":0,"event_name":"Knowing Skull","floor":20,"potions_obtained":[],"gold_loss":0,"cards_obtained":[]},{"damage_healed":0,"gold_gain":0,"cards_transformed":["Strike_R"],"player_choice":"Transformed","damage_taken":0,"max_hp_gain":0,"max_hp_loss":0,"event_name":"Transmorgrifier","floor":38,"gold_loss":0,"cards_obtained":["True Grit"]},{"damage_healed":0,"gold_gain":0,"player_choice":"Fight","damage_taken":0,"max_hp_gain":0,"max_hp_loss":0,"event_name":"MindBloom","floor":48,"gold_loss":0}],"is_beta":false,"boss_relics":[{"not_picked":["Ectoplasm","Cursed Key"],"picked":"Coffee Dripper"},{"not_picked":["Tiny House","Sozu"],"picked":"Busted Crown"}],"items_purged_floors":[27,46],"is_endless":false,"potions_floor_spawned":[1,4,11,14,18,21,24,29,31,39,41,44,45,47,54],"ascension_level":0}