{"gold_per_floor":[109,109,109,30,44,79,79,112,139,139,172,192,212,247,247,247],"floor_reached":16,"playtime":499,"items_purged":[],"score":329,"play_id":"949b086c-8621-45dd-9747-32e41c5e46db","local_time":"20190202152722","is_ascension_mode":true,"campfire_choices":[{"data":"Zap","floor":7,"key":"SMITH"},{"data":"Sunder","floor":10,"key":"SMITH"},{"data":"Dualcast","floor":15,"key":"SMITH"}],"neow_cost":"NONE","seed_source_timestamp":776738965678700,"circlet_count":0,"master_deck":["AscendersBane","Strike_B","Strike_B","Strike_B","Strike_B","Defend_B","Defend_B","Defend_B","Defend_B","Zap+1","Dualcast+1","Sweeping Beam","Regret","Genetic Algorithm+1","Redo+1","Rebound","Sunder+1","Fission+1","Coolheaded+1","Self Repair"],"relics":["Cracked Core","NeowsBlessing","Orichalcum","Toxic Egg 2","PreservedInsect","Symbiotic Virus","Bag of Preparation","Pen Nib","Centennial Puzzle"],"potions_floor_usage":[11,14,14,16],"damage_taken":[{"damage":0,"enemies":"2 Louse","floor":1,"turns":1},{"damage":0,"enemies":"Jaw Worm","floor":5,"turns":1},{"damage":0,"enemies":"Gremlin Nob","floor":6,"turns":1},{"damage":22,"enemies":"3 Sentries","floor":8,"turns":5},{"damage":9,"enemies":"Gremlin Nob","floor":11,"turns":3},{"damage":4,"enemies":"Cultist","floor":12,"turns":2},{"damage":0,"enemies":"Exordium Thugs","floor":13,"turns":2},{"damage":0,"enemies":"Lagavulin","floor":14,"turns":3},{"damage":20,"enemies":"Hexaghost","floor":16,"turns":9}],"seed_played":"-2485017988098794545","potions_obtained":[{"floor":5,"key":"Energy Potion"},{"floor":8,"key":"SkillPotion"},{"floor":13,"key":"Swift Potion"},{"floor":14,"key":"FocusPotion"}],"is_trial":false,"path_per_floor":["M","?","?","$","M","E","R","E","T","R","E","M","M","E","R","B"],"character_chosen":"DEFECT","items_purchased":["Genetic Algorithm+1"],"campfire_rested":0,"item_purchase_floors":[4],"current_hp_per_floor":[64,64,53,53,53,53,53,31,31,31,22,18,18,18,18,0],"gold":247,"neow_bonus":"THREE_ENEMY_KILL","is_prod":false,"is_daily":false,"chose_seed":false,"campfire_upgraded":3,"win_rate":0,"timestamp":1549117642,"path_taken":["M","?","?","?","?","E","R","E","T","R","E","M","M","E","R","BOSS"],"build_version":"2019-01-23","purchased_purges":0,"victory":false,"max_hp_per_floor":[71,71,71,71,71,71,71,71,71,71,71,71,71,71,71,71],"card_choices":[{"not_picked":["Beam Cell","Undo"],"picked":"Sweeping Beam","floor":1},{"not_picked":["Hologram+1","Compile Driver"],"picked":"Redo+1","floor":5},{"not_picked":["Gash","Turbo+1"],"picked":"Rebound","floor":6},{"not_picked":["Fission+1","Hologram+1"],"picked":"Sunder","floor":8},{"not_picked":["Auto Shields+1","Barrage"],"picked":"Fission+1","floor":11},{"not_picked":["Beam Cell","Ball Lightning"],"picked":"Coolheaded+1","floor":12},{"not_picked":["Stack+1","Beam Cell","Lockon"],"picked":"SKIP","floor":13},{"not_picked":["Heatsinks","Auto Shields+1"],"picked":"Self Repair","floor":14}],"player_experience":435680,"relics_obtained":[{"floor":6,"key":"PreservedInsect"},{"floor":8,"key":"Symbiotic Virus"},{"floor":9,"key":"Bag of Preparation"},{"floor":11,"key":"Pen Nib"},{"floor":14,"key":"Centennial Puzzle"}],"event_choices":[{"damage_healed":0,"gold_gain":0,"player_choice":"Box","damage_taken":0,"relics_obtained":["Orichalcum"],"max_hp_gain":0,"max_hp_loss":0,"event_name":"Big Fish","floor":2,"gold_loss":0,"cards_obtained":["Regret"]},{"damage_healed":0,"gold_gain":0,"player_choice":"Success","damage_taken":11,"relics_obtained":["Toxic Egg 2"],"max_hp_gain":0,"max_hp_loss":0,"event_name":"Scrap Ooze","floor":3,"gold_loss":0}],"is_beta":false,"boss_relics":[],"items_purged_floors":[],"is_endless":false,"potions_floor_spawned":[5,8,13,14],"killed_by":"Hexaghost","ascension_level":17}