{"path_per_floor":["M","?","$","$","M","R","T","R","T","$","M","M","?","M","R","B",null,"M","?","M","M","M","R","?","?","T","?","$","R","$"],"character_chosen":"IRONCLAD","items_purchased":["Shrug It Off","Armaments"],"gold_per_floor":[212,162,137,62,79,79,103,103,158,7,21,41,41,51,51,148,148,165,165,183,199,210,210,210,0,0,0,0,0,0,0],"floor_reached":31,"campfire_rested":1,"playtime":884,"current_hp_per_floor":[80,80,80,80,80,80,80,80,80,80,80,65,65,74,74,28,83,75,75,52,48,19,19,19,19,19,19,19,44,44,44],"items_purged":["Strike_R","Defend_R"],"gold":0,"score":223,"play_id":"ffaf8cab-3e55-4ee0-8029-fb4a8271e376","local_time":"20180519160821","is_prod":false,"is_daily":false,"chose_seed":false,"is_ascension_mode":false,"campfire_upgraded":4,"timestamp":1526717301,"campfire_choices":[{"data":"Bash","floor":6,"key":"SMITH"},{"data":"Seeing Red","floor":8,"key":"SMITH"},{"data":"Armaments","floor":15,"key":"SMITH"},{"data":"Body Slam","floor":23,"key":"SMITH"},{"floor":29,"key":"REST"}],"path_taken":["M","?","?","$","M","R","?","R","T","$","M","M","?","M","R","BOSS","M","?","?","M","M","R","?","?","T","?","?","R","$","M"],"build_version":"2018-05-17","seed_source_timestamp":16912004876613,"purchased_purges":3,"victory":false,"master_deck":["Strike_R","Strike_R","Defend_R","Defend_R","Defend_R","Bash+1","Seeing Red+1","Shrug It Off","Cleave","Armaments+1","Body Slam+1","Feed","Thunderclap","Bludgeon","Body Slam","Pommel Strike+1","Whirlwind"],"max_hp_per_floor":[80,80,80,80,80,80,80,80,80,80,80,80,80,83,83,83,83,83,83,83,83,86,86,86,86,86,86,86,86,86,86],"relics":["Burning Blood"],"card_choices":[{"not_picked":["Thunderclap","True Grit"],"picked":"Seeing Red","floor":1},{"not_picked":["Perfected Strike","Sever Soul"],"picked":"Cleave","floor":5},{"not_picked":["Cleave","Intimidate"],"picked":"Body Slam","floor":11},{"not_picked":["Thunderclap","Iron Wave"],"picked":"Feed","floor":12},{"not_picked":["Rage","Warcry"],"picked":"Thunderclap","floor":14},{"not_picked":["Juggernaut","Exhume"],"picked":"Bludgeon","floor":16},{"not_picked":["Perfected Strike","Sword Boomerang"],"picked":"Body Slam","floor":18},{"not_picked":["Armaments","Heavy Blade","Power Through"],"picked":"SKIP","floor":20},{"not_picked":["Reckless Charge","Anger"],"picked":"Pommel Strike+1","floor":21},{"not_picked":["Entrench","Demon Form"],"picked":"Whirlwind","floor":22}],"player_experience":644919,"potions_floor_usage":[21,22,22],"damage_taken":[{"damage":1,"enemies":"Cultist","floor":1,"turns":3},{"damage":0,"enemies":"Small Slimes","floor":5,"turns":4},{"damage":2,"enemies":"2 Louse","floor":11,"turns":2},{"damage":21,"enemies":"Exordium Thugs","floor":12,"turns":4},{"damage":0,"enemies":"Exordium Wildlife","floor":14,"turns":3},{"damage":52,"enemies":"The Guardian","floor":16,"turns":14},{"damage":14,"enemies":"3 Byrds","floor":18,"turns":6},{"damage":29,"enemies":"Chosen","floor":20,"turns":5},{"damage":10,"enemies":"3 Cultists","floor":21,"turns":4},{"damage":38,"enemies":"Chosen and Byrds","floor":22,"turns":6},{"damage":0,"enemies":"Snake Plant","floor":31,"turns":1}],"relics_obtained":[],"event_choices":[{"event_name":"The Cleric","player_choice":"Card Removal","floor":2,"damage_taken":0},{"event_name":"Wheel of Change","player_choice":"Card Removal","floor":13,"damage_taken":0},{"event_name":"Ghosts","player_choice":"Ignored","floor":19,"damage_taken":0},{"event_name":"Addict","player_choice":"Ignored","floor":24,"damage_taken":0},{"event_name":"Masked Bandits","player_choice":"Paid Bandits 210 gold","floor":25,"damage_taken":0},{"event_name":"Beggar","player_choice":"Ignored","floor":27,"damage_taken":0}],"boss_relics":[{"not_picked":["Eternal Feather","Orrery","Black Star"]}],"potions_floor_spawned":[5,14,16,20,22],"seed_played":"-3963527769568399962","killed_by":"Snake Plant","ascension_level":0,"potions_obtained":[{"floor":14,"key":"Block Potion"},{"floor":16,"key":"EssenceOfSteel"},{"floor":20,"key":"SneckoOil"},{"floor":22,"key":"Regen Potion"}],"is_trial":false}