{"gold_per_floor":[114,134,145,165,183,183,217,217,217,217,167,18,33,44,44,144,144,156,156,156,174,187,187,206,224,224,254,213,224,224,244,244,348,398,409,429,204,215,58,58,58],"floor_reached":41,"playtime":2169,"items_purged":[],"score":444,"play_id":"f6852ff9-87a8-4fe8-9642-af8476806d07","local_time":"20190407023902","is_ascension_mode":false,"campfire_choices":[{"data":"Zap","floor":6,"key":"SMITH"},{"data":"Static Discharge","floor":8,"key":"SMITH"},{"data":"Hologram","floor":10,"key":"SMITH"},{"data":"Go for the Eyes","floor":15,"key":"SMITH"},{"data":"Panacea","floor":23,"key":"SMITH"},{"data":"Buffer","floor":30,"key":"SMITH"},{"data":"Thunder Strike","floor":32,"key":"SMITH"},{"data":"Hologram","floor":40,"key":"SMITH"}],"neow_cost":"NONE","seed_source_timestamp":37627393153795,"circlet_count":0,"master_deck":["Defend_B","Defend_B","Defend_B","Defend_B","Zap+1","Dualcast","Steam+1","Go for the Eyes+1","Conserve Battery","Static Discharge+1","Hologram+1","Panacea+1","Self Repair","Machine Learning","Coolheaded+1","Bite","Bite","Bite","Bite","Bite","Buffer+1","Thunder Strike+1","Sunder+1","Conserve Battery","Electrodynamics","Chill","Reinforced Body+1","Stack+1","Amplify","Hologram+1","Seek","Tempest","Ball Lightning"],"relics":["Cracked Core","Art of War","Bottled Tornado","Calipers","Nloth\u0027s Gift","Ginger","Tiny House","Runic Capacitor","Potion Belt"],"potions_floor_usage":[13,16,25,33,33,36],"damage_taken":[{"damage":0,"enemies":"Small Slimes","floor":1,"turns":2},{"damage":5,"enemies":"2 Louse","floor":2,"turns":3},{"damage":2,"enemies":"Jaw Worm","floor":3,"turns":3},{"damage":12,"enemies":"Lots of Slimes","floor":4,"turns":4},{"damage":11,"enemies":"Gremlin Gang","floor":5,"turns":6},{"damage":6,"enemies":"Lagavulin","floor":7,"turns":7},{"damage":9,"enemies":"Red Slaver","floor":13,"turns":3},{"damage":2,"enemies":"3 Louse","floor":14,"turns":4},{"damage":15,"enemies":"Hexaghost","floor":16,"turns":12},{"damage":11,"enemies":"Spheric Guardian","floor":18,"turns":4},{"damage":4,"enemies":"3 Byrds","floor":21,"turns":3},{"damage":1,"enemies":"Snecko","floor":22,"turns":7},{"damage":16,"enemies":"Cultist and Chosen","floor":24,"turns":5},{"damage":15,"enemies":"Shelled Parasite and Fungi","floor":25,"turns":7},{"damage":29,"enemies":"Slavers","floor":27,"turns":5},{"damage":7,"enemies":"Snecko","floor":29,"turns":4},{"damage":10,"enemies":"Chosen and Byrds","floor":31,"turns":3},{"damage":3,"enemies":"Champ","floor":33,"turns":17},{"damage":5,"enemies":"Orb Walker","floor":35,"turns":3},{"damage":11,"enemies":"3 Darklings","floor":36,"turns":3},{"damage":21,"enemies":"Sphere and 2 Shapes","floor":38,"turns":3},{"damage":67,"enemies":"Giant Head","floor":41,"turns":9}],"seed_played":"-377998418547151568","potions_obtained":[{"floor":3,"key":"GamblersBrew"},{"floor":13,"key":"SpeedPotion"},{"floor":14,"key":"SkillPotion"},{"floor":16,"key":"SteroidPotion"},{"floor":22,"key":"Weak Potion"},{"floor":25,"key":"EssenceOfSteel"},{"floor":29,"key":"Dexterity Potion"},{"floor":33,"key":"Fire Potion"},{"floor":34,"key":"EssenceOfSteel"},{"floor":38,"key":"SteroidPotion"}],"is_trial":false,"path_per_floor":["M","M","M","M","M","R","E","R","T","R","?","$","M","M","R","B",null,"M","?","?","M","M","R","M","M","T","E","$","M","R","M","R","B",null,"M","M","$","M","$","R","E"],"character_chosen":"DEFECT","items_purchased":["Panacea","Self Repair","Chill","Runic Capacitor","Tempest","Potion Belt"],"campfire_rested":0,"item_purchase_floors":[12,12,28,37,37,39],"current_hp_per_floor":[75,70,68,56,45,45,39,39,39,39,39,39,37,42,42,34,75,71,52,52,52,52,52,49,52,52,33,33,37,37,33,33,52,57,57,46,46,33,33,33,0],"gold":58,"neow_bonus":"RANDOM_COMMON_RELIC","is_prod":false,"is_daily":false,"chose_seed":false,"campfire_upgraded":8,"win_rate":0,"timestamp":1554575942,"path_taken":["M","M","M","M","M","R","E","R","T","R","?","$","M","M","R","BOSS","M","?","?","M","?","R","M","?","T","E","$","M","R","M","R","BOSS","M","?","?","M","$","R","E"],"build_version":"2019-01-23","purchased_purges":0,"victory":false,"max_hp_per_floor":[75,75,75,75,75,75,75,75,75,75,75,75,75,75,75,75,75,75,52,52,52,52,52,52,52,52,52,52,52,52,52,52,52,57,57,57,57,57,57,57,57],"card_choices":[{"not_picked":["Beam Cell","Compile Driver"],"picked":"Steam","floor":1},{"not_picked":["Streamline","Aggregate"],"picked":"Go for the Eyes","floor":2},{"not_picked":["Gash","Stack"],"picked":"Conserve Battery","floor":3},{"not_picked":["Stack","Tempest"],"picked":"Static Discharge","floor":4},{"not_picked":["Leap","Compile Driver"],"picked":"Hologram","floor":5},{"not_picked":["Rebound","Compile Driver","Steam"],"picked":"SKIP","floor":7},{"not_picked":["Static Discharge","Hello World","Blizzard"],"picked":"SKIP","floor":13},{"not_picked":["Rebound","Sweeping Beam","Stack"],"picked":"SKIP","floor":14},{"not_picked":["Seek","Meteor Strike"],"picked":"Machine Learning","floor":16},{"not_picked":["Hologram","Beam Cell"],"picked":"Coolheaded+1","floor":18},{"not_picked":["Fusion+1","Conserve Battery"],"picked":"Buffer","floor":21},{"not_picked":["Fusion","Stack"],"picked":"Thunder Strike","floor":22},{"not_picked":["Sweeping Beam+1","Compile Driver"],"picked":"Sunder+1","floor":24},{"not_picked":["Redo","Beam Cell"],"picked":"Conserve Battery","floor":25},{"not_picked":["Capacitor+1","Hologram"],"picked":"Electrodynamics","floor":27},{"not_picked":["Hello World+1","Compile Driver+1"],"picked":"Reinforced Body+1","floor":29},{"not_picked":["Sweeping Beam","Coolheaded"],"picked":"Stack+1","floor":31},{"not_picked":["Core Surge","Machine Learning"],"picked":"Amplify","floor":33},{"not_picked":["Turbo","Cold Snap"],"picked":"Hologram","floor":34},{"not_picked":["Cold Snap","Buffer"],"picked":"Seek","floor":35},{"not_picked":["Melter+1","Sweeping Beam+1","Streamline"],"picked":"SKIP","floor":36},{"not_picked":["Redo","Beam Cell"],"picked":"Ball Lightning","floor":38}],"player_experience":933465,"relics_obtained":[{"floor":7,"key":"Bottled Tornado"},{"floor":9,"key":"Calipers"},{"floor":27,"key":"Ginger"}],"event_choices":[{"cards_removed":["Strike_B"],"damage_healed":0,"gold_gain":0,"player_choice":"Card Removal","damage_taken":0,"max_hp_gain":0,"max_hp_loss":0,"event_name":"The Cleric","floor":11,"gold_loss":50},{"damage_healed":0,"gold_gain":0,"player_choice":"Became a vampire","damage_taken":0,"max_hp_gain":0,"max_hp_loss":23,"event_name":"Vampires","floor":19,"gold_loss":0,"cards_obtained":["Bite","Bite","Bite","Bite","Bite"]},{"damage_healed":0,"gold_gain":0,"player_choice":"Traded Relic","damage_taken":0,"relics_obtained":["Nloth\u0027s Gift"],"max_hp_gain":0,"max_hp_loss":0,"event_name":"N\u0027loth","floor":20,"relics_lost":["Black Star"],"gold_loss":0}],"is_beta":false,"boss_relics":[{"not_picked":["Eternal Feather","Fusion Hammer"],"picked":"Black Star"},{"not_picked":["Calling Bell","Empty Cage"],"picked":"Tiny House"}],"items_purged_floors":[],"is_endless":false,"potions_floor_spawned":[3,13,14,16,22,25,29,33,38],"killed_by":"Giant Head","ascension_level":0}