{"gold_per_floor":[110,127,138,138,87,87,262,277,303,333,354,354,354,385,385,505,505,524,112,112,127,127,127,166,85,111,125,125,125,140,140,140,260,260],"floor_reached":34,"playtime":1361,"items_purged":["Strike_B"],"score":405,"play_id":"716664ab-447f-445e-9a22-4a47a3e80d17","local_time":"20190411223244","is_ascension_mode":true,"campfire_choices":[{"data":"Zap","floor":6,"key":"SMITH"},{"data":"Static Discharge","floor":13,"key":"SMITH"},{"floor":15,"key":"REST"},{"floor":23,"key":"REST"},{"data":"Apotheosis","floor":28,"key":"SMITH"},{"floor":32,"key":"REST"}],"neow_cost":"NONE","seed_source_timestamp":188137692865145,"circlet_count":0,"master_deck":["Zap+1","Dualcast","Dramatic Entrance","Streamline","Chill","Go for the Eyes","Conserve Battery","Turbo","Static Discharge+1","Consume","Biased Cognition","Redo+1","Apotheosis+1","Self Repair","White Noise","Compile Driver","Hologram","Recycle","Echo Form","Core Surge","Double Energy","Cold Snap","Glacier","Echo Form"],"relics":["Cracked Core","Golden Idol","Regal Pillow","Busted Crown","Ancient Tea Set","Blood Vial","Nloth\u0027s Gift","Pandora\u0027s Box"],"potions_floor_usage":[8,24,24,33,33],"damage_taken":[{"damage":0,"enemies":"Small Slimes","floor":1,"turns":2},{"damage":7,"enemies":"Jaw Worm","floor":2,"turns":3},{"damage":0,"enemies":"2 Louse","floor":3,"turns":2},{"damage":8,"enemies":"Large Slime","floor":8,"turns":5},{"damage":1,"enemies":"Blue Slaver","floor":11,"turns":2},{"damage":15,"enemies":"Gremlin Nob","floor":14,"turns":4},{"damage":49,"enemies":"Slime Boss","floor":16,"turns":10},{"damage":21,"enemies":"Shell Parasite","floor":18,"turns":4},{"damage":28,"enemies":"2 Thieves","floor":21,"turns":4},{"damage":9,"enemies":"Slavers","floor":24,"turns":7},{"damage":36,"enemies":"Chosen and Byrds","floor":27,"turns":8},{"damage":7,"enemies":"Centurion and Healer","floor":30,"turns":7},{"damage":30,"enemies":"Colosseum Slavers","floor":31,"turns":5},{"damage":51,"enemies":"Champ","floor":33,"turns":12}],"seed_played":"483087354648775856","potions_obtained":[{"floor":1,"key":"Fire Potion"},{"floor":3,"key":"Block Potion"},{"floor":21,"key":"Weak Potion"},{"floor":24,"key":"SpeedPotion"},{"floor":30,"key":"FearPotion"}],"is_trial":false,"path_per_floor":["M","M","M","?","$","R","?","M","T","?","M","?","R","E","R","B",null,"M","$","?","M","?","R","E","$","T","M","R","?","M","?","R","B",null],"character_chosen":"DEFECT","items_purchased":["Conserve Battery","Apotheosis","Ancient Tea Set","Recycle"],"campfire_rested":3,"item_purchase_floors":[5,19,19,25],"current_hp_per_floor":[75,68,68,50,50,50,50,42,42,42,41,41,41,26,63,14,75,54,54,54,26,26,63,54,54,54,30,30,30,35,21,58,19,75],"gold":260,"neow_bonus":"RANDOM_COLORLESS","is_prod":false,"is_daily":false,"chose_seed":false,"campfire_upgraded":3,"win_rate":0,"timestamp":1554993164,"path_taken":["M","M","M","?","$","R","?","M","T","?","M","?","R","E","R","BOSS","M","$","?","M","?","R","E","$","T","M","R","?","?","?","R","BOSS"],"build_version":"2019-01-23","purchased_purges":1,"victory":false,"max_hp_per_floor":[75,75,75,75,75,75,75,75,75,75,75,75,75,75,75,75,75,75,75,75,75,75,75,75,75,75,75,75,75,75,75,75,75,75],"card_choices":[{"not_picked":["Scrape","Doom and Gloom"],"picked":"Streamline","floor":1},{"not_picked":["Force Field","Blizzard"],"picked":"Chill","floor":2},{"not_picked":["Ball Lightning","BootSequence"],"picked":"Go for the Eyes","floor":3},{"not_picked":["Reprogram","Skim"],"picked":"Turbo","floor":8},{"not_picked":["Rebound","Reprogram"],"picked":"Static Discharge","floor":11},{"not_picked":["Compile Driver","Reprogram"],"picked":"Consume","floor":14},{"not_picked":["Fission","All For One"],"picked":"Biased Cognition","floor":16},{"not_picked":[],"picked":"Redo+1","floor":18},{"not_picked":[],"picked":"Self Repair","floor":21},{"not_picked":[],"picked":"Hologram","floor":24},{"not_picked":["Rebound"],"picked":"SKIP","floor":27},{"not_picked":["Redo"],"picked":"SKIP","floor":30},{"not_picked":[],"picked":"Echo Form","floor":33}],"player_experience":965995,"relics_obtained":[{"floor":14,"key":"Regal Pillow"},{"floor":24,"key":"Ginger"},{"floor":26,"key":"Blood Vial"}],"event_choices":[{"damage_healed":0,"gold_gain":0,"player_choice":"Take Damage","damage_taken":18,"relics_obtained":["Golden Idol"],"max_hp_gain":0,"max_hp_loss":0,"event_name":"Golden Idol","floor":4,"gold_loss":0},{"damage_healed":0,"gold_gain":175,"player_choice":"AGREE","damage_taken":0,"max_hp_gain":0,"max_hp_loss":0,"event_name":"Liars Game","floor":7,"gold_loss":0,"cards_obtained":["Doubt"]},{"damage_healed":0,"gold_gain":30,"player_choice":"Searched \u00271\u0027 times","damage_taken":0,"max_hp_gain":0,"max_hp_loss":0,"event_name":"Dead Adventurer","floor":10,"gold_loss":0},{"cards_removed":["Doubt"],"damage_healed":0,"gold_gain":0,"player_choice":"Forget","damage_taken":0,"max_hp_gain":0,"max_hp_loss":0,"event_name":"Living Wall","floor":12,"gold_loss":0},{"damage_healed":0,"gold_gain":0,"player_choice":"Simplicity","damage_taken":0,"max_hp_gain":0,"max_hp_loss":0,"event_name":"Back to Basics","floor":20,"gold_loss":0,"cards_upgraded":["Strike_B","Strike_B","Strike_B","Defend_B","Defend_B","Defend_B","Defend_B"]},{"damage_healed":0,"gold_gain":0,"cards_transformed":["Strike_B","Strike_B"],"player_choice":"Became Test Subject","damage_taken":0,"max_hp_gain":0,"max_hp_loss":0,"event_name":"Drug Dealer","floor":22,"gold_loss":0,"cards_obtained":["White Noise","Compile Driver"]},{"damage_healed":0,"gold_gain":0,"player_choice":"Traded Relic","damage_taken":0,"relics_obtained":["Nloth\u0027s Gift"],"max_hp_gain":0,"max_hp_loss":0,"event_name":"N\u0027loth","floor":29,"relics_lost":["Ginger"],"gold_loss":0},{"damage_healed":0,"gold_gain":0,"player_choice":"Fight","damage_taken":0,"max_hp_gain":0,"max_hp_loss":0,"event_name":"Colosseum","floor":31,"gold_loss":0},{"damage_healed":0,"gold_gain":0,"player_choice":"Fled From Nobs","damage_taken":0,"max_hp_gain":0,"max_hp_loss":0,"event_name":"Colosseum","floor":31,"gold_loss":0}],"is_beta":false,"boss_relics":[{"not_picked":["Cursed Key","White Beast Statue"],"picked":"Busted Crown"},{"not_picked":["Fusion Hammer","Snecko Eye"],"picked":"Pandora\u0027s Box"}],"items_purged_floors":[19],"is_endless":false,"potions_floor_spawned":[1,3,21,24,30,31],"ascension_level":2}