{"gold_per_floor":[114,129,144,144,94,124,154,4,4,54,84,84,99,129,129,229,229,244,244,259,184,101,131,161,161,191,206,236,236,266,281,281,381,381,396,396,346,376,142,172,172,187,187,217,217,247,153,168,168,168],"floor_reached":51,"playtime":3791,"items_purged":["Normality","Normality"],"score":1092,"play_id":"ca1537f7-9268-4bc9-96d0-47b12c20b9fb","local_time":"20190303030106","daily_mods":["Cursed Run","Flight","DeadlyEvents"],"is_ascension_mode":false,"campfire_choices":[{"floor":15,"key":"REST"},{"data":"1","floor":25,"key":"LIFT"},{"data":"2","floor":29,"key":"LIFT"},{"data":"3","floor":32,"key":"LIFT"},{"data":"Cold Snap","floor":41,"key":"SMITH"},{"floor":49,"key":"REST"}],"neow_cost":"","seed_source_timestamp":74358570541763,"circlet_count":0,"master_deck":["Strike_B","Strike_B","Strike_B","Strike_B","Defend_B","Defend_B","Defend_B","Defend_B","Zap","Dualcast","Cold Snap+1","Ball Lightning","Chill+1","Coolheaded","Consume","Coolheaded+1","Doubt","Defragment","Blizzard","Blizzard","Parasite","Echo Form","Clumsy","Doubt","Streamline","Decay","Cold Snap+1","Redo+1","Self Repair","Ball Lightning+1","Self Repair+1","Writhe","Cold Snap+1","Double Energy+1","Clumsy","Cold Snap+1","Aggregate+1","Apotheosis+1","Beam Cell+1","Ball Lightning+1","Parasite","Redo+1","Shame","Defragment+1","Deep Breath+1","Clumsy"],"special_seed":17958,"relics":["Cursed Key","Darkstone Periapt","Du-Vu Doll","Question Card","Bag of Preparation","Pear","DataDisk","Bottled Flame","Potion Belt","Mercury Hourglass","Pantograph","Happy Flower","Calling Bell","Girya","Toxic Egg 2","Oddly Smooth Stone","Molten Egg 2","Matryoshka","Tiny Chest","Pen Nib","War Paint","Smiling Mask","Philosopher\u0027s Stone","Orichalcum","Peace Pipe","Lantern","Ornamental Fan","Meat on the Bone","Frozen Egg 2","Blue Candle"],"potions_floor_usage":[23,33,46,50,50,50,50,50],"damage_taken":[{"damage":5,"enemies":"Cultist","floor":1,"turns":4},{"damage":1,"enemies":"2 Louse","floor":2,"turns":3},{"damage":0,"enemies":"Small Slimes","floor":3,"turns":2},{"damage":19,"enemies":"3 Sentries","floor":6,"turns":8},{"damage":15,"enemies":"Gremlin Nob","floor":7,"turns":4},{"damage":2,"enemies":"Lagavulin","floor":11,"turns":6},{"damage":9,"enemies":"Red Slaver","floor":13,"turns":4},{"damage":15,"enemies":"Gremlin Nob","floor":14,"turns":4},{"damage":42,"enemies":"The Guardian","floor":16,"turns":10},{"damage":4,"enemies":"Shell Parasite","floor":18,"turns":5},{"damage":19,"enemies":"2 Thieves","floor":20,"turns":3},{"damage":14,"enemies":"Slavers","floor":23,"turns":5},{"damage":42,"enemies":"Gremlin Leader","floor":24,"turns":6},{"damage":0,"enemies":"3 Cultists","floor":27,"turns":3},{"damage":9,"enemies":"Slavers","floor":28,"turns":3},{"damage":10,"enemies":"Book of Stabbing","floor":30,"turns":5},{"damage":0,"enemies":"Snake Plant","floor":31,"turns":3},{"damage":21,"enemies":"Automaton","floor":33,"turns":9},{"damage":2,"enemies":"3 Shapes","floor":35,"turns":3},{"damage":50,"enemies":"Reptomancer","floor":38,"turns":6},{"damage":37,"enemies":"Nemesis","floor":40,"turns":5},{"damage":0,"enemies":"3 Darklings","floor":42,"turns":2},{"damage":44,"enemies":"Giant Head","floor":44,"turns":7},{"damage":49,"enemies":"Nemesis","floor":46,"turns":7},{"damage":0,"enemies":"4 Shapes","floor":48,"turns":3},{"damage":39,"enemies":"Time Eater","floor":50,"turns":7}],"seed_played":"-270384257363861475","potions_obtained":[{"floor":3,"key":"Dexterity Potion"},{"floor":6,"key":"Energy Potion"},{"floor":13,"key":"FairyPotion"},{"floor":14,"key":"Explosive Potion"},{"floor":20,"key":"Ancient Potion"},{"floor":23,"key":"Weak Potion"},{"floor":27,"key":"PowerPotion"},{"floor":36,"key":"EntropicBrew"},{"floor":36,"key":"FocusPotion"},{"floor":40,"key":"SteroidPotion"},{"floor":48,"key":"LiquidBronze"}],"is_trial":false,"path_per_floor":["M","M","M","?","$","E","E","$","T","T","E","T","M","E","R","B",null,"M","?","M","?","$","E","E","R","T","M","E","R","E","M","R","B",null,"M","?","$","E","$","E","R","M","T","E","T","E","$","M","R","B",null],"character_chosen":"DEFECT","items_purchased":["Coolheaded","DataDisk","Redo+1","Self Repair","Apotheosis+1","Deep Breath+1"],"campfire_rested":2,"item_purchase_floors":[5,8,22,22,39,47],"current_hp_per_floor":[70,69,69,69,69,50,45,45,51,57,55,61,52,37,67,56,127,123,129,110,110,110,103,68,68,74,84,82,82,89,106,106,126,145,143,143,143,103,103,86,86,86,92,65,71,44,44,66,113,105],"gold":168,"neow_bonus":"","is_prod":false,"is_daily":true,"chose_seed":false,"campfire_upgraded":1,"win_rate":0,"timestamp":1551603666,"path_taken":["M","?","M","?","$","E","?","?","T","?","?","?","M","?","R","BOSS","M","?","M","?","?","E","E","R","T","M","?","R","E","?","R","BOSS","M","?","$","?","?","E","R","?","T","?","?","?","$","?","R","BOSS"],"build_version":"2019-01-23","purchased_purges":2,"victory":true,"max_hp_per_floor":[75,75,75,75,75,75,85,85,91,97,97,103,103,103,103,109,127,127,133,133,133,133,133,133,133,139,139,139,139,139,139,139,145,145,145,145,145,145,145,145,145,145,151,151,157,157,157,157,157,163],"card_choices":[{"not_picked":["Rebound","Hologram"],"picked":"Cold Snap","floor":1},{"not_picked":["Streamline","Undo"],"picked":"Ball Lightning","floor":2},{"not_picked":["Steam","Sweeping Beam"],"picked":"Chill","floor":3},{"not_picked":["Reprogram","Fission","Conserve Battery"],"picked":"Consume","floor":6},{"not_picked":["Rebound","Beam Cell","Gash"],"picked":"Coolheaded","floor":7},{"not_picked":["Reprogram","Ball Lightning","Reinforced Body"],"picked":"Defragment","floor":11},{"not_picked":["Gash","Steam","Rebound"],"picked":"Blizzard","floor":13},{"not_picked":["Darkness","Coolheaded","Lockon"],"picked":"Blizzard","floor":14},{"not_picked":["Buffer","Core Surge","Meteor Strike"],"picked":"Echo Form","floor":16},{"not_picked":["Compile Driver","Stack+1","Sweeping Beam"],"picked":"Streamline","floor":18},{"not_picked":["Blizzard","Sweeping Beam+1","Auto Shields+1"],"picked":"Cold Snap+1","floor":20},{"not_picked":["Buffer","Consume+1","Hologram+1"],"picked":"Ball Lightning","floor":23},{"not_picked":["Conserve Battery+1","Biased Cognition","Gash+1"],"picked":"Self Repair+1","floor":24},{"not_picked":["Steam+1","Compile Driver+1","Gash+1","Barrage+1"],"picked":"SKIP","floor":27},{"not_picked":["Leap+1","Darkness+1","FTL+1"],"picked":"Cold Snap+1","floor":28},{"not_picked":["Storm+1","Leap+1","Genetic Algorithm+1"],"picked":"Double Energy+1","floor":30},{"not_picked":["Conserve Battery+1","Stack+1","Turbo+1","Double Energy+1"],"picked":"SKIP","floor":31},{"not_picked":["BootSequence+1","Skim+1","Turbo+1"],"picked":"Cold Snap+1","floor":35},{"not_picked":["Darkness+1","Double Energy+1","Buffer"],"picked":"Aggregate+1","floor":38},{"not_picked":["Heatsinks","Go for the Eyes+1","Conserve Battery+1"],"picked":"Beam Cell+1","floor":40},{"not_picked":["Fusion+1","Gash+1","Scrape+1"],"picked":"Ball Lightning+1","floor":42},{"not_picked":["Aggregate+1","Barrage+1","Static Discharge"],"picked":"Redo+1","floor":44},{"not_picked":["Streamline+1","Rebound+1","Storm+1"],"picked":"Defragment+1","floor":46},{"not_picked":["Streamline+1","Steam+1","Steam Power+1","Redo+1"],"picked":"SKIP","floor":48}],"player_experience":234460,"relics_obtained":[{"floor":6,"key":"Bag of Preparation"},{"floor":7,"key":"Pear"},{"floor":9,"key":"Bottled Flame"},{"floor":10,"key":"Potion Belt"},{"floor":11,"key":"Mercury Hourglass"},{"floor":12,"key":"Pantograph"},{"floor":14,"key":"Happy Flower"},{"floor":17,"key":"Girya"},{"floor":17,"key":"Toxic Egg 2"},{"floor":17,"key":"Oddly Smooth Stone"},{"floor":23,"key":"Molten Egg 2"},{"floor":24,"key":"Matryoshka"},{"floor":26,"key":"Tiny Chest"},{"floor":26,"key":"Pen Nib"},{"floor":28,"key":"War Paint"},{"floor":30,"key":"Smiling Mask"},{"floor":38,"key":"Orichalcum"},{"floor":40,"key":"Peace Pipe"},{"floor":43,"key":"Lantern"},{"floor":43,"key":"Ornamental Fan"},{"floor":44,"key":"Meat on the Bone"},{"floor":45,"key":"Frozen Egg 2"},{"floor":46,"key":"Blue Candle"}],"event_choices":[{"damage_healed":0,"gold_gain":0,"player_choice":"Gave Potion","damage_taken":0,"relics_obtained":["Question Card"],"max_hp_gain":0,"max_hp_loss":0,"event_name":"WeMeetAgain","floor":4,"gold_loss":0},{"damage_healed":0,"gold_gain":0,"player_choice":"Smashed Altar","damage_taken":0,"max_hp_gain":0,"max_hp_loss":0,"event_name":"Forgotten Altar","floor":19,"gold_loss":0,"cards_obtained":["Decay"]},{"cards_removed":["Regret"],"damage_healed":0,"gold_gain":0,"player_choice":"Gave Gold","damage_taken":0,"max_hp_gain":0,"max_hp_loss":0,"event_name":"Beggar","floor":21,"gold_loss":75},{"damage_healed":0,"gold_gain":0,"player_choice":"Got Potions","damage_taken":0,"max_hp_gain":0,"max_hp_loss":0,"event_name":"Lab","floor":36,"gold_loss":0}],"is_beta":false,"boss_relics":[{"not_picked":["Ectoplasm","Lizard Tail"],"picked":"Calling Bell"},{"not_picked":["Orrery","Pandora\u0027s Box"],"picked":"Philosopher\u0027s Stone"}],"items_purged_floors":[37,39],"is_endless":false,"potions_floor_spawned":[3,6,13,14,20,23,27,30,31,40,44,48],"ascension_level":0}