{"gold_per_floor":[114,129,129,129,148,148,186,186,211,176,176,195,195,163,163,288,288,307,315,334,353,278,278,316,316,316,16,35,35,35,35,35,135,135,150,165,180,195,417,417,67,67,67,67,67,82,112,42,42,42],"floor_reached":51,"playtime":2422,"items_purged":[],"score":841,"play_id":"b40ab819-46b2-4c77-8538-6798b9b4e2f4","local_time":"20190314220643","daily_mods":["Heirloom","ControlledChaos","Night Terrors"],"is_ascension_mode":false,"campfire_choices":[{"data":"Zap","floor":6.0,"key":"SMITH"},{"data":"White Noise","floor":8.0,"key":"SMITH"},{"data":"Reprogram","floor":15.0,"key":"SMITH"},{"floor":23.0,"key":"REST"},{"floor":25.0,"key":"REST"},{"data":"Ball Lightning","floor":29.0,"key":"SMITH"},{"data":"Dualcast","floor":32.0,"key":"SMITH"},{"floor":40,"key":"REST"},{"data":"Undo","floor":42,"key":"SMITH"},{"floor":49,"key":"REST"}],"neow_cost":"","seed_source_timestamp":173919364592158,"circlet_count":0,"master_deck":["Strike_B","Strike_B+1","Strike_B+1","Strike_B","Defend_B","Defend_B","Defend_B","Zap+1","Dualcast+1","Leap+1","Ball Lightning+1","Reprogram+1","White Noise+1","Machine Learning","Auto Shields+1","Storm+1","Echo Form","Undo+1","Melter+1","Loop"],"special_seed":17970,"relics":["Cracked Core","Frozen Eye","Incense Burner","Bloody Idol","Dodecahedron","Whetstone","Snecko Eye","Red Mask","Pear","Symbiotic Virus","Ice Cream","Philosopher\u0027s Stone","Emotion Chip","Pen Nib","Peace Pipe"],"potions_floor_usage":[33,33,33,50,50,50],"damage_taken":[{"damage":6.0,"enemies":"Jaw Worm","floor":1.0,"turns":3.0},{"damage":0.0,"enemies":"Small Slimes","floor":2.0,"turns":2.0},{"damage":2.0,"enemies":"Cultist","floor":5.0,"turns":4.0},{"damage":17.0,"enemies":"3 Sentries","floor":7.0,"turns":6.0},{"damage":10.0,"enemies":"3 Louse","floor":12.0,"turns":3.0},{"damage":10.0,"enemies":"Slime Boss","floor":16.0,"turns":7.0},{"damage":20.0,"enemies":"2 Thieves","floor":18.0,"turns":2.0},{"damage":34.0,"enemies":"Masked Bandits","floor":19.0,"turns":4.0},{"damage":3.0,"enemies":"3 Byrds","floor":20.0,"turns":4.0},{"damage":9.0,"enemies":"Centurion and Healer","floor":21.0,"turns":3.0},{"damage":67.0,"enemies":"Slavers","floor":24.0,"turns":7.0},{"damage":0.0,"enemies":"Snecko","floor":28.0,"turns":4.0},{"damage":32,"enemies":"Champ","floor":33,"turns":7},{"damage":38,"enemies":"3 Darklings","floor":35,"turns":6},{"damage":4,"enemies":"Orb Walker","floor":36,"turns":4},{"damage":21,"enemies":"Maw","floor":37,"turns":7},{"damage":29,"enemies":"Transient","floor":38,"turns":5},{"damage":30,"enemies":"3 Darklings","floor":46,"turns":4},{"damage":0,"enemies":"Nemesis","floor":47,"turns":6},{"damage":41,"enemies":"Time Eater","floor":50,"turns":5}],"seed_played":"1956191728071383589","potions_obtained":[{"floor":1.0,"key":"SpeedPotion"},{"floor":2.0,"key":"Regen Potion"},{"floor":20.0,"key":"LiquidBronze"},{"floor":28.0,"key":"EntropicBrew"},{"floor":36,"key":"FocusPotion"},{"floor":46,"key":"PowerPotion"}],"is_trial":false,"path_per_floor":["M","M","?","?","M","R","E","R","T","?","?","M","?","?","R","B",null,"M","?","M","M","?","R","E","R","T","$","M","R","?","$","R","B",null,"M","M","M","M","?","R","$","R","T","$","?","M","E","$","R","B",null],"character_chosen":"DEFECT","items_purchased":["Ice Cream","Emotion Chip","Energy Potion","Loop"],"campfire_rested":4,"item_purchase_floors":[27,41,41,48],"current_hp_per_floor":[69,69,69,69,67,67,50,50,50,68,75,65,70,70,70,60,80,60,38,35,26,26,75,18,80,80,80,80,80,80,80,80,53,80,47,48,32,8,13,75,75,75,75,75,75,50,55,55,70,29],"gold":42,"neow_bonus":"","is_prod":false,"is_daily":true,"chose_seed":false,"campfire_upgraded":6,"win_rate":0,"timestamp":1552619203,"path_taken":["M","M","?","?","?","R","E","R","T","?","?","?","?","?","R","BOSS","M","?","M","M","?","R","E","R","T","$","M","R","?","?","R","BOSS","M","M","?","M","?","R","$","R","T","$","?","?","E","$","R","BOSS"],"build_version":"2019-01-23","purchased_purges":0,"victory":true,"max_hp_per_floor":[75,75,75,75,75,75,75,75,75,75,75,75,80,80,80,80,80,80,80,80,80,80,75,85,80,80,80,80,80,80,80,80,80,80,80,80,80,80,80,75,75,75,75,75,75,75,75,75,70,70],"card_choices":[{"not_picked":["Rebound","Reprogram"],"picked":"Leap","floor":1.0},{"not_picked":["Barrage","Compile Driver"],"picked":"Ball Lightning","floor":2.0},{"not_picked":["Gash","Rebound"],"picked":"Force Field","floor":5.0},{"not_picked":["Turbo","Double Energy"],"picked":"White Noise","floor":7.0},{"not_picked":["Sweeping Beam","Cold Snap"],"picked":"Machine Learning","floor":12.0},{"not_picked":["Compile Driver","Streamline"],"picked":"Auto Shields+1","floor":18.0},{"not_picked":["Barrage+1","Beam Cell"],"picked":"Storm+1","floor":20.0},{"not_picked":["Leap","Redo","Steam"],"picked":"SKIP","floor":21.0},{"not_picked":["Echo Form","Redo","Hologram"],"picked":"SKIP","floor":24.0},{"not_picked":["Hologram+1","Ball Lightning","Cold Snap"],"picked":"SKIP","floor":28.0},{"not_picked":["Fission","Seek"],"picked":"Echo Form","floor":33},{"not_picked":["Rebound","Hologram","Steam"],"picked":"SKIP","floor":35},{"not_picked":["Steam+1","Doom and Gloom","FTL"],"picked":"SKIP","floor":36},{"not_picked":["Consume+1","Chill+1","Skim+1"],"picked":"SKIP","floor":37},{"not_picked":["Leap+1","Stack"],"picked":"Undo","floor":38},{"not_picked":["Hologram","Undo+1"],"picked":"Melter+1","floor":46},{"not_picked":["Core Surge","Leap","Defragment"],"picked":"SKIP","floor":47}],"player_experience":289199,"relics_obtained":[{"floor":7.0,"key":"Dodecahedron"},{"floor":9.0,"key":"Whetstone"},{"floor":19.0,"key":"Red Mask"},{"floor":24.0,"key":"Pear"},{"floor":26.0,"key":"Symbiotic Virus"},{"floor":43,"key":"Pen Nib"},{"floor":47,"key":"Peace Pipe"}],"event_choices":[{"damage_healed":0.0,"max_hp_gain":0.0,"max_hp_loss":0.0,"gold_gain":0.0,"event_name":"Golden Idol","player_choice":"Take Wound","floor":3.0,"gold_loss":0.0,"damage_taken":0.0,"relics_obtained":["Golden Idol"],"cards_obtained":["Injury"]},{"damage_healed":0.0,"max_hp_gain":0.0,"max_hp_loss":0.0,"gold_gain":0.0,"cards_transformed":["Defend_B"],"event_name":"Transmorgrifier","player_choice":"Transformed","floor":4.0,"gold_loss":0.0,"damage_taken":0.0,"cards_obtained":["Reprogram"]},{"damage_healed":18.0,"max_hp_gain":0.0,"max_hp_loss":0.0,"gold_gain":0.0,"event_name":"The Cleric","player_choice":"Healed","floor":10.0,"gold_loss":35.0,"damage_taken":0.0},{"cards_removed":["Force Field"],"damage_healed":7.0,"max_hp_gain":0.0,"max_hp_loss":0.0,"gold_gain":0.0,"event_name":"Bonfire Elementals","player_choice":"Offered Uncommon","floor":11.0,"gold_loss":0.0,"damage_taken":0.0},{"damage_healed":0.0,"max_hp_gain":5.0,"max_hp_loss":0.0,"gold_gain":0.0,"event_name":"Big Fish","player_choice":"Donut","floor":13.0,"gold_loss":0.0,"damage_taken":0.0},{"damage_healed":0.0,"max_hp_gain":0.0,"max_hp_loss":0.0,"gold_gain":0.0,"event_name":"World of Goop","player_choice":"Left Gold","floor":14.0,"gold_loss":32.0,"damage_taken":0.0},{"damage_healed":0.0,"max_hp_gain":0.0,"max_hp_loss":0.0,"gold_gain":0.0,"event_name":"Masked Bandits","player_choice":"Fought Bandits","floor":19.0,"gold_loss":0.0,"damage_taken":0.0},{"cards_removed":["Injury"],"damage_healed":0.0,"max_hp_gain":0.0,"max_hp_loss":0.0,"gold_gain":0.0,"event_name":"Beggar","player_choice":"Gave Gold","floor":22.0,"gold_loss":75.0,"damage_taken":0.0},{"damage_healed":0.0,"max_hp_gain":0.0,"max_hp_loss":0.0,"gold_gain":0.0,"event_name":"Forgotten Altar","player_choice":"Gave Idol","floor":30.0,"relics_lost":["Golden Idol"],"gold_loss":0.0,"damage_taken":0.0,"relics_obtained":["Bloody Idol"]},{"damage_healed":0,"gold_gain":222,"player_choice":"Wore Mask","damage_taken":0,"max_hp_gain":0,"max_hp_loss":0,"event_name":"Tomb of Lord Red Mask","floor":39,"gold_loss":0},{"damage_healed":0,"gold_gain":0,"player_choice":"Upgraded","damage_taken":0,"max_hp_gain":0,"max_hp_loss":0,"event_name":"Upgrade Shrine","floor":45,"gold_loss":0,"cards_upgraded":["Leap"]}],"is_beta":false,"boss_relics":[{"not_picked":["Inserter","Black Star"],"picked":"Snecko Eye"},{"not_picked":["Eternal Feather","Tiny House"],"picked":"Philosopher\u0027s Stone"}],"items_purged_floors":[],"is_endless":false,"potions_floor_spawned":[1,2,20,28,36,46,47],"ascension_level":0}