{"path_per_floor":["M","M","M","?","M","R","M","$","T","M","?","?","E","M","R","B",null,"M","M","M","$","M","R","M","R","T","?","M","?","M","M","R","B",null,"M","M","?","M","$","R","M"],"character_chosen":"IRONCLAD","items_purchased":["Feed","Headbutt","Mercury Hourglass","Explosive Potion","Bag of Preparation"],"gold_per_floor":[109,120,138,138,153,153,171,29,29,43,113,142,173,189,189,288,288,302,314,325,10,27,27,42,42,42,42,57,57,68,83,83,179,179,189,209,209,228,34,34,46],"floor_reached":42,"campfire_rested":3,"playtime":4715,"current_hp_per_floor":[83,87,87,87,80,80,84,84,84,82,82,88,75,84,84,60,102,85,85,63,63,66,66,56,87,87,87,70,48,45,36,69,28,116,64,53,53,11,11,45,33],"items_purged":[],"gold":46,"score":433,"play_id":"085b0128-3f29-4fb7-81ab-17187672096d","is_prod":false,"is_daily":false,"is_ascension_mode":false,"campfire_upgraded":3,"path_taken":["M","M","M","?","M","R","M","$","T","?","?","?","E","M","R","BOSS","M","M","M","$","M","R","M","R","T","?","M","?","M","M","R","BOSS","M","?","?","?","$","R","M","E"],"build_version":"2018-02-15-PROD1","purchased_purges":0,"victory":false,"master_deck":["Strike_R","Strike_R","Strike_R","Strike_R","Strike_R","Defend_R","Defend_R","Defend_R","Defend_R","Bash+1","Metallicize","Perfected Strike+1","Reckless Charge","Infernal Blade+1","Dropkick","Feed","Inflame","Shrug It Off","Shrug It Off","Berserk+1","Offering","Armaments+1","Pommel Strike","Iron Wave+1","Headbutt","Battle Trance","Iron Wave","Clothesline+1","Dual Wield","Demon Form+1","Feed","Infernal Blade","Anger+1","Double Tap","Headbutt+1"],"max_hp_per_floor":[87,87,87,87,87,87,87,87,87,90,90,93,96,99,99,102,102,102,102,105,105,105,105,105,105,105,105,108,113,113,113,113,116,116,116,116,116,116,116,116,116],"relics":["Burning Blood","Strawberry","Champion Belt","Odd Mushroom","Ice Cream","White Beast Statue","Mercury Hourglass","Frozen Egg 2","Question Card","Bag of Preparation"],"card_choices":[{"not_picked":["Clash","Pommel Strike"],"picked":"Metallicize"},{"not_picked":["Reckless Charge","Pommel Strike"],"picked":"Perfected Strike"},{"not_picked":["True Grit","Power Through"],"picked":"Reckless Charge"},{"not_picked":["Corruption","Bloodletting"],"picked":"Infernal Blade"},{"not_picked":["Clothesline","Sever Soul"],"picked":"Dropkick"},{"not_picked":["Flame Barrier","Wild Strike"],"picked":"Inflame"},{"not_picked":["Infernal Blade","Pommel Strike"],"picked":"Shrug It Off"},{"not_picked":["True Grit","Heavy Blade"],"picked":"Shrug It Off"},{"not_picked":["Body Slam","Infernal Blade"],"picked":"Berserk"},{"not_picked":["Dark Embrace","Juggernaut"],"picked":"Offering"},{"not_picked":["Clothesline","Sword Boomerang"],"picked":"Armaments"},{"not_picked":["Twin Strike","Corruption"],"picked":"Pommel Strike"},{"not_picked":["Second Wind","Blood for Blood"],"picked":"Iron Wave"},{"not_picked":["Shrug It Off","Wild Strike"],"picked":"Battle Trance"},{"not_picked":["Disarm","Pummel"],"picked":"Iron Wave"},{"not_picked":["Battle Trance","Power Through"],"picked":"Clothesline"},{"not_picked":["Armaments","Clash"],"picked":"Dual Wield"},{"not_picked":["Cleave","Inflame"],"picked":"Demon Form"},{"not_picked":["Dark Embrace","Juggernaut"],"picked":"Feed"},{"not_picked":["Body Slam","Warcry","Armaments"],"picked":"Infernal Blade"},{"not_picked":["True Grit","Pummel","Combust"],"picked":"Anger"},{"not_picked":["Second Wind","Armaments","Body Slam"],"picked":"Double Tap"},{"not_picked":["Rupture","Heavy Blade","Dropkick"],"picked":"Headbutt"}],"player_experience":37134,"potions_floor_usage":[12,16,16,28,30,30,31,33,33,35,38,38,41,41],"damage_taken":[{"damage":10,"enemies":"Jaw Worm","floor":1,"turns":4},{"damage":2,"enemies":"Small Slimes","floor":2,"turns":5},{"damage":2,"enemies":"2 Louse","floor":3,"turns":2},{"damage":13,"enemies":"Lots of Slimes","floor":5,"turns":6},{"damage":10,"enemies":"Large Slime","floor":7,"turns":8},{"damage":11,"enemies":"Exordium Wildlife","floor":10,"turns":5},{"damage":3,"enemies":"The Mushroom Lair","floor":12,"turns":3},{"damage":22,"enemies":"3 Sentries","floor":13,"turns":6},{"damage":0,"enemies":"3 Louse","floor":14,"turns":4},{"damage":33,"enemies":"The Guardian","floor":16,"turns":11},{"damage":23,"enemies":"Chosen","floor":18,"turns":7},{"damage":6,"enemies":"Spheric Guardian","floor":19,"turns":3},{"damage":31,"enemies":"3 Cultists","floor":20,"turns":6},{"damage":3,"enemies":"Snecko","floor":22,"turns":4},{"damage":16,"enemies":"Centurion and Healer","floor":24,"turns":6},{"damage":26,"enemies":"Slaver and Parasite","floor":28,"turns":12},{"damage":9,"enemies":"3 Cultists","floor":30,"turns":6},{"damage":15,"enemies":"Cultist and Chosen","floor":31,"turns":5},{"damage":50,"enemies":"Collector","floor":33,"turns":8},{"damage":67,"enemies":"3 Darklings","floor":35,"turns":6},{"damage":17,"enemies":"3 Shapes","floor":36,"turns":4},{"damage":48,"enemies":"Sphere and 2 Shapes","floor":38,"turns":8},{"damage":33,"enemies":"4 Shapes","floor":41,"turns":6},{"damage":34,"enemies":"Nemesis","floor":42,"turns":3}],"event_choices":[{"event_name":"Living Wall","player_choice":"Grow","floor":4,"damage_taken":0},{"event_name":"Golden Wing","player_choice":"Gained Gold","floor":11,"damage_taken":0},{"event_name":"Mushrooms","player_choice":"Fought Mushrooms","floor":12,"damage_taken":0},{"event_name":"Drug Dealer","player_choice":"Ignored","floor":27,"damage_taken":0},{"event_name":"Forgotten Altar","player_choice":"Shed Blood","floor":29,"damage_taken":0},{"event_name":"Tomb of Lord Red Mask","player_choice":"Ignored","floor":37,"damage_taken":0}],"boss_relics":[{"not_picked":["Calling Bell","Runic Dome"],"picked":"White Beast Statue"},{"not_picked":["Eternal Feather","Snecko Eye"],"picked":"Question Card"}],"potions_floor_spawned":[7,10,14,16,18,19,20,22,24,28,30,31,33,35,36,38,41],"seed_played":"-1416153922238095836","killed_by":"Nemesis","ascension_level":0,"is_trial":false}