{"gold_per_floor":[117,137,137,137,152,152,185,185,185,198,209,384,403,403],"floor_reached":14,"playtime":779,"items_purged":[],"score":92,"play_id":"127e06b8-899c-431f-a16d-c650dc6d25ce","local_time":"20190205213946","is_ascension_mode":false,"campfire_choices":[{"floor":6,"key":"REST"}],"neow_cost":"NONE","seed_source_timestamp":170613396983217,"circlet_count":0,"master_deck":["Defend_G","Defend_G","Defend_G","Defend_G","Strike_G","Strike_G","Strike_G","Strike_G","Strike_G","Survivor","Neutralize","Outmaneuver","Finisher","Phantasmal Killer","Slice","Well Laid Plans","Caltrops","Prepared","Doubt","Slice"],"relics":["Ring of the Snake","Paper Crane","Bronze Scales","Shuriken"],"potions_floor_usage":[7,13],"damage_taken":[{"damage":2,"enemies":"2 Louse","floor":1,"turns":4},{"damage":0,"enemies":"Small Slimes","floor":2,"turns":3},{"damage":4,"enemies":"Cultist","floor":5,"turns":5},{"damage":37,"enemies":"Lagavulin","floor":7,"turns":6},{"damage":9,"enemies":"Large Slime","floor":10,"turns":8},{"damage":15,"enemies":"Gremlin Gang","floor":11,"turns":4},{"damage":3,"enemies":"Looter","floor":13,"turns":3}],"seed_played":"-6114035081516278710","potions_obtained":[{"floor":5,"key":"Swift Potion"},{"floor":7,"key":"GhostInAJar"},{"floor":11,"key":"FairyPotion"}],"is_trial":false,"path_per_floor":["M","M","?","?","M","R","E","?","T","M","M","?","M","$"],"character_chosen":"THE_SILENT","items_purchased":[],"campfire_rested":1,"item_purchase_floors":[],"current_hp_per_floor":[68,68,50,50,46,67,30,30,30,21,6,6,3,3],"gold":403,"neow_bonus":"THREE_CARDS","is_prod":false,"is_daily":false,"chose_seed":false,"campfire_upgraded":0,"win_rate":0.0,"timestamp":1549424386,"path_taken":["M","M","?","?","?","R","E","?","T","?","M","?","M","$"],"build_version":"2019-01-23","purchased_purges":0,"victory":false,"max_hp_per_floor":[70,70,70,70,70,70,70,70,70,70,70,70,70,70],"card_choices":[{"not_picked":["PiercingWail","Backflip"],"picked":"Outmaneuver","floor":0},{"not_picked":["PiercingWail","Sucker Punch"],"picked":"Finisher","floor":1},{"not_picked":["Backflip","Quick Slash","Bullet Time"],"picked":"SKIP","floor":2},{"not_picked":["Quick Slash","Dagger Throw"],"picked":"Slice","floor":5},{"not_picked":["Deadly Poison","Dagger Spray"],"picked":"Well Laid Plans","floor":7},{"not_picked":["Tactician","Noxious Fumes"],"picked":"Caltrops","floor":10},{"not_picked":["Deflect","Finisher"],"picked":"Prepared","floor":11},{"not_picked":["Dash","Prepared"],"picked":"Slice","floor":13}],"player_experience":74991,"relics_obtained":[{"floor":7,"key":"Bronze Scales"},{"floor":9,"key":"Shuriken"}],"event_choices":[{"damage_healed":0,"gold_gain":0,"player_choice":"Success","damage_taken":18,"relics_obtained":["Paper Crane"],"max_hp_gain":0,"max_hp_loss":0,"event_name":"Scrap Ooze","floor":3,"gold_loss":0},{"damage_healed":0,"gold_gain":0,"cards_transformed":["Defend_G"],"player_choice":"Transformed","damage_taken":0,"max_hp_gain":0,"max_hp_loss":0,"event_name":"Transmorgrifier","floor":4,"gold_loss":0,"cards_obtained":["Phantasmal Killer"]},{"damage_healed":0,"gold_gain":0,"player_choice":"Ignored","damage_taken":0,"max_hp_gain":0,"max_hp_loss":0,"event_name":"NoteForYourself","floor":8,"gold_loss":0},{"damage_healed":0,"gold_gain":175,"player_choice":"AGREE","damage_taken":0,"max_hp_gain":0,"max_hp_loss":0,"event_name":"Liars Game","floor":12,"gold_loss":0,"cards_obtained":["Doubt"]}],"is_beta":false,"boss_relics":[],"items_purged_floors":[],"is_endless":false,"potions_floor_spawned":[5,7,11],"ascension_level":0}