{"gold_per_floor":[214,233,12,28,46,71,71,86,109,109,122,142,157,107,107,208,208,219,18,18,293,310,310],"floor_reached":23,"playtime":884,"items_purged":["Strike_R"],"score":244,"play_id":"2dfcb2c6-2a47-43ff-ab91-b4c286baa3c5","local_time":"20190411220533","is_ascension_mode":true,"campfire_choices":[{"data":"Pommel Strike","floor":7,"key":"SMITH"},{"data":"Bash","floor":10,"key":"SMITH"},{"data":"Shrug It Off","floor":15,"key":"SMITH"}],"neow_cost":"NONE","seed_source_timestamp":186984033384006,"circlet_count":0,"master_deck":["Strike_R","Strike_R","Strike_R","Strike_R","Defend_R","Defend_R","Defend_R","Defend_R","Bash+1","Ghostly Armor","Pommel Strike+1","Cleave","Immolate","Spot Weakness","Metallicize","Headbutt","Twin Strike","Shrug It Off+1","Immolate","Rage","Disarm","Flex","Second Wind","Regret","Pummel"],"relics":["Burning Blood","Lantern","Vajra","Orrery","Sling","MutagenicStrength"],"potions_floor_usage":[16,22,23],"damage_taken":[{"damage":1,"enemies":"Cultist","floor":1,"turns":3},{"damage":2,"enemies":"2 Louse","floor":2,"turns":3},{"damage":0,"enemies":"Small Slimes","floor":4,"turns":4},{"damage":6,"enemies":"3 Louse","floor":5,"turns":4},{"damage":15,"enemies":"3 Sentries","floor":6,"turns":9},{"damage":0,"enemies":"Lots of Slimes","floor":8,"turns":1},{"damage":4,"enemies":"Large Slime","floor":11,"turns":5},{"damage":11,"enemies":"Looter","floor":12,"turns":3},{"damage":14,"enemies":"Red Slaver","floor":13,"turns":2},{"damage":2,"enemies":"The Guardian","floor":16,"turns":11},{"damage":20,"enemies":"2 Thieves","floor":18,"turns":4},{"damage":24,"enemies":"3 Byrds","floor":22,"turns":5},{"damage":49,"enemies":"Slavers","floor":23,"turns":4}],"seed_played":"3547563431853194550","potions_obtained":[{"floor":1,"key":"Weak Potion"},{"floor":2,"key":"EssenceOfSteel"},{"floor":8,"key":"PowerPotion"}],"is_trial":false,"path_per_floor":["M","M","$","M","M","E","R","M","T","R","M","M","M","$","R","B",null,"M","$","?","?","M","E"],"character_chosen":"IRONCLAD","items_purchased":["Lantern","Shrug It Off","Sling"],"campfire_rested":0,"item_purchase_floors":[3,14,19],"current_hp_per_floor":[80,80,80,80,80,71,71,77,77,77,79,74,66,66,66,70,78,64,64,64,64,46,0],"gold":310,"neow_bonus":"HUNDRED_GOLD","is_prod":false,"is_daily":false,"chose_seed":false,"campfire_upgraded":3,"win_rate":0,"timestamp":1554991533,"path_taken":["M","M","$","M","M","E","R","M","T","R","M","M","?","$","R","BOSS","M","$","?","?","?","E"],"build_version":"2019-01-23","purchased_purges":1,"victory":false,"max_hp_per_floor":[80,80,80,80,80,80,80,80,80,80,80,80,80,80,80,80,80,80,80,80,80,80,80],"card_choices":[{"not_picked":["Seeing Red","Warcry"],"picked":"Ghostly Armor","floor":1},{"not_picked":["Entrench","Havoc"],"picked":"Pommel Strike","floor":2},{"not_picked":["Feel No Pain","Wild Strike","Anger"],"picked":"SKIP","floor":4},{"not_picked":["Reckless Charge","Anger"],"picked":"Cleave","floor":5},{"not_picked":["Ghostly Armor","Iron Wave"],"picked":"Immolate","floor":6},{"not_picked":["Reckless Charge","Headbutt"],"picked":"Spot Weakness","floor":8},{"not_picked":["Bloodletting","Corruption"],"picked":"Metallicize","floor":11},{"not_picked":["Warcry","Havoc"],"picked":"Headbutt","floor":12},{"not_picked":["Power Through","Flex"],"picked":"Twin Strike","floor":13},{"not_picked":["Brutality","Dark Embrace"],"picked":"Immolate","floor":16},{"not_picked":["Headbutt","Cleave"],"picked":"Rage","floor":17},{"not_picked":["Perfected Strike","Warcry"],"picked":"Disarm","floor":17},{"not_picked":["Fire Breathing","Shrug It Off"],"picked":"Flex","floor":17},{"not_picked":["Clash","Berserk"],"picked":"Second Wind","floor":18},{"not_picked":["Flex","Anger"],"picked":"Pummel","floor":22}],"player_experience":964876,"relics_obtained":[{"floor":6,"key":"Vajra"}],"event_choices":[{"damage_healed":0,"gold_gain":0,"player_choice":"Inject Mutagens","damage_taken":0,"relics_obtained":["MutagenicStrength"],"max_hp_gain":0,"max_hp_loss":0,"event_name":"Drug Dealer","floor":20,"gold_loss":0},{"damage_healed":0,"gold_gain":275,"player_choice":"Desecrate","damage_taken":0,"max_hp_gain":0,"max_hp_loss":0,"event_name":"Golden Shrine","floor":21,"gold_loss":0,"cards_obtained":["Regret"]}],"is_beta":false,"boss_relics":[{"not_picked":["Snecko Eye","White Beast Statue"],"picked":"Orrery"}],"items_purged_floors":[3],"is_endless":false,"potions_floor_spawned":[1,2,8,11],"killed_by":"Slavers","ascension_level":5}