{"gold_per_floor":[359,203,219,242,92,110,128,163,187,216,216,246,295,314,314,413,413,430,442,240,39,39,65,65,79,103,115,127,127,145,160,160,258,258,272,272,291,116,134,134,134,151,151,163,174,192,192,203,203,203],"floor_reached":51,"playtime":3286,"items_purged":["Shame","Strike_B","Defend_B","Defend_B","Defend_B"],"score":867,"play_id":"1bde3985-8ebf-40ae-9148-2164a3f711ed","local_time":"20181114160901","is_ascension_mode":true,"campfire_choices":[{"data":"Defragment","floor":11,"key":"SMITH"},{"data":"Barrage","floor":15,"key":"SMITH"},{"floor":24,"key":"REST"},{"data":"1","floor":29,"key":"LIFT"},{"floor":32,"key":"REST"},{"data":"Defragment","floor":40,"key":"SMITH"},{"floor":49,"key":"REST"}],"neow_cost":"CURSE","seed_source_timestamp":26846657986500,"circlet_count":0,"master_deck":["Strike_B","Strike_B","Strike_B","Defend_B","Zap","Dualcast","Defragment+1","Sweeping Beam","Barrage+1","Auto Shields","Glacier","Cold Snap","Blizzard","Rebound","Core Surge","Decay","Rebound","Melter+1","Defragment","Cold Snap","Writhe","Redo+1","BootSequence","Chill","Capacitor","Cold Snap+1","Madness","Madness","Hologram","Defragment+1","Biased Cognition","Turbo","Dark Shackles","Redo+1","Leap+1","Barrage+1","Glacier","Defragment+1"],"relics":["Cracked Core","PreservedInsect","Meat on the Bone","Orichalcum","Odd Mushroom","Peace Pipe","Omamori","Calling Bell","Blood Vial","Ornamental Fan","Girya","Singing Bowl","Dream Catcher","Smiling Mask","Inserter","Symbiotic Virus"],"potions_floor_usage":[16,16,23,23,25,33,42,50],"damage_taken":[{"damage":1,"enemies":"Cultist","floor":1,"turns":3},{"damage":0,"enemies":"Small Slimes","floor":3,"turns":2},{"damage":3,"enemies":"2 Louse","floor":6,"turns":3},{"damage":12,"enemies":"Gremlin Gang","floor":7,"turns":6},{"damage":14,"enemies":"Lagavulin","floor":8,"turns":9},{"damage":13,"enemies":"The Mushroom Lair","floor":10,"turns":6},{"damage":0,"enemies":"3 Sentries","floor":12,"turns":4},{"damage":0,"enemies":"Red Slaver","floor":14,"turns":4},{"damage":5,"enemies":"Hexaghost","floor":16,"turns":10},{"damage":14,"enemies":"3 Byrds","floor":18,"turns":7},{"damage":20,"enemies":"Chosen","floor":19,"turns":7},{"damage":30,"enemies":"Book of Stabbing","floor":23,"turns":7},{"damage":31,"enemies":"Snake Plant","floor":25,"turns":5},{"damage":32,"enemies":"3 Cultists","floor":27,"turns":9},{"damage":4,"enemies":"Cultist and Chosen","floor":28,"turns":11},{"damage":2,"enemies":"Snake Plant","floor":30,"turns":4},{"damage":9,"enemies":"Snecko","floor":31,"turns":7},{"damage":46,"enemies":"Champ","floor":33,"turns":17},{"damage":0,"enemies":"3 Shapes","floor":35,"turns":5},{"damage":26,"enemies":"Orb Walker","floor":37,"turns":4},{"damage":35,"enemies":"4 Shapes","floor":39,"turns":7},{"damage":3,"enemies":"Sphere and 2 Shapes","floor":42,"turns":5},{"damage":29,"enemies":"3 Darklings","floor":44,"turns":8},{"damage":15,"enemies":"Maw","floor":45,"turns":11},{"damage":14,"enemies":"Sphere and 2 Shapes","floor":46,"turns":5},{"damage":29,"enemies":"Transient","floor":48,"turns":5},{"damage":39,"enemies":"Time Eater","floor":50,"turns":15}],"seed_played":"1118390224812618949","potions_obtained":[{"floor":8,"key":"EssenceOfSteel"},{"floor":10,"key":"GamblersBrew"},{"floor":12,"key":"FocusPotion"},{"floor":14,"key":"PowerPotion"},{"floor":19,"key":"Poison Potion"},{"floor":23,"key":"Swift Potion"},{"floor":25,"key":"FairyPotion"},{"floor":31,"key":"Weak Potion"},{"floor":44,"key":"Energy Potion"},{"floor":45,"key":"GamblersBrew"}],"is_trial":false,"path_per_floor":["M","$","M","T","$","M","M","E","T","?","R","E","T","M","R","B",null,"M","M","$","$","?","E","R","M","T","M","M","R","M","M","R","B",null,"M","?","M","$","M","R","?","M","T","M","M","M","?","M","R","B",null],"character_chosen":"DEFECT","items_purchased":["Defragment","Sweeping Beam","Barrage","Defragment","Cold Snap","Defragment","SkillPotion"],"campfire_rested":3,"item_purchase_floors":[2,2,5,20,21,38,38],"current_hp_per_floor":[74,74,74,74,74,71,59,45,45,44,44,44,44,44,44,39,75,61,43,43,43,43,29,52,35,35,19,29,29,43,48,72,42,83,85,74,50,50,31,31,31,42,42,29,28,28,28,13,39,14],"gold":203,"neow_bonus":"TWO_FIFTY_GOLD","is_prod":false,"is_daily":false,"chose_seed":false,"campfire_upgraded":3,"win_rate":0,"timestamp":1542208141,"path_taken":["M","?","M","?","$","M","M","E","T","?","R","E","?","M","R","BOSS","M","?","?","$","?","E","R","M","T","M","M","R","M","M","R","BOSS","M","?","M","$","M","R","?","M","T","M","?","M","?","M","R","BOSS"],"build_version":"2018-11-08","purchased_purges":5,"victory":true,"max_hp_per_floor":[75,75,75,75,75,75,75,75,75,75,75,75,75,75,75,75,75,75,75,75,75,75,77,77,77,77,79,79,79,81,81,81,83,83,85,85,85,85,87,87,87,87,87,89,89,89,89,89,89,89],"card_choices":[{"not_picked":["Go for the Eyes","Beam Cell"],"picked":"Conserve Battery","floor":1},{"not_picked":["Compile Driver","Steam Power","Sweeping Beam"],"picked":"SKIP","floor":3},{"not_picked":["White Noise","Melter"],"picked":"Auto Shields","floor":6},{"not_picked":["Hello World","Redo"],"picked":"Glacier","floor":7},{"not_picked":["Leap","Loop"],"picked":"Cold Snap","floor":8},{"not_picked":["Rainbow","Double Energy"],"picked":"Blizzard","floor":12},{"not_picked":["Undo","Doom and Gloom"],"picked":"Rebound","floor":14},{"not_picked":["Buffer","Multi-Cast"],"picked":"Core Surge","floor":16},{"not_picked":["Hologram+1","Steam Power+1"],"picked":"Rebound","floor":18},{"not_picked":["Steam","Compile Driver"],"picked":"Melter+1","floor":19},{"not_picked":["Stack","Darkness","Leap"],"picked":"Singing Bowl","floor":23},{"not_picked":["Rebound+1","Beam Cell"],"picked":"Redo+1","floor":24},{"not_picked":["Melter+1","Beam Cell"],"picked":"BootSequence","floor":25},{"not_picked":["Stack","Beam Cell+1","Darkness"],"picked":"Singing Bowl","floor":27},{"not_picked":["Barrage","Gash"],"picked":"Chill","floor":28},{"not_picked":["Cold Snap","Stack","Rip and Tear"],"picked":"Singing Bowl","floor":30},{"not_picked":["Hologram","Coolheaded"],"picked":"Capacitor","floor":31},{"not_picked":["FTL","Amplify"],"picked":"Cold Snap+1","floor":32},{"not_picked":["Multi-Cast","Hyperbeam","Creative AI"],"picked":"Singing Bowl","floor":33},{"not_picked":["White Noise","Steam+1","Lockon"],"picked":"Singing Bowl","floor":35},{"not_picked":["Rebound+1","Steam+1"],"picked":"Hologram","floor":37},{"not_picked":["Cold Snap","Conserve Battery+1","Aggregate"],"picked":"Singing Bowl","floor":39},{"not_picked":["Compile Driver","Heatsinks"],"picked":"Redo+1","floor":42},{"not_picked":["Conserve Battery","Stack","Gash+1"],"picked":"Singing Bowl","floor":44},{"not_picked":["Reprogram","Rebound"],"picked":"Leap+1","floor":45},{"not_picked":["Thunder Strike","Force Field+1"],"picked":"Barrage+1","floor":46},{"not_picked":["Ball Lightning+1","Compile Driver"],"picked":"Glacier","floor":48},{"not_picked":["Reinforced Body+1","Lockon+1"],"picked":"Defragment+1","floor":49}],"player_experience":200050,"relics_obtained":[{"floor":4,"key":"PreservedInsect"},{"floor":8,"key":"Meat on the Bone"},{"floor":9,"key":"Orichalcum"},{"floor":10,"key":"Odd Mushroom"},{"floor":12,"key":"Peace Pipe"},{"floor":13,"key":"Omamori"},{"floor":17,"key":"Blood Vial"},{"floor":17,"key":"Ornamental Fan"},{"floor":17,"key":"Girya"},{"floor":23,"key":"Dream Catcher"},{"floor":26,"key":"Smiling Mask"},{"floor":43,"key":"Symbiotic Virus"}],"event_choices":[{"damage_healed":0,"gold_gain":0,"player_choice":"Fought Mushrooms","damage_taken":0,"max_hp_gain":0,"max_hp_loss":0,"event_name":"Mushrooms","floor":10,"gold_loss":0},{"damage_healed":0,"gold_gain":0,"player_choice":"Opened","damage_taken":0,"relics_obtained":["Singing Bowl"],"max_hp_gain":0,"max_hp_loss":0,"event_name":"The Mausoleum","floor":22,"gold_loss":0,"cards_obtained":["Writhe"]},{"damage_healed":0,"gold_gain":0,"player_choice":"Embrace Madness","damage_taken":11,"max_hp_gain":0,"max_hp_loss":0,"event_name":"Winding Halls","floor":36,"gold_loss":0,"cards_obtained":["Madness","Madness"]},{"damage_healed":0,"gold_gain":0,"player_choice":"3 cards matched","damage_taken":0,"max_hp_gain":0,"max_hp_loss":0,"event_name":"Match and Keep!","floor":41,"gold_loss":0,"cards_obtained":["Biased Cognition","Turbo","Dark Shackles"]},{"cards_removed":["Conserve Battery"],"damage_healed":0,"gold_gain":0,"player_choice":"Removed Skill","damage_taken":0,"max_hp_gain":0,"max_hp_loss":0,"event_name":"Falling","floor":47,"gold_loss":0}],"is_beta":false,"boss_relics":[{"not_picked":["Ectoplasm","Orrery"],"picked":"Calling Bell"},{"not_picked":["Runic Dome","Runic Pyramid"],"picked":"Inserter"}],"items_purged_floors":[2,5,20,21,38],"is_endless":false,"potions_floor_spawned":[8,10,12,14,19,23,25,31,44,45,46,48],"ascension_level":4}