{"gold_per_floor":[113,124,136,155,166,166,193,193,193,228,228,239,239,65,65,166,166,185,202,202,117,129,129,159,159,159,7,23,38,38,49,49,144,144,158,158,173,188,188,188,199,218,218,218],"floor_reached":44,"playtime":2349,"items_purged":["Strike_R"],"score":444,"play_id":"d3b70b14-685f-4b51-b2f0-e85f2d27b95b","local_time":"20190311213952","is_ascension_mode":false,"campfire_choices":[{"data":"Thinking Ahead","floor":6,"key":"SMITH"},{"data":"Bash","floor":8,"key":"SMITH"},{"data":"Pommel Strike","floor":13,"key":"SMITH"},{"data":"Flex","floor":15,"key":"SMITH"},{"data":"Flex","floor":23,"key":"SMITH"},{"data":"Whirlwind","floor":25,"key":"SMITH"},{"data":"Shrug It Off","floor":30,"key":"SMITH"},{"floor":32,"key":"REST"},{"data":"Sword Boomerang","floor":40,"key":"SMITH"},{"floor":44,"key":"RECALL"}],"neow_cost":"TEN_PERCENT_HP_LOSS","seed_source_timestamp":1405775304862762,"circlet_count":0,"master_deck":["Strike_R","Strike_R","Strike_R","Defend_R","Defend_R","Defend_R+1","Defend_R","Bash+1","Swift Strike","Thinking Ahead+1","Flex+1","Reaper","Bloodletting+1","Pommel Strike+1","Impervious","Intimidate","Shrug It Off+1","Flex+1","Feed","Twin Strike","Sword Boomerang+1","Whirlwind+1","Shrug It Off+1","Heavy Blade+1","Spot Weakness+1","Ghostly Armor+1","Double Tap+1","Headbutt","Metallicize","True Grit+1","Regret"],"relics":["Burning Blood","Lantern","Blood Vial","Centennial Puzzle","Self Forming Clay","White Beast Statue","Toxic Egg 2","War Paint","Gremlin Horn","Vajra","Cursed Key","Charon\u0027s Ashes"],"potions_floor_usage":[10,12,19,22,22,33,33,33,37,38,38],"damage_taken":[{"damage":0,"enemies":"Small Slimes","floor":1,"turns":3},{"damage":6,"enemies":"Cultist","floor":2,"turns":3},{"damage":3,"enemies":"Jaw Worm","floor":3,"turns":4},{"damage":12,"enemies":"3 Louse","floor":4,"turns":4},{"damage":11,"enemies":"Red Slaver","floor":5,"turns":3},{"damage":30,"enemies":"Gremlin Nob","floor":7,"turns":5},{"damage":26,"enemies":"Lagavulin","floor":10,"turns":5},{"damage":6,"enemies":"Lots of Slimes","floor":12,"turns":2},{"damage":65,"enemies":"The Guardian","floor":16,"turns":17},{"damage":13,"enemies":"Shell Parasite","floor":18,"turns":4},{"damage":10,"enemies":"3 Byrds","floor":19,"turns":7},{"damage":23,"enemies":"Sentry and Sphere","floor":22,"turns":6},{"damage":45,"enemies":"Book of Stabbing","floor":24,"turns":6},{"damage":7,"enemies":"Snecko","floor":28,"turns":4},{"damage":17,"enemies":"Snake Plant","floor":29,"turns":3},{"damage":5,"enemies":"Chosen and Byrds","floor":31,"turns":2},{"damage":46,"enemies":"Collector","floor":33,"turns":11},{"damage":0,"enemies":"Orb Walker","floor":35,"turns":3},{"damage":0,"enemies":"3 Darklings","floor":37,"turns":3},{"damage":42,"enemies":"Writhing Mass","floor":38,"turns":6},{"damage":6,"enemies":"Jaw Worm Horde","floor":41,"turns":3},{"damage":22,"enemies":"Maw","floor":42,"turns":7}],"seed_played":"1560322816879874276","potions_obtained":[{"floor":1,"key":"FairyPotion"},{"floor":5,"key":"Swift Potion"},{"floor":7,"key":"AttackPotion"},{"floor":10,"key":"GamblersBrew"},{"floor":18,"key":"Regen Potion"},{"floor":19,"key":"EssenceOfSteel"},{"floor":22,"key":"SpeedPotion"},{"floor":24,"key":"Fire Potion"},{"floor":28,"key":"Swift Potion"},{"floor":31,"key":"Block Potion"},{"floor":33,"key":"GamblersBrew"},{"floor":35,"key":"FearPotion"},{"floor":37,"key":"Explosive Potion"},{"floor":38,"key":"Energy Potion"},{"floor":41,"key":"Strength Potion"},{"floor":42,"key":"AttackPotion"}],"is_trial":false,"path_per_floor":["M","M","M","M","M","R","E","R","T","E","?","M","R","$","R","B",null,"M","M","?","?","M","R","E","R","T","$","M","M","R","M","R","B",null,"M","?","M","M","?","R","M","M","T","R"],"character_chosen":"IRONCLAD","items_purchased":["Shrug It Off","Flex","Vajra"],"campfire_rested":1,"item_purchase_floors":[14,14,27],"current_hp_per_floor":[72,72,72,72,72,72,52,52,52,38,38,70,70,70,70,22,72,65,72,72,72,55,55,29,29,29,29,30,21,21,24,46,21,75,75,75,75,39,39,39,62,57,57,57],"gold":218,"neow_bonus":"RANDOM_COLORLESS_2","is_prod":false,"is_daily":false,"chose_seed":false,"campfire_upgraded":8,"win_rate":0,"timestamp":1552311592,"path_taken":["M","M","M","M","M","R","E","R","T","E","?","?","R","?","R","BOSS","M","M","?","?","M","R","E","R","T","$","M","M","R","M","R","BOSS","M","?","?","M","?","R","?","M","T","R"],"build_version":"2019-01-23","purchased_purges":1,"victory":false,"max_hp_per_floor":[72,72,72,72,72,72,72,72,72,72,72,72,72,72,72,72,72,72,72,72,72,72,72,75,75,75,75,75,75,75,75,75,75,75,75,75,75,75,75,75,75,75,75,75],"card_choices":[{"not_picked":["Headbutt","Perfected Strike"],"picked":"Flex","floor":1},{"not_picked":["Clothesline","Perfected Strike","Entrench"],"picked":"SKIP","floor":2},{"not_picked":["Bloodletting","Body Slam"],"picked":"Reaper","floor":3},{"not_picked":["Disarm","Heavy Blade"],"picked":"Bloodletting","floor":4},{"not_picked":["Second Wind","Rampage"],"picked":"Pommel Strike","floor":5},{"not_picked":["Exhume","Rampage","Clash"],"picked":"SKIP","floor":7},{"not_picked":["Cleave","Second Wind"],"picked":"Impervious","floor":10},{"not_picked":["Perfected Strike","Twin Strike"],"picked":"Intimidate","floor":12},{"not_picked":["Berserk","Reaper"],"picked":"Feed","floor":16},{"not_picked":["Heavy Blade","Hemokinesis"],"picked":"Twin Strike","floor":18},{"not_picked":["Wild Strike","Rage"],"picked":"Sword Boomerang","floor":19},{"not_picked":["Uppercut","Warcry+1"],"picked":"Shrug It Off+1","floor":22},{"not_picked":["Uppercut","Flex+1"],"picked":"Heavy Blade+1","floor":24},{"not_picked":["Sword Boomerang","Warcry+1"],"picked":"Spot Weakness+1","floor":28},{"not_picked":["Flex+1","Clothesline","Carnage+1"],"picked":"SKIP","floor":29},{"not_picked":["Clothesline","Impervious+1"],"picked":"Ghostly Armor+1","floor":31},{"not_picked":["Immolate","Demon Form"],"picked":"Double Tap+1","floor":33},{"not_picked":["Cleave","Rage+1"],"picked":"Headbutt","floor":35},{"not_picked":["Clothesline","Pommel Strike"],"picked":"True Grit+1","floor":37},{"not_picked":["Infernal Blade+1","Rampage","Clash+1"],"picked":"SKIP","floor":38},{"not_picked":["Infernal Blade+1","Body Slam+1","Hemokinesis"],"picked":"SKIP","floor":41},{"not_picked":["Headbutt","Havoc+1","Heavy Blade"],"picked":"SKIP","floor":42}],"player_experience":805544,"relics_obtained":[{"floor":7,"key":"Lantern"},{"floor":9,"key":"Blood Vial"},{"floor":10,"key":"Centennial Puzzle"},{"floor":11,"key":"Self Forming Clay"},{"floor":24,"key":"War Paint"},{"floor":26,"key":"Gremlin Horn"}],"event_choices":[{"damage_healed":0,"gold_gain":0,"player_choice":"Relic","damage_taken":0,"max_hp_gain":0,"max_hp_loss":0,"event_name":"Wheel of Change","floor":11,"gold_loss":0},{"damage_healed":0,"gold_gain":0,"player_choice":"Read","damage_taken":0,"max_hp_gain":0,"max_hp_loss":0,"event_name":"The Library","floor":20,"gold_loss":0,"cards_obtained":["Whirlwind"]},{"damage_healed":0,"gold_gain":0,"player_choice":"Obtained Relic","damage_taken":0,"relics_obtained":["Toxic Egg 2"],"max_hp_gain":0,"max_hp_loss":0,"event_name":"Addict","floor":21,"gold_loss":85},{"damage_healed":0,"gold_gain":0,"cards_transformed":["Strike_R"],"player_choice":"Transformed","damage_taken":0,"max_hp_gain":0,"max_hp_loss":0,"event_name":"Transmorgrifier","floor":36,"gold_loss":0,"cards_obtained":["Metallicize"]},{"damage_healed":0,"gold_gain":0,"player_choice":"Gave Potion","damage_taken":0,"relics_obtained":["Charon\u0027s Ashes"],"max_hp_gain":0,"max_hp_loss":0,"event_name":"WeMeetAgain","floor":39,"gold_loss":0}],"is_beta":false,"boss_relics":[{"not_picked":["Runic Dome","Tiny House"],"picked":"White Beast Statue"},{"not_picked":["Runic Cube","Black Star"],"picked":"Cursed Key"}],"items_purged_floors":[14],"is_endless":false,"potions_floor_spawned":[1,5,7,10,18,19,22,24,28,29,31,33,35,37,38,41,42],"ascension_level":0}