{"gold_per_floor":[118,131,131,131,148,174,47,47,47,47,77,103,103,139,139,264,264,282,282,282,298,298,298,334,355,355,355,376,401,401,417,417,538,538,553,33,158,158],"floor_reached":38,"playtime":3326,"items_purged":["Defend_R"],"score":449,"play_id":"2647c510-f9f4-4532-913f-acdce87c54c9","local_time":"20190224232336","is_ascension_mode":true,"campfire_choices":[{"floor":8,"key":"REST"},{"data":"Whirlwind","floor":10,"key":"SMITH"},{"floor":15,"key":"REST"},{"floor":23,"key":"REST"},{"floor":27,"key":"REST"},{"floor":30,"key":"REST"},{"floor":32,"key":"REST"}],"neow_cost":"PERCENT_DAMAGE","seed_source_timestamp":766182065997816,"circlet_count":0,"master_deck":["Strike_R+1","Strike_R","Strike_R","Defend_R","Defend_R","Defend_R","Bash","Clothesline","Whirlwind+1","Battle Trance","Whirlwind+1","Shrug It Off","Uppercut","Metallicize","Feed","True Grit","Metallicize","Searing Blow","Spot Weakness","Juggernaut","Pommel Strike","Feed","Inflame+1","Flame Barrier","Shrug It Off+1"],"relics":["Burning Blood","Du-Vu Doll","Matryoshka","Bag of Preparation","Red Skull","Paper Frog","Golden Idol","Omamori","Cursed Key","Nilry\u0027s Codex","Dodecahedron","Thread and Needle","Art of War","Ancient Tea Set","Philosopher\u0027s Stone","Chemical X","Singing Bowl","Prayer Wheel"],"potions_floor_usage":[18,33],"damage_taken":[{"damage":6,"enemies":"Cultist","floor":1,"turns":4},{"damage":4,"enemies":"Small Slimes","floor":2,"turns":4},{"damage":4,"enemies":"Jaw Worm","floor":5,"turns":3},{"damage":25,"enemies":"3 Sentries","floor":6,"turns":6},{"damage":28,"enemies":"Gremlin Nob","floor":12,"turns":4},{"damage":16,"enemies":"Lagavulin","floor":14,"turns":5},{"damage":27,"enemies":"Slime Boss","floor":16,"turns":8},{"damage":16,"enemies":"Shell Parasite","floor":18,"turns":4},{"damage":32,"enemies":"Spheric Guardian","floor":21,"turns":6},{"damage":37,"enemies":"Book of Stabbing","floor":24,"turns":5},{"damage":7,"enemies":"Snecko","floor":25,"turns":3},{"damage":5,"enemies":"Centurion and Healer","floor":28,"turns":2},{"damage":11,"enemies":"Snake Plant","floor":31,"turns":4},{"damage":14,"enemies":"Champ","floor":33,"turns":8},{"damage":40,"enemies":"3 Darklings","floor":35,"turns":3},{"damage":23,"enemies":"Mind Bloom Boss Battle","floor":37,"turns":6}],"seed_played":"-4829178831786449515","potions_obtained":[{"floor":2,"key":"FearPotion"},{"floor":5,"key":"EssenceOfSteel"},{"floor":16,"key":"Explosive Potion"},{"floor":24,"key":"Strength Potion"},{"floor":28,"key":"SmokeBomb"},{"floor":33,"key":"Weak Potion"}],"is_trial":false,"path_per_floor":["M","M","?","$","M","E","$","R","T","R","?","E","?","E","R","B",null,"M","?","?","M","?","R","E","M","T","R","M","T","R","M","R","B",null,"M","$","?","M"],"character_chosen":"IRONCLAD","items_purchased":["Shrug It Off","Chemical X","Singing Bowl","Flame Barrier"],"campfire_rested":6,"item_purchase_floors":[7,36,36,36],"current_hp_per_floor":[56,58,42,42,44,25,25,49,49,49,49,27,27,17,39,18,74,67,67,67,44,28,52,21,20,20,44,45,45,69,64,80,72,80,46,46,29,0],"gold":158,"neow_bonus":"ONE_RARE_RELIC","is_prod":false,"is_daily":false,"chose_seed":false,"campfire_upgraded":1,"win_rate":0,"timestamp":1551072216,"path_taken":["M","M","?","$","M","E","$","R","T","R","?","E","?","E","R","BOSS","M","?","?","M","?","R","E","M","T","R","M","?","R","M","R","BOSS","M","$","?","M"],"build_version":"2019-01-23","purchased_purges":1,"victory":false,"max_hp_per_floor":[80,80,80,80,80,80,80,80,80,80,80,80,74,74,74,74,74,77,77,77,80,80,80,80,80,80,80,80,80,80,80,80,80,80,80,80,80,80],"card_choices":[{"not_picked":["Warcry","Dual Wield"],"picked":"Clothesline","floor":1},{"not_picked":["Flex","Clash"],"picked":"Whirlwind","floor":2},{"not_picked":["Bloodletting","True Grit"],"picked":"Battle Trance","floor":5},{"not_picked":["True Grit","Pommel Strike"],"picked":"Whirlwind","floor":6},{"not_picked":["Disarm","Pummel"],"picked":"Uppercut","floor":12},{"not_picked":["Whirlwind","Thunderclap"],"picked":"Metallicize","floor":14},{"not_picked":["Barricade","Brutality"],"picked":"Feed","floor":16},{"not_picked":["Fire Breathing+1","Clash"],"picked":"True Grit","floor":18},{"not_picked":["Sever Soul+1","Iron Wave+1","Heavy Blade+1"],"picked":"SKIP","floor":21},{"not_picked":["Sever Soul+1","Iron Wave+1","Heavy Blade+1"],"picked":"SKIP","floor":21},{"not_picked":["Headbutt","Body Slam"],"picked":"Juggernaut","floor":24},{"not_picked":["Armaments","Clash","Iron Wave+1"],"picked":"SKIP","floor":25},{"not_picked":["Rampage","Headbutt","Twin Strike"],"picked":"SKIP","floor":28},{"not_picked":["Thunderclap","Corruption"],"picked":"Pommel Strike","floor":31},{"not_picked":["Exhume","Offering"],"picked":"Feed","floor":33},{"not_picked":["Uppercut","Havoc+1"],"picked":"Inflame+1","floor":35},{"not_picked":["Cleave","Carnage+1"],"picked":"Shrug It Off+1","floor":37}],"player_experience":202507,"relics_obtained":[{"floor":6,"key":"Matryoshka"},{"floor":9,"key":"Bag of Preparation"},{"floor":9,"key":"Red Skull"},{"floor":12,"key":"Paper Frog"},{"floor":14,"key":"Omamori"},{"floor":22,"key":"Nilry\u0027s Codex"},{"floor":24,"key":"Dodecahedron"},{"floor":26,"key":"Thread and Needle"},{"floor":26,"key":"Art of War"},{"floor":29,"key":"Ancient Tea Set"},{"floor":37,"key":"Prayer Wheel"}],"event_choices":[{"damage_healed":0,"gold_gain":0,"player_choice":"Entered Light","damage_taken":16,"max_hp_gain":0,"max_hp_loss":0,"event_name":"Shining Light","floor":3,"gold_loss":0,"cards_upgraded":["Whirlwind","Strike_R"]},{"damage_healed":0,"gold_gain":30,"player_choice":"Searched \u00271\u0027 times","damage_taken":0,"max_hp_gain":0,"max_hp_loss":0,"event_name":"Dead Adventurer","floor":11,"gold_loss":0},{"damage_healed":0,"gold_gain":0,"player_choice":"Lose Max HP","damage_taken":0,"relics_obtained":["Golden Idol"],"max_hp_gain":0,"max_hp_loss":6,"event_name":"Golden Idol","floor":13,"gold_loss":0},{"damage_healed":0,"gold_gain":0,"cards_transformed":["Strike_R","Strike_R"],"player_choice":"Became Test Subject","damage_taken":0,"max_hp_gain":0,"max_hp_loss":0,"event_name":"Drug Dealer","floor":19,"gold_loss":0,"cards_obtained":["Metallicize","Searing Blow"]},{"damage_healed":0,"gold_gain":0,"player_choice":"Read","damage_taken":0,"max_hp_gain":0,"max_hp_loss":0,"event_name":"The Library","floor":20,"gold_loss":0,"cards_obtained":["Spot Weakness"]},{"damage_healed":0,"gold_gain":0,"player_choice":"Obtained Book","damage_taken":16,"max_hp_gain":0,"max_hp_loss":0,"event_name":"Cursed Tome","floor":22,"gold_loss":0},{"damage_healed":0,"gold_gain":0,"player_choice":"Fight","damage_taken":0,"max_hp_gain":0,"max_hp_loss":0,"event_name":"MindBloom","floor":37,"gold_loss":0}],"is_beta":false,"boss_relics":[{"not_picked":["Coffee Dripper","Tiny House"],"picked":"Cursed Key"},{"not_picked":["Busted Crown","Black Star"],"picked":"Philosopher\u0027s Stone"}],"items_purged_floors":[7],"is_endless":false,"potions_floor_spawned":[2,5,16,24,28,33],"killed_by":"3 Shapes","ascension_level":2}