{"gold_per_floor":[211,15,15,34,44,44,60,60,60,75,75,91,108,108,108,108],"floor_reached":16,"playtime":499,"items_purged":["Strike_B"],"score":94,"play_id":"faa01b68-9dbe-4466-b6d9-20ad4734610d","local_time":"20190321215921","is_ascension_mode":false,"campfire_choices":[{"data":"Zap","floor":6,"key":"SMITH"},{"data":"Defragment","floor":8,"key":"SMITH"},{"data":"Dualcast","floor":11,"key":"SMITH"},{"data":"Conserve Battery","floor":15,"key":"SMITH"}],"neow_cost":"NONE","seed_source_timestamp":81291445053878,"circlet_count":0,"master_deck":["Strike_B","Strike_B","Strike_B","Defend_B","Defend_B","Defend_B","Defend_B","Zap+1","Dualcast+1","Barrage","Defragment+1","Conserve Battery+1","FTL","Darkness","Chill","Capacitor","Beam Cell"],"relics":["Cracked Core","Mummified Hand","Molten Egg 2"],"potions_floor_usage":[16],"damage_taken":[{"damage":6,"enemies":"2 Louse","floor":1,"turns":2},{"damage":3,"enemies":"Cultist","floor":4,"turns":4},{"damage":0,"enemies":"Jaw Worm","floor":5,"turns":3},{"damage":19,"enemies":"Exordium Thugs","floor":7,"turns":5},{"damage":7,"enemies":"Blue Slaver","floor":10,"turns":3},{"damage":0,"enemies":"3 Louse","floor":12,"turns":3},{"damage":3,"enemies":"2 Fungi Beasts","floor":13,"turns":3},{"damage":40,"enemies":"Slime Boss","floor":16,"turns":7}],"seed_played":"6050363045970192344","potions_obtained":[{"floor":13,"key":"EssenceOfSteel"}],"is_trial":false,"path_per_floor":["M","$","?","M","M","R","M","R","T","M","R","M","M","?","R","B"],"character_chosen":"DEFECT","items_purchased":["Defragment","Conserve Battery"],"campfire_rested":0,"item_purchase_floors":[2,2],"current_hp_per_floor":[69,69,69,66,66,66,47,47,47,40,40,40,37,37,37,0],"gold":108,"neow_bonus":"HUNDRED_GOLD","is_prod":false,"is_daily":false,"chose_seed":false,"campfire_upgraded":4,"win_rate":0,"timestamp":1553176761,"path_taken":["M","$","?","M","M","R","M","R","T","M","R","?","M","?","R","BOSS"],"build_version":"2019-01-23","purchased_purges":1,"victory":false,"max_hp_per_floor":[75,75,75,75,75,75,75,75,75,75,75,75,75,75,75,75],"card_choices":[{"not_picked":["Gash","Sweeping Beam"],"picked":"Barrage","floor":1},{"not_picked":["Conserve Battery","Redo"],"picked":"Darkness","floor":4},{"not_picked":["Gash","Turbo"],"picked":"FTL","floor":5},{"not_picked":["Fusion","Turbo"],"picked":"Darkness","floor":7},{"not_picked":["Sweeping Beam","Recycle"],"picked":"Chill","floor":10},{"not_picked":["Lockon","Ball Lightning"],"picked":"Capacitor","floor":12},{"not_picked":["Sweeping Beam","Blizzard"],"picked":"Beam Cell","floor":13}],"player_experience":880756,"relics_obtained":[{"floor":9,"key":"Mummified Hand"}],"event_choices":[{"damage_healed":0,"gold_gain":0,"player_choice":"Ignored","damage_taken":0,"max_hp_gain":0,"max_hp_loss":0,"event_name":"NoteForYourself","floor":3,"gold_loss":0},{"cards_removed":["Darkness"],"damage_healed":0,"gold_gain":0,"player_choice":"Gave Card","damage_taken":0,"relics_obtained":["Molten Egg 2"],"max_hp_gain":0,"max_hp_loss":0,"event_name":"WeMeetAgain","floor":14,"gold_loss":0}],"is_beta":false,"boss_relics":[],"items_purged_floors":[2],"is_endless":false,"potions_floor_spawned":[13],"killed_by":"Slime Boss","ascension_level":0}