{"gold_per_floor":[365,378,378,390,315,315,328,345,398,398,411,386,386],"floor_reached":13,"playtime":1562,"items_purged":["Strike_G"],"score":81,"play_id":"c5aeddf2-842c-4fbc-917f-d2828ebfec5d","local_time":"20190224004943","is_ascension_mode":true,"campfire_choices":[{"data":"Neutralize","floor":6,"key":"SMITH"}],"neow_cost":"TEN_PERCENT_HP_LOSS","seed_source_timestamp":525636973702000,"circlet_count":0,"master_deck":["Defend_G","Defend_G","Defend_G","Defend_G","Defend_G","Strike_G","Strike_G","Strike_G","Survivor","Neutralize+1","Backflip","Acrobatics","Bouncing Flask","Footwork","Dodge and Roll","Deflect"],"relics":["Ring of the Snake"],"potions_floor_usage":[8,13],"damage_taken":[{"damage":1,"enemies":"Cultist","floor":1,"turns":4},{"damage":2,"enemies":"Small Slimes","floor":2,"turns":4},{"damage":0,"enemies":"2 Louse","floor":4,"turns":4},{"damage":0,"enemies":"2 Fungi Beasts","floor":7,"turns":4},{"damage":17,"enemies":"Exordium Thugs","floor":8,"turns":7},{"damage":18,"enemies":"Lots of Slimes","floor":11,"turns":5},{"damage":39,"enemies":"3 Sentries","floor":13,"turns":12}],"seed_played":"2668670817242022593","potions_obtained":[{"floor":7,"key":"Regen Potion"},{"floor":8,"key":"SkillPotion"}],"is_trial":false,"path_per_floor":["M","M","?","M","$","R","M","M","T","?","M","?","E"],"character_chosen":"THE_SILENT","items_purchased":[],"campfire_rested":0,"item_purchase_floors":[],"current_hp_per_floor":[62,60,53,53,53,53,53,51,51,56,38,38,0],"gold":386,"neow_bonus":"TWO_FIFTY_GOLD","is_prod":false,"is_daily":false,"chose_seed":false,"campfire_upgraded":1,"win_rate":0,"timestamp":1550965783,"path_taken":["M","M","?","M","$","R","M","M","T","?","M","?","E"],"build_version":"2019-01-23","purchased_purges":1,"victory":false,"max_hp_per_floor":[63,63,63,63,63,63,63,63,63,68,68,68,68],"card_choices":[{"not_picked":["Flying Knee","Bane"],"picked":"Backflip","floor":1},{"not_picked":["Outmaneuver","PiercingWail"],"picked":"Acrobatics","floor":2},{"not_picked":["Deadly Poison","Riddle With Holes"],"picked":"Bouncing Flask","floor":4},{"not_picked":["Well Laid Plans","Acrobatics"],"picked":"Footwork","floor":7},{"not_picked":["Blade Dance","Accuracy"],"picked":"Dodge and Roll","floor":8},{"not_picked":["Bane","Underhanded Strike"],"picked":"Deflect","floor":11}],"player_experience":253410,"relics_obtained":[],"event_choices":[{"cards_removed":["Strike_G"],"damage_healed":0,"gold_gain":0,"player_choice":"Card Removal","damage_taken":7,"max_hp_gain":0,"max_hp_loss":0,"event_name":"Golden Wing","floor":3,"gold_loss":0},{"damage_healed":0,"gold_gain":0,"player_choice":"Donut","damage_taken":0,"max_hp_gain":5,"max_hp_loss":0,"event_name":"Big Fish","floor":10,"gold_loss":0},{"damage_healed":0,"gold_gain":0,"player_choice":"Left Gold","damage_taken":0,"max_hp_gain":0,"max_hp_loss":0,"event_name":"World of Goop","floor":12,"gold_loss":25}],"is_beta":false,"boss_relics":[],"items_purged_floors":[5],"is_endless":false,"potions_floor_spawned":[7,8],"killed_by":"3 Sentries","ascension_level":1}