{"gold_per_floor":[116,130,149,159,177,177,73,73,125,138,39,39,59,59,59,164,164,180,180,109,109,125,125,152,152,152,152,165,184,184,200,200,303,303,315,331,342,342,362,396,396,412,412,412,412,241,258,268,268,268,268,268,118,145,145],"floor_reached":55,"playtime":3477,"items_purged":["Strike_B","Decay"],"score":713,"play_id":"057e4f52-acc4-4b72-930b-94e342a05a9d","local_time":"20190318230242","is_ascension_mode":false,"campfire_choices":[{"data":"Zap","floor":6,"key":"SMITH"},{"data":"Genetic Algorithm","floor":8,"key":"SMITH"},{"data":"Loop","floor":12,"key":"SMITH"},{"data":"Beam Cell","floor":15,"key":"SMITH"},{"data":"Coolheaded","floor":23,"key":"SMITH"},{"data":"Barrage","floor":25,"key":"SMITH"},{"data":"Recycle","floor":32,"key":"SMITH"},{"floor":41,"key":"RECALL"},{"data":"Dualcast","floor":44,"key":"SMITH"},{"data":"Lockon","floor":49,"key":"SMITH"},{"data":"Seek","floor":52,"key":"SMITH"}],"neow_cost":"NONE","seed_source_timestamp":2014374487805595,"circlet_count":0,"master_deck":["Strike_B+1","Defend_B+1","Defend_B+1","Defend_B+1","Defend_B+1","Zap+1","Dualcast+1","Conserve Battery","Genetic Algorithm+1","Leap","Seek+1","Loop+1","Self Repair","Ball Lightning","Beam Cell+1","Conserve Battery","Conserve Battery","Machine Learning","Coolheaded+1","Force Field","Recycle+1","Melter","Cold Snap+1","Barrage+1","Turbo+1","Go for the Eyes+1","Leap+1","Multi-Cast","Cold Snap+1","Conserve Battery+1","Sweeping Beam+1","Sunder+1","Doom and Gloom+1","Lockon+1","Glacier"],"relics":["Cracked Core","Meat on the Bone","Inserter","Bottled Tornado","Ginger","Bag of Marbles","Busted Crown","Centennial Puzzle","Mercury Hourglass","DataDisk","Orichalcum"],"potions_floor_usage":[16,16,33,33,40,42,47,50,55,55],"damage_taken":[{"damage":1,"enemies":"Cultist","floor":1,"turns":3},{"damage":0,"enemies":"2 Louse","floor":2,"turns":2},{"damage":5,"enemies":"Small Slimes","floor":3,"turns":4},{"damage":1,"enemies":"3 Louse","floor":4,"turns":3},{"damage":2,"enemies":"Red Slaver","floor":5,"turns":4},{"damage":0,"enemies":"Large Slime","floor":10,"turns":5},{"damage":12,"enemies":"Blue Slaver","floor":13,"turns":3},{"damage":11,"enemies":"Hexaghost","floor":16,"turns":9},{"damage":13,"enemies":"Spheric Guardian","floor":18,"turns":6},{"damage":22,"enemies":"Colosseum Slavers","floor":21,"turns":6},{"damage":7,"enemies":"Chosen","floor":22,"turns":6},{"damage":22,"enemies":"Book of Stabbing","floor":24,"turns":7},{"damage":1,"enemies":"Snecko","floor":28,"turns":5},{"damage":0,"enemies":"Snake Plant","floor":29,"turns":5},{"damage":1,"enemies":"3 Cultists","floor":31,"turns":6},{"damage":53,"enemies":"Collector","floor":33,"turns":8},{"damage":1,"enemies":"3 Shapes","floor":35,"turns":6},{"damage":10,"enemies":"Orb Walker","floor":36,"turns":4},{"damage":3,"enemies":"Sphere and 2 Shapes","floor":37,"turns":5},{"damage":4,"enemies":"Transient","floor":39,"turns":5},{"damage":46,"enemies":"Giant Head","floor":40,"turns":11},{"damage":7,"enemies":"Maw","floor":42,"turns":8},{"damage":6,"enemies":"Spire Growth","floor":47,"turns":5},{"damage":31,"enemies":"Writhing Mass","floor":48,"turns":6},{"damage":44,"enemies":"Awakened One","floor":50,"turns":13},{"damage":28,"enemies":"Shield and Spear","floor":54,"turns":6},{"damage":63,"enemies":"The Heart","floor":55,"turns":5}],"seed_played":"-3328102472409772162","potions_obtained":[{"floor":2,"key":"GamblersBrew"},{"floor":3,"key":"Weak Potion"},{"floor":5,"key":"LiquidBronze"},{"floor":10,"key":"SteroidPotion"},{"floor":24,"key":"SpeedPotion"},{"floor":28,"key":"LiquidBronze"},{"floor":31,"key":"Strength Potion"},{"floor":33,"key":"Regen Potion"},{"floor":39,"key":"LiquidBronze"},{"floor":40,"key":"AttackPotion"},{"floor":42,"key":"Ancient Potion"},{"floor":47,"key":"GamblersBrew"}],"is_trial":false,"path_per_floor":["M","M","M","M","M","R","$","R","T","M","$","R","M","T","R","B",null,"M","?","$","?","M","R","E","R","T","?","M","M","?","M","R","B",null,"M","M","M","?","M","E","R","M","T","R","?","$","M","M","R","B",null,"R","$","E","B"],"character_chosen":"DEFECT","items_purchased":["Self Repair","Ball Lightning","Conserve Battery","Melter","Lockon","DataDisk"],"campfire_rested":0,"item_purchase_floors":[7,7,11,20,46,53],"current_hp_per_floor":[81,81,76,75,73,73,73,73,73,80,80,80,75,75,75,71,82,76,76,76,61,61,61,58,58,58,58,57,64,64,70,70,36,82,82,79,82,82,82,55,55,70,70,70,70,70,71,52,52,20,82,82,82,61,0],"gold":145,"neow_bonus":"TEN_PERCENT_HP_BONUS","is_prod":false,"is_daily":false,"chose_seed":false,"campfire_upgraded":10,"win_rate":0,"timestamp":1552921362,"path_taken":["M","M","M","M","M","R","$","R","T","M","$","R","?","?","R","BOSS","M","?","$","?","M","R","E","R","T","?","M","M","?","?","R","BOSS","M","M","M","?","M","E","R","M","T","R","?","$","?","?","R","BOSS","R","$","E","BOSS"],"build_version":"2019-01-23","purchased_purges":2,"victory":false,"max_hp_per_floor":[82,82,82,82,82,82,82,82,82,82,82,82,82,82,82,82,82,82,82,82,82,82,82,82,82,82,82,82,82,82,82,82,82,82,82,82,82,82,82,82,82,82,82,82,82,82,82,82,82,82,82,82,82,82,82],"card_choices":[{"not_picked":["Barrage","Reprogram"],"picked":"Conserve Battery","floor":1},{"not_picked":["Rebound","Go for the Eyes"],"picked":"Genetic Algorithm","floor":2},{"not_picked":["Steam","Cold Snap"],"picked":"Leap","floor":3},{"not_picked":["Coolheaded","Double Energy"],"picked":"Seek","floor":4},{"not_picked":["Barrage","Rip and Tear"],"picked":"Loop","floor":5},{"not_picked":["Stack","Rebound"],"picked":"Beam Cell","floor":10},{"not_picked":["Barrage","Skim"],"picked":"Conserve Battery","floor":13},{"not_picked":["Fission","Amplify"],"picked":"Machine Learning","floor":16},{"not_picked":["Ball Lightning","Turbo"],"picked":"Coolheaded","floor":18},{"not_picked":["Conserve Battery","Rebound+1"],"picked":"Cold Snap+1","floor":22},{"not_picked":["Stack","Static Discharge"],"picked":"Barrage","floor":24},{"not_picked":["Streamline+1","Cold Snap"],"picked":"Turbo+1","floor":28},{"not_picked":["Streamline","Stack"],"picked":"Go for the Eyes+1","floor":29},{"not_picked":["Meteor Strike","Cold Snap"],"picked":"Leap+1","floor":31},{"not_picked":["Seek","Core Surge"],"picked":"Multi-Cast","floor":33},{"not_picked":[],"picked":"Cold Snap+1","floor":35},{"not_picked":["Turbo"],"picked":"SKIP","floor":36},{"not_picked":[],"picked":"Conserve Battery+1","floor":37},{"not_picked":[],"picked":"Sweeping Beam+1","floor":39},{"not_picked":[],"picked":"Sunder+1","floor":40},{"not_picked":[],"picked":"Doom and Gloom+1","floor":42},{"not_picked":["Cold Snap"],"picked":"SKIP","floor":47},{"not_picked":["Recycle"],"picked":"SKIP","floor":48},{"not_picked":[],"picked":"Glacier","floor":54}],"player_experience":875048,"relics_obtained":[{"floor":14,"key":"Meat on the Bone"},{"floor":24,"key":"Bottled Tornado"},{"floor":26,"key":"Ginger"},{"floor":30,"key":"Bag of Marbles"},{"floor":40,"key":"Centennial Puzzle"},{"floor":43,"key":"Mercury Hourglass"},{"floor":54,"key":"Orichalcum"}],"event_choices":[{"damage_healed":0,"gold_gain":0,"cards_transformed":["Strike_B","Strike_B"],"player_choice":"Became Test Subject","damage_taken":0,"max_hp_gain":0,"max_hp_loss":0,"event_name":"Drug Dealer","floor":19,"gold_loss":0,"cards_obtained":["Force Field","Recycle"]},{"damage_healed":0,"gold_gain":0,"player_choice":"Fight","damage_taken":0,"max_hp_gain":0,"max_hp_loss":0,"event_name":"Colosseum","floor":21,"gold_loss":0},{"damage_healed":0,"gold_gain":0,"player_choice":"Fled From Nobs","damage_taken":0,"max_hp_gain":0,"max_hp_loss":0,"event_name":"Colosseum","floor":21,"gold_loss":0},{"damage_healed":0,"gold_gain":0,"player_choice":"Simplicity","damage_taken":0,"max_hp_gain":0,"max_hp_loss":0,"event_name":"Back to Basics","floor":27,"gold_loss":0,"cards_upgraded":["Strike_B","Defend_B","Defend_B","Defend_B","Defend_B"]},{"damage_healed":0,"gold_gain":0,"player_choice":"Relic","damage_taken":0,"max_hp_gain":0,"max_hp_loss":0,"event_name":"Wheel of Change","floor":30,"gold_loss":0},{"damage_healed":0,"gold_gain":0,"player_choice":"Ignored","damage_taken":0,"max_hp_gain":0,"max_hp_loss":0,"event_name":"Tomb of Lord Red Mask","floor":38,"gold_loss":0},{"damage_healed":0,"gold_gain":0,"player_choice":"Cursed","damage_taken":0,"max_hp_gain":0,"max_hp_loss":0,"event_name":"Wheel of Change","floor":45,"gold_loss":0,"cards_obtained":["Decay"]}],"is_beta":false,"boss_relics":[{"not_picked":["Nuclear Battery","Fusion Hammer"],"picked":"Inserter"},{"not_picked":["Empty Cage","Eternal Feather"],"picked":"Busted Crown"}],"items_purged_floors":[11,46],"is_endless":false,"potions_floor_spawned":[2,3,5,10,24,28,31,33,39,40,42,47],"killed_by":"The Heart","ascension_level":0}