{"path_per_floor":["M","M","M","$","M","M","R","?","T","M","R","M","R","E","R","B",null,"M","?","$","M","$","E","R","M","T","R","?","M","R","M","R"],"character_chosen":"IRONCLAD","items_purchased":["Twin Strike","Apotheosis"],"gold_per_floor":[118,130,142,41,61,72,72,147,147,160,160,180,180,211,211,309,309,324,324,224,239,27,52,52,65,65,65,65,78,78,95,95],"floor_reached":33,"campfire_rested":3,"playtime":2384,"current_hp_per_floor":[80,80,80,80,80,80,80,69,69,68,68,70,70,68,68,56,80,80,65,65,57,57,21,46,32,32,57,57,40,65,85,85],"items_purged":["Defend_R","Doubt"],"gold":95,"score":269,"play_id":"c4b91198-3899-444f-88c1-e47a5f2d541c","local_time":"20180312023112","is_prod":false,"is_daily":false,"is_ascension_mode":false,"campfire_upgraded":5,"timestamp":1520793072,"path_taken":["M","M","M","$","M","M","R","?","T","M","R","M","R","E","R","BOSS","M","?","$","M","$","E","R","M","T","R","?","M","R","?","R","BOSS"],"build_version":"2018-03-09","purchased_purges":2,"victory":false,"master_deck":["Strike_R","Strike_R","Strike_R","Strike_R","Defend_R","Defend_R","Defend_R+1","Bash+1","Sever Soul","Shrug It Off","True Grit+1","Shrug It Off+1","Twin Strike","Armaments+1","Offering+1","Heavy Blade","Metallicize","Uppercut","Demon Form","Clumsy","Doubt","True Grit","Thunderclap","Apotheosis+1","Reaper","Bloodletting","Rupture"],"max_hp_per_floor":[80,80,80,80,80,80,80,80,80,80,80,80,80,80,80,80,80,80,85,85,85,85,85,85,85,85,85,85,85,85,85,85],"relics":["Burning Blood","Vajra","Magic Flower","Calling Bell","Anchor","Orichalcum","War Paint","Shuriken","Shovel"],"card_choices":[{"not_picked":["Uppercut","Twin Strike"],"picked":"Shrug It Off"},{"not_picked":["Flame Barrier","Perfected Strike"],"picked":"True Grit"},{"not_picked":["Rage","Power Through"],"picked":"Shrug It Off"},{"not_picked":["Battle Trance","Clothesline"],"picked":"Armaments"},{"not_picked":["Twin Strike","Searing Blow"],"picked":"Offering"},{"not_picked":["Second Wind","True Grit"],"picked":"Heavy Blade"},{"not_picked":["Disarm","Body Slam"],"picked":"Metallicize"},{"not_picked":["Clothesline","Metallicize"],"picked":"Uppercut"},{"not_picked":["Dark Embrace","Reaper"],"picked":"Demon Form"},{"not_picked":["Perfected Strike","Inflame"],"picked":"True Grit"},{"not_picked":["Fire Breathing","Perfected Strike"],"picked":"Thunderclap"},{"not_picked":["Twin Strike","Clash"],"picked":"Reaper"},{"not_picked":["Cleave","Searing Blow"],"picked":"Bloodletting"},{"not_picked":["Power Through","Body Slam"],"picked":"Rupture"}],"player_experience":243497,"potions_floor_usage":[16,21,23,25,25,29,31],"damage_taken":[{"damage":0,"enemies":"Small Slimes","floor":1,"turns":3},{"damage":1,"enemies":"Cultist","floor":2,"turns":4},{"damage":0,"enemies":"2 Louse","floor":3,"turns":2},{"damage":1,"enemies":"Red Slaver","floor":5,"turns":5},{"damage":4,"enemies":"3 Louse","floor":6,"turns":4},{"damage":7,"enemies":"Gremlin Gang","floor":10,"turns":4},{"damage":4,"enemies":"Large Slime","floor":12,"turns":5},{"damage":8,"enemies":"Lagavulin","floor":14,"turns":7},{"damage":21,"enemies":"The Guardian","floor":16,"turns":14},{"damage":8,"enemies":"Shell Parasite","floor":18,"turns":4},{"damage":17,"enemies":"2 Thieves","floor":21,"turns":4},{"damage":45,"enemies":"Book of Stabbing","floor":23,"turns":6},{"damage":23,"enemies":"Snake Plant","floor":25,"turns":6},{"damage":60,"enemies":"Sentry and Sphere","floor":29,"turns":8},{"damage":12,"enemies":"Snecko","floor":31,"turns":5},{"damage":136,"enemies":"Automaton","floor":33,"turns":12}],"event_choices":[{"event_name":"World of Goop","player_choice":"Gather Gold","floor":8,"damage_taken":0},{"event_name":"Forgotten Altar","player_choice":"Shed Blood","floor":19,"damage_taken":0},{"event_name":"The Lab","player_choice":"Got Potions","floor":28,"damage_taken":0}],"boss_relics":[{"not_picked":["Runic Pyramid","Orrery"],"picked":"Calling Bell"}],"potions_floor_spawned":[1,5,12,16,21,23],"seed_played":"134217855993105695","killed_by":"Automaton","ascension_level":0,"is_trial":false}