{"path_per_floor":["M","M","?","M","$","E","?","R","T","M","R","M","R","M","R","B",null,"M","M","$","T","M","R","E","R","T","?","M","R","M","$","R","B",null,"M","$","M","M","?","E","R","M","T","T","M","M","?","M","R"],"character_chosen":"IRONCLAD","items_purchased":["Inflame","Battle Trance","Whirlwind","Seeing Red","Pommel Strike"],"gold_per_floor":[118,128,128,142,31,65,65,65,65,80,80,93,93,107,107,206,206,217,235,80,80,100,100,128,128,128,128,145,145,164,64,64,163,193,205,110,130,141,141,174,174,190,190,190,201,211,211,225,225,225],"floor_reached":50,"campfire_rested":0,"playtime":2633,"current_hp_per_floor":[80,80,85,85,85,63,63,63,77,79,79,71,71,69,69,62,99,94,82,82,82,99,99,90,90,90,69,56,56,66,66,66,31,74,74,74,73,66,66,53,53,58,58,58,67,74,74,72,72,0],"items_purged":["Strike_R","Injury"],"gold":225,"score":522,"play_id":"378cb9d4-b224-45bd-b024-9aaaf3ffd4c0","local_time":"20180325231017","is_prod":false,"is_daily":false,"is_ascension_mode":false,"campfire_upgraded":10,"timestamp":1521990617,"path_taken":["M","M","?","M","$","E","?","R","T","?","R","M","R","M","R","BOSS","M","M","$","?","?","R","E","R","T","?","M","R","M","?","R","BOSS","M","$","M","M","?","E","R","M","T","?","M","M","?","M","R","BOSS"],"build_version":"2018-03-22v2","purchased_purges":3,"victory":false,"master_deck":["Defend_R","Defend_R+1","Defend_R+1","Bash+1","Spot Weakness+1","Bloodletting+1","Inflame","Battle Trance","Iron Wave+1","Double Tap+1","Cleave","Twin Strike","Reaper","Shrug It Off+1","Whirlwind+1","Spot Weakness+1","Bite+1","Bite+1","Bite","Bite","Bite+1","Twin Strike+1","Berserk","Hemokinesis+1","Iron Wave+1","Seeing Red+1","Pommel Strike+1","Infernal Blade+1","Pummel+1","Shrug It Off+1","Flex","Bloodletting+1"],"max_hp_per_floor":[80,80,85,85,85,85,85,85,99,99,99,99,99,99,99,99,99,99,99,99,99,99,99,99,99,99,69,69,69,69,69,69,69,74,74,74,74,74,74,74,74,74,74,74,74,74,74,74,74,74],"relics":["Burning Blood","NeowsBlessing","Blue Candle","Mango","Sozu","Calipers","Ornamental Fan","War Paint","Tiny House","Bottled Flame","Unceasing Top","Lantern"],"card_choices":[{"not_picked":["Armaments","Thunderclap"],"picked":"Spot Weakness","floor":2},{"not_picked":["Headbutt","Twin Strike"],"picked":"Bloodletting","floor":4},{"not_picked":["Entrench","Havoc"],"picked":"Iron Wave","floor":6},{"not_picked":["Headbutt","Body Slam"],"picked":"Double Tap","floor":10},{"not_picked":["Perfected Strike","Anger"],"picked":"Cleave","floor":12},{"not_picked":["True Grit","Shockwave"],"picked":"Twin Strike","floor":14},{"not_picked":["Demon Form","Dark Embrace"],"picked":"Reaper","floor":16},{"not_picked":["Wild Strike","Infernal Blade"],"picked":"Shrug It Off","floor":18},{"not_picked":["Rage","Perfected Strike"],"picked":"Spot Weakness","floor":22},{"not_picked":["Pummel","Thunderclap"],"picked":"Twin Strike","floor":30},{"not_picked":["Exhume","Reaper"],"picked":"Berserk","floor":33},{"not_picked":["Warcry","Dual Wield"],"picked":"Hemokinesis","floor":34},{"not_picked":["Twin Strike","Dropkick"],"picked":"Iron Wave","floor":35},{"not_picked":["Clash","Sentinel"],"picked":"Infernal Blade","floor":38},{"not_picked":["Dropkick","Headbutt"],"picked":"Pummel","floor":45},{"not_picked":["Iron Wave","Armaments"],"picked":"Shrug It Off","floor":46},{"not_picked":["Iron Wave","Carnage"],"picked":"Bloodletting","floor":48}],"player_experience":370761,"potions_floor_usage":[16,50,50,50],"damage_taken":[{"damage":0,"enemies":"Jaw Worm","floor":1,"turns":1},{"damage":0,"enemies":"2 Louse","floor":2,"turns":1},{"damage":0,"enemies":"Cultist","floor":4,"turns":1},{"damage":28,"enemies":"3 Sentries","floor":6,"turns":9},{"damage":4,"enemies":"Red Slaver","floor":10,"turns":4},{"damage":14,"enemies":"Lots of Slimes","floor":12,"turns":5},{"damage":8,"enemies":"Gremlin Gang","floor":14,"turns":3},{"damage":28,"enemies":"Slime Boss","floor":16,"turns":8},{"damage":11,"enemies":"3 Byrds","floor":18,"turns":4},{"damage":18,"enemies":"Shell Parasite","floor":19,"turns":5},{"damage":0,"enemies":"Snecko","floor":22,"turns":3},{"damage":33,"enemies":"Slavers","floor":24,"turns":5},{"damage":27,"enemies":"Slaver and Parasite","floor":28,"turns":5},{"damage":25,"enemies":"Snake Plant","floor":30,"turns":4},{"damage":78,"enemies":"Automaton","floor":33,"turns":9},{"damage":0,"enemies":"3 Shapes","floor":35,"turns":2},{"damage":22,"enemies":"3 Darklings","floor":37,"turns":3},{"damage":40,"enemies":"Maw","floor":38,"turns":7},{"damage":65,"enemies":"Nemesis","floor":40,"turns":9},{"damage":28,"enemies":"Sphere and 2 Shapes","floor":42,"turns":6},{"damage":0,"enemies":"3 Darklings","floor":45,"turns":3},{"damage":14,"enemies":"Maw","floor":46,"turns":7},{"damage":14,"enemies":"Sphere and 2 Shapes","floor":48,"turns":4},{"damage":87,"enemies":"Time Eater","floor":50,"turns":7}],"event_choices":[{"event_name":"Big Fish","player_choice":"Donut","floor":3,"damage_taken":0},{"event_name":"Accursed Blacksmith","player_choice":"Forge","floor":7,"damage_taken":0},{"event_name":"Vampires","player_choice":"Became a vampire","floor":27,"damage_taken":0},{"event_name":"Upgrade Shrine","player_choice":"Upgraded","floor":39,"damage_taken":0},{"event_name":"Transmorgrifier","player_choice":"Transform","floor":47,"damage_taken":0}],"boss_relics":[{"not_picked":["Orrery","Cursed Key"],"picked":"Sozu"},{"not_picked":["Runic Dome","Black Blood"],"picked":"Tiny House"}],"potions_floor_spawned":[1,10,12,16,19,30,33,35,40,42],"seed_played":"-8548556490725115493","killed_by":"Time Eater","ascension_level":0,"is_trial":false}