{"gold_per_floor":[112,124,142,158,83,83,117,129,156,33,33,48,48,64,64,168,168,186,61,61,61,41,41,41,0,0,0,25,38,38,38,38,138,138,156,256,9,9,9,9,22,22,22,22,46,0,10,28,28,28],"floor_reached":51,"playtime":2875,"items_purged":["Strike_G","Strike_G","Strike_G"],"score":668,"play_id":"7f52e896-9501-4005-aa8b-0a3192c3cf15","local_time":"20190303150042","is_ascension_mode":false,"campfire_choices":[{"data":"Neutralize","floor":6,"key":"SMITH"},{"data":"Dodge and Roll","floor":11,"key":"SMITH"},{"data":"Catalyst","floor":13,"key":"SMITH"},{"data":"Bouncing Flask","floor":15,"key":"SMITH"},{"data":"Bane","floor":23,"key":"SMITH"},{"data":"Doppelganger","floor":30,"key":"SMITH"},{"data":"Poisoned Stab","floor":32,"key":"SMITH"},{"data":"Burst","floor":40,"key":"SMITH"},{"data":"Acrobatics","floor":42,"key":"SMITH"},{"data":"Defend_G","floor":49,"key":"PURGE"}],"neow_cost":"NONE","seed_source_timestamp":690139129025165,"circlet_count":0,"master_deck":["Defend_G","Defend_G","Survivor","Neutralize+1","Catalyst+1","Cloak And Dagger","Poisoned Stab+1","Quick Slash","After Image","Poisoned Stab","Dodge and Roll+1","Bouncing Flask+1","Doppelganger+1","Bane+1","Grand Finale","All Out Attack","Bane+1","Burst+1","Flying Knee+1","Deadly Poison","Acrobatics+1","Expertise","Dodge and Roll+1"],"relics":["Ring of the Snake","Happy Flower","Peace Pipe","Blood Vial","Coffee Dripper","Bottled Tornado","Smiling Mask","Sozu","Ice Cream","Snake Skull","Regal Pillow","Ancient Tea Set","Red Mask"],"potions_floor_usage":[18,29,33,33],"damage_taken":[{"damage":0,"enemies":"Small Slimes","floor":1,"turns":4},{"damage":2,"enemies":"Cultist","floor":2,"turns":4},{"damage":3,"enemies":"2 Louse","floor":3,"turns":3},{"damage":1,"enemies":"Looter","floor":4,"turns":3},{"damage":9,"enemies":"Gremlin Nob","floor":7,"turns":4},{"damage":1,"enemies":"Exordium Wildlife","floor":8,"turns":5},{"damage":0,"enemies":"Lots of Slimes","floor":12,"turns":4},{"damage":13,"enemies":"Large Slime","floor":14,"turns":7},{"damage":11,"enemies":"The Guardian","floor":16,"turns":7},{"damage":0,"enemies":"3 Byrds","floor":18,"turns":5},{"damage":0,"enemies":"2 Thieves","floor":22,"turns":4},{"damage":16,"enemies":"3 Cultists","floor":29,"turns":5},{"damage":54,"enemies":"Champ","floor":33,"turns":10},{"damage":4,"enemies":"3 Darklings","floor":35,"turns":6},{"damage":6,"enemies":"Mind Bloom Boss Battle","floor":36,"turns":6},{"damage":3,"enemies":"3 Shapes","floor":41,"turns":3},{"damage":8,"enemies":"Jaw Worm Horde","floor":47,"turns":4},{"damage":1,"enemies":"3 Darklings","floor":48,"turns":4},{"damage":27,"enemies":"Awakened One","floor":50,"turns":12}],"seed_played":"-6067750102562980327","potions_obtained":[{"floor":1,"key":"Swift Potion"},{"floor":12,"key":"Energy Potion"},{"floor":14,"key":"FearPotion"},{"floor":22,"key":"Fire Potion"},{"floor":29,"key":"GamblersBrew"}],"is_trial":false,"path_per_floor":["M","M","M","M","$","R","E","M","T","$","R","M","R","M","R","B",null,"M","$","?","?","M","R","?","?","T","$","T","M","R","?","R","B",null,"M","?","$","?","?","R","M","R","T","?","T","?","M","M","R","B",null],"character_chosen":"THE_SILENT","items_purchased":["Dodge and Roll","Acrobatics","Snake Skull","Expertise"],"campfire_rested":0,"item_purchase_floors":[10,37,37,37],"current_hp_per_floor":[70,68,65,64,64,64,55,54,54,54,54,56,56,45,45,36,70,70,70,70,70,70,70,70,70,70,70,70,54,54,54,54,2,70,66,62,62,62,70,70,67,67,67,67,67,67,61,62,62,37],"gold":28,"neow_bonus":"RANDOM_COMMON_RELIC","is_prod":false,"is_daily":false,"chose_seed":false,"campfire_upgraded":9,"win_rate":0,"timestamp":1551596442,"path_taken":["M","M","M","M","$","R","E","M","T","$","R","M","R","M","R","BOSS","M","$","?","?","?","R","?","?","T","$","?","?","R","?","R","BOSS","M","?","$","?","?","R","?","R","T","?","?","?","?","M","R","BOSS"],"build_version":"2019-01-23","purchased_purges":3,"victory":true,"max_hp_per_floor":[70,70,70,70,70,70,70,70,70,70,70,70,70,70,70,70,70,70,70,70,70,70,70,70,70,70,70,70,70,70,70,70,70,70,70,70,70,70,70,70,70,70,70,70,70,70,70,70,70,70],"card_choices":[{"not_picked":["Accuracy","Dagger Spray"],"picked":"Catalyst","floor":1},{"not_picked":["Slice","Calculated Gamble"],"picked":"Cloak And Dagger","floor":2},{"not_picked":["Outmaneuver","Bane"],"picked":"Poisoned Stab","floor":3},{"not_picked":["Phantasmal Killer","Skewer"],"picked":"Quick Slash","floor":4},{"not_picked":["Prepared","Acrobatics"],"picked":"After Image","floor":7},{"not_picked":["Backstab","Sucker Punch"],"picked":"Poisoned Stab","floor":8},{"not_picked":["Dodge and Roll","Quick Slash"],"picked":"Bouncing Flask","floor":12},{"not_picked":["Acrobatics","Sucker Punch","Flechettes"],"picked":"SKIP","floor":14},{"not_picked":["Phantasmal Killer","Venomology"],"picked":"Doppelganger","floor":16},{"not_picked":["Dodge and Roll","Footwork"],"picked":"Bane","floor":18},{"not_picked":["Blade Dance","Eviscerate"],"picked":"Flying Knee+1","floor":22},{"not_picked":["Dodge and Roll","Riddle With Holes"],"picked":"Bane+1","floor":29},{"not_picked":["Grand Finale","A Thousand Cuts"],"picked":"Burst","floor":33},{"not_picked":["Outmaneuver+1","Sucker Punch+1"],"picked":"Flying Knee+1","floor":35},{"not_picked":["Acrobatics+1","Underhanded Strike"],"picked":"Deadly Poison","floor":36},{"not_picked":["Endless Agony+1","Bane","Dodge and Roll"],"picked":"SKIP","floor":41},{"not_picked":["Choke","Underhanded Strike+1","Sucker Punch"],"picked":"SKIP","floor":47},{"not_picked":["Flechettes","Sucker Punch"],"picked":"Dodge and Roll+1","floor":48}],"player_experience":724045,"relics_obtained":[{"floor":7,"key":"Peace Pipe"},{"floor":9,"key":"Blood Vial"},{"floor":26,"key":"Bottled Tornado"},{"floor":28,"key":"Smiling Mask"},{"floor":36,"key":"Ice Cream"},{"floor":43,"key":"Regal Pillow"},{"floor":45,"key":"Ancient Tea Set"}],"event_choices":[{"damage_healed":0,"gold_gain":0,"player_choice":"Ignored","damage_taken":0,"max_hp_gain":0,"max_hp_loss":0,"event_name":"Ghosts","floor":20,"gold_loss":0},{"cards_removed":["Defend_G"],"damage_healed":0,"gold_gain":0,"player_choice":"Offered Basic","damage_taken":0,"max_hp_gain":0,"max_hp_loss":0,"event_name":"Bonfire Elementals","floor":21,"gold_loss":0},{"damage_healed":0,"gold_gain":0,"cards_transformed":["Strike_G","Defend_G"],"player_choice":"Became Test Subject","damage_taken":0,"max_hp_gain":0,"max_hp_loss":0,"event_name":"Drug Dealer","floor":24,"gold_loss":0,"cards_obtained":["Grand Finale","All Out Attack"]},{"damage_healed":0,"gold_gain":0,"player_choice":"Paid Fearfully","damage_taken":0,"max_hp_gain":0,"max_hp_loss":0,"event_name":"Masked Bandits","floor":25,"gold_loss":41},{"cards_removed":["Strike_G"],"damage_healed":0,"gold_gain":0,"player_choice":"Elegance","damage_taken":0,"max_hp_gain":0,"max_hp_loss":0,"event_name":"Back to Basics","floor":31,"gold_loss":0},{"damage_healed":0,"gold_gain":0,"player_choice":"Fight","damage_taken":0,"max_hp_gain":0,"max_hp_loss":0,"event_name":"MindBloom","floor":36,"gold_loss":0},{"cards_removed":["Flying Knee"],"damage_healed":0,"gold_gain":0,"player_choice":"Removed Attack","damage_taken":0,"max_hp_gain":0,"max_hp_loss":0,"event_name":"Falling","floor":38,"gold_loss":0},{"damage_healed":8,"gold_gain":0,"player_choice":"Full Heal","damage_taken":0,"max_hp_gain":0,"max_hp_loss":0,"event_name":"Wheel of Change","floor":39,"gold_loss":0},{"damage_healed":0,"gold_gain":0,"player_choice":"Memory 1","damage_taken":0,"max_hp_gain":0,"max_hp_loss":0,"event_name":"SensoryStone","floor":44,"gold_loss":0},{"damage_healed":0,"gold_gain":0,"player_choice":"Paid","damage_taken":0,"relics_obtained":["Red Mask"],"max_hp_gain":0,"max_hp_loss":0,"event_name":"Tomb of Lord Red Mask","floor":46,"gold_loss":46}],"is_beta":false,"boss_relics":[{"not_picked":["White Beast Statue","Orrery"],"picked":"Coffee Dripper"},{"not_picked":["Empty Cage","Black Star"],"picked":"Sozu"}],"items_purged_floors":[5,10,19],"is_endless":false,"potions_floor_spawned":[1,12,14,22,29,35,36],"ascension_level":0}