{"path_per_floor":["M","$","M","M","M","M","M","E","T","R","?","?","R","M","R","B",null,"M","?","$","M","M","E","M","R","T","$","R","$","M","?","R","B",null,"M","M","?","M","$","R","M","R","T","M","R","?","?","M","R"],"character_chosen":"IRONCLAD","items_purchased":["Bag of Marbles","Bag of Preparation","Toxic Egg 2","Blood for Blood","Exhume"],"gold_per_floor":[213,67,86,103,117,136,155,183,255,255,281,281,281,300,300,396,396,416,416,0,19,39,73,87,87,87,14,14,14,34,34,34,129,129,140,151,151,170,6,6,19,19,19,31,31,31,31,47,47],"floor_reached":50,"campfire_rested":1,"playtime":3630,"current_hp_per_floor":[77,77,77,80,80,80,77,73,73,73,71,71,71,75,75,50,80,66,66,66,62,60,38,50,50,64,64,64,64,60,60,60,33,94,69,62,62,54,54,54,44,72,72,62,62,62,62,63,63],"items_purged":[],"gold":47,"score":466,"play_id":"cfefea75-7b4d-4163-a003-8ee27b79e796","is_prod":false,"is_daily":false,"is_ascension_mode":false,"campfire_upgraded":6,"path_taken":["M","$","M","M","M","M","M","E","T","R","?","?","R","M","R","BOSS","M","?","$","M","M","E","M","R","T","$","R","?","M","?","R","BOSS","M","M","?","M","$","R","M","R","T","?","R","?","?","M","R","BOSS"],"build_version":"2018-02-15-PROD1","purchased_purges":0,"victory":false,"master_deck":["Strike_R","Strike_R","Strike_R","Strike_R","Strike_R","Defend_R","Defend_R","Defend_R","Bash","Twin Strike","Clothesline","Cleave","Pommel Strike+1","Anger","Warcry","Seeing Red+1","Intimidate","Pommel Strike+1","Limit Break+1","Flex","Heavy Blade+1","Perfected Strike+1","Clash","Headbutt","Double Tap+1","Blood for Blood","Bloodletting+1","Demon Form+1","Flex+1","Clash+1","Thunderclap+1","Exhume+1","Blood for Blood","Battle Trance+1","Limit Break+1","Thunderclap+1"],"max_hp_per_floor":[80,80,80,80,80,80,80,80,80,80,80,80,80,80,80,80,80,80,80,80,80,80,80,80,80,94,94,94,94,94,94,94,94,94,94,94,94,94,94,94,94,94,94,94,94,94,94,94,94],"relics":["Burning Blood","Bag of Marbles","Girya","Bottled Lightning","Odd Mushroom","Black Star","Bag of Preparation","Toxic Egg 2","Meat on the Bone","Pantograph","Mango","Question Card","Sundial"],"card_choices":[{"not_picked":["Havoc","Pummel"],"picked":"Twin Strike"},{"not_picked":["Wild Strike","Whirlwind"],"picked":"Clothesline"},{"not_picked":["Warcry","Flex"],"picked":"Cleave"},{"not_picked":["Infernal Blade","Dual Wield"],"picked":"Pommel Strike"},{"not_picked":["Exhume","Fire Breathing"],"picked":"Anger"},{"not_picked":["Wild Strike","Havoc"],"picked":"Warcry"},{"not_picked":["Shrug It Off","Blood for Blood"],"picked":"Seeing Red"},{"not_picked":["Immolate","Heavy Blade"],"picked":"Intimidate"},{"not_picked":["Metallicize","Body Slam"],"picked":"Pommel Strike"},{"not_picked":["Double Tap","Juggernaut"],"picked":"Limit Break"},{"not_picked":["Perfected Strike","Warcry"],"picked":"Flex"},{"not_picked":["Corruption","Hemokinesis"],"picked":"Perfected Strike"},{"not_picked":["Cleave","Thunderclap"],"picked":"Clash"},{"not_picked":["Sword Boomerang","Flex"],"picked":"Headbutt"},{"not_picked":["Cleave","Intimidate"],"picked":"Double Tap"},{"not_picked":["Flex","Armaments"],"picked":"Bloodletting"},{"not_picked":["Bludgeon","Berserk"],"picked":"Demon Form"},{"not_picked":["Pommel Strike","Pummel","Perfected Strike"],"picked":"Flex"},{"not_picked":["Shrug It Off","Burning Pact","Warcry"],"picked":"Clash"},{"not_picked":["Perfected Strike","Burning Pact","Flame Barrier"],"picked":"Thunderclap"},{"not_picked":["Wild Strike","Body Slam","Evolve"],"picked":"Blood for Blood"},{"not_picked":["Rampage","Dropkick","Wild Strike"],"picked":"Battle Trance"},{"not_picked":["Sword Boomerang","Body Slam","Immolate"],"picked":"Thunderclap"}],"player_experience":49863,"potions_floor_usage":[8,18,22,23,23,23,33,44,50,50],"damage_taken":[{"damage":9,"enemies":"Small Slimes","floor":1,"turns":5},{"damage":6,"enemies":"Jaw Worm","floor":3,"turns":3},{"damage":1,"enemies":"Cultist","floor":4,"turns":3},{"damage":0,"enemies":"Large Slime","floor":5,"turns":4},{"damage":3,"enemies":"Lots of Slimes","floor":6,"turns":2},{"damage":9,"enemies":"Exordium Thugs","floor":7,"turns":3},{"damage":10,"enemies":"Gremlin Nob","floor":8,"turns":3},{"damage":8,"enemies":"The Mushroom Lair","floor":11,"turns":4},{"damage":2,"enemies":"2 Fungi Beasts","floor":14,"turns":2},{"damage":31,"enemies":"Slime Boss","floor":16,"turns":8},{"damage":20,"enemies":"2 Thieves","floor":18,"turns":4},{"damage":10,"enemies":"Shell Parasite","floor":21,"turns":3},{"damage":8,"enemies":"Centurion and Healer","floor":22,"turns":4},{"damage":28,"enemies":"Gremlin Leader","floor":23,"turns":5},{"damage":6,"enemies":"3 Cultists","floor":24,"turns":4},{"damage":10,"enemies":"Sentry and Sphere","floor":30,"turns":3},{"damage":70,"enemies":"Automaton","floor":33,"turns":8},{"damage":31,"enemies":"3 Darklings","floor":35,"turns":3},{"damage":13,"enemies":"Orb Walker","floor":36,"turns":2},{"damage":14,"enemies":"Maw","floor":38,"turns":6},{"damage":28,"enemies":"4 Shapes","floor":41,"turns":3},{"damage":16,"enemies":"3 Darklings","floor":44,"turns":4},{"damage":5,"enemies":"Maw","floor":48,"turns":4},{"damage":92,"enemies":"Awakened One","floor":50,"turns":4}],"event_choices":[{"event_name":"Mushrooms","player_choice":"Fought Mushrooms","floor":11,"damage_taken":0},{"event_name":"The Lab","player_choice":"Got Potions","floor":12,"damage_taken":0},{"event_name":"The Library","player_choice":"Read","floor":19,"damage_taken":0},{"event_name":"Vampires","player_choice":"Ignored","floor":31,"damage_taken":0},{"event_name":"Tomb of Lord Red Mask","player_choice":"Ignored","floor":37,"damage_taken":0},{"event_name":"Duplicator","player_choice":"One dupe","floor":46,"damage_taken":0}],"boss_relics":[{"not_picked":["Eternal Feather","Runic Dome"],"picked":"Black Star"},{"not_picked":["Tiny House","Black Blood"],"picked":"Question Card"}],"potions_floor_spawned":[6,7,8,11,18,22,23,35,36,48],"seed_played":"7490554764217099768","killed_by":"Awakened One","ascension_level":0,"is_trial":false}