{"gold_per_floor":[113,133,145,145,165,165,9,9,9,9,40,68,68,82,82,178,228,240,240,255,265,265,265,277,287,360,360,377,377,390,408,408,503,503,523,523,266,286,286,286,297,316,316,326,343,343,359,375,375,375],"floor_reached":50,"playtime":3622,"items_purged":["Strike_G","Writhe"],"score":477,"play_id":"02896485-e0cc-473a-ae8e-435a4efefa66","local_time":"20190227023027","is_ascension_mode":false,"campfire_choices":[{"data":"Backflip","floor":6,"key":"SMITH"},{"data":"Well Laid Plans","floor":8,"key":"SMITH"},{"data":"Neutralize","floor":10,"key":"SMITH"},{"data":"Predator","floor":13,"key":"SMITH"},{"floor":15,"key":"REST"},{"data":"Blur","floor":23,"key":"SMITH"},{"data":"Flying Knee","floor":27,"key":"SMITH"},{"data":"Doppelganger","floor":29,"key":"SMITH"},{"floor":32,"key":"REST"},{"data":"Footwork","floor":40,"key":"SMITH"},{"floor":46,"key":"REST"},{"floor":49,"key":"REST"}],"neow_cost":"NONE","seed_source_timestamp":298808817181101,"circlet_count":0,"master_deck":["Defend_G","Defend_G","Defend_G","Defend_G","Defend_G","Strike_G","Strike_G","Strike_G+1","Survivor","Neutralize+1","Backflip+1","Predator+1","Slice","Dagger Spray","Well Laid Plans+1","Flying Knee+1","Bouncing Flask","Deadly Poison","Die Die Die","Blur+1","Noxious Fumes","Die Die Die","Deflect+1","Escape Plan+1","Prepared+1","Dodge and Roll+1","Doppelganger+1","Bane+1","Footwork+1","Bullet Time+1","Bane+1","Quick Slash","Bouncing Flask+1","Dodge and Roll+1","Normality","Burst","Escape Plan+1","PiercingWail+1"],"relics":["Ring of the Snake","Dodecahedron","Oddly Smooth Stone","Ninja Scroll","Odd Mushroom","Tiny House","Singing Bowl","Cursed Key","Boot","Gremlin Horn"],"potions_floor_usage":[11,16,25,33,33,48,48,50,50],"damage_taken":[{"damage":0,"enemies":"2 Louse","floor":1,"turns":3},{"damage":0,"enemies":"Jaw Worm","floor":2,"turns":3},{"damage":0,"enemies":"Cultist","floor":3,"turns":3},{"damage":1,"enemies":"2 Fungi Beasts","floor":5,"turns":3},{"damage":6,"enemies":"Gremlin Nob","floor":11,"turns":4},{"damage":1,"enemies":"The Mushroom Lair","floor":12,"turns":3},{"damage":5,"enemies":"Gremlin Gang","floor":14,"turns":5},{"damage":13,"enemies":"Hexaghost","floor":16,"turns":9},{"damage":0,"enemies":"Chosen","floor":18,"turns":5},{"damage":0,"enemies":"3 Byrds","floor":20,"turns":3},{"damage":7,"enemies":"Snake Plant","floor":21,"turns":4},{"damage":12,"enemies":"Centurion and Healer","floor":24,"turns":7},{"damage":0,"enemies":"3 Cultists","floor":25,"turns":3},{"damage":2,"enemies":"Chosen and Byrds","floor":28,"turns":5},{"damage":5,"enemies":"Centurion and Healer","floor":30,"turns":6},{"damage":11,"enemies":"Snecko","floor":31,"turns":5},{"damage":15,"enemies":"Champ","floor":33,"turns":15},{"damage":23,"enemies":"3 Darklings","floor":35,"turns":4},{"damage":3,"enemies":"Orb Walker","floor":38,"turns":3},{"damage":14,"enemies":"Sphere and 2 Shapes","floor":41,"turns":5},{"damage":34,"enemies":"3 Darklings","floor":42,"turns":4},{"damage":15,"enemies":"Spire Growth","floor":44,"turns":5},{"damage":0,"enemies":"Maw","floor":45,"turns":8},{"damage":0,"enemies":"Sphere and 2 Shapes","floor":47,"turns":5},{"damage":26,"enemies":"Spire Growth","floor":48,"turns":5},{"damage":28,"enemies":"Donu and Deca","floor":50,"turns":7}],"seed_played":"-3467369539168208111","potions_obtained":[{"floor":1,"key":"SkillPotion"},{"floor":5,"key":"Poison Potion"},{"floor":12,"key":"GamblersBrew"},{"floor":14,"key":"SkillPotion"},{"floor":17,"key":"Explosive Potion"},{"floor":24,"key":"EntropicBrew"},{"floor":28,"key":"Poison Potion"},{"floor":33,"key":"Energy Potion"},{"floor":35,"key":"SpeedPotion"},{"floor":44,"key":"Strength Potion"},{"floor":48,"key":"FearPotion"}],"is_trial":false,"path_per_floor":["M","M","M","?","M","R","$","R","T","R","E","?","R","M","R","B",null,"M","?","M","M","?","R","M","M","T","R","M","R","M","M","R","B",null,"M","?","$","M","?","R","M","M","T","M","M","R","M","M","R","B"],"character_chosen":"THE_SILENT","items_purchased":["Well Laid Plans","Boot"],"campfire_rested":4,"item_purchase_floors":[7,37],"current_hp_per_floor":[70,70,70,58,57,57,57,57,57,57,51,50,50,45,66,53,75,75,75,75,68,68,68,56,56,56,56,54,54,49,38,60,45,75,52,71,71,68,68,68,54,20,20,5,5,27,27,3,26,0],"gold":375,"neow_bonus":"THREE_CARDS","is_prod":false,"is_daily":false,"chose_seed":false,"campfire_upgraded":8,"win_rate":0,"timestamp":1551205827,"path_taken":["M","M","M","?","M","R","$","R","T","R","E","?","R","M","R","BOSS","M","?","M","?","?","R","M","?","T","R","M","R","M","M","R","BOSS","M","?","$","M","?","R","?","M","T","M","M","R","M","M","R","BOSS"],"build_version":"2019-01-23","purchased_purges":2,"victory":false,"max_hp_per_floor":[70,70,70,70,70,70,70,70,70,70,70,70,70,70,70,70,75,75,75,75,75,75,75,75,75,75,75,75,75,75,75,75,75,75,75,75,75,75,75,75,75,75,75,75,75,75,75,77,77,77],"card_choices":[{"not_picked":["Heel Hook","Skewer"],"picked":"Backflip","floor":0},{"not_picked":["Riddle With Holes","Prepared"],"picked":"Predator","floor":1},{"not_picked":["Underhanded Strike","Sucker Punch"],"picked":"Slice","floor":2},{"not_picked":["Predator","Acrobatics"],"picked":"Dagger Spray","floor":3},{"not_picked":["Caltrops","Infinite Blades","Terror"],"picked":"SKIP","floor":5},{"not_picked":["Underhanded Strike","Slice"],"picked":"Flying Knee","floor":11},{"not_picked":["Dagger Throw","Night Terror"],"picked":"Bouncing Flask","floor":12},{"not_picked":["Outmaneuver","Deflect"],"picked":"Deadly Poison","floor":14},{"not_picked":["Bullet Time","Wraith Form v2"],"picked":"Die Die Die","floor":16},{"not_picked":["Quick Slash","Well Laid Plans"],"picked":"Blur","floor":17},{"not_picked":["Quick Slash","Sucker Punch"],"picked":"Noxious Fumes","floor":18},{"not_picked":["Dodge and Roll","Flying Knee+1"],"picked":"Deflect+1","floor":20},{"not_picked":["Expertise","Dagger Spray+1"],"picked":"Escape Plan+1","floor":21},{"not_picked":["Dagger Spray","Leg Sweep"],"picked":"Prepared+1","floor":24},{"not_picked":["Expertise+1","Slice"],"picked":"Dodge and Roll+1","floor":25},{"not_picked":["Outmaneuver","Cloak And Dagger"],"picked":"Doppelganger","floor":28},{"not_picked":["Cloak And Dagger+1","Poisoned Stab"],"picked":"Bane+1","floor":30},{"not_picked":["Outmaneuver","Escape Plan"],"picked":"Footwork","floor":31},{"not_picked":["Phantasmal Killer","Tools of the Trade"],"picked":"Bullet Time","floor":33},{"not_picked":["Cloak And Dagger+1","Deflect+1"],"picked":"Bane+1","floor":35},{"not_picked":["Setup","Choke+1"],"picked":"Quick Slash","floor":38},{"not_picked":["Blade Dance+1","Dagger Spray+1"],"picked":"Bouncing Flask+1","floor":41},{"not_picked":["Caltrops+1","Sucker Punch+1"],"picked":"Dodge and Roll+1","floor":42},{"not_picked":["Slice","Endless Agony"],"picked":"Burst","floor":44},{"not_picked":["Reflex+1","Outmaneuver"],"picked":"Escape Plan+1","floor":45},{"not_picked":["Acrobatics+1","Bane+1"],"picked":"PiercingWail+1","floor":47},{"not_picked":["Endless Agony+1","Reflex","Acrobatics"],"picked":"Singing Bowl","floor":48}],"player_experience":701380,"relics_obtained":[{"floor":9,"key":"Oddly Smooth Stone"},{"floor":11,"key":"Ninja Scroll"},{"floor":12,"key":"Odd Mushroom"},{"floor":26,"key":"Singing Bowl"},{"floor":43,"key":"Gremlin Horn"}],"event_choices":[{"damage_healed":0,"gold_gain":0,"player_choice":"Success","damage_taken":12,"relics_obtained":["Dodecahedron"],"max_hp_gain":0,"max_hp_loss":0,"event_name":"Scrap Ooze","floor":4,"gold_loss":0},{"damage_healed":0,"gold_gain":0,"player_choice":"Fought Mushrooms","damage_taken":0,"max_hp_gain":0,"max_hp_loss":0,"event_name":"Mushrooms","floor":12,"gold_loss":0},{"damage_healed":0,"gold_gain":0,"player_choice":"Copied","damage_taken":0,"max_hp_gain":0,"max_hp_loss":0,"event_name":"Duplicator","floor":19,"gold_loss":0,"cards_obtained":["Die Die Die"]},{"cards_removed":["Strike_G"],"damage_healed":0,"gold_gain":0,"player_choice":"Card Removal","damage_taken":0,"max_hp_gain":0,"max_hp_loss":0,"event_name":"Wheel of Change","floor":22,"gold_loss":0},{"damage_healed":19,"gold_gain":0,"player_choice":"Writhe","damage_taken":0,"max_hp_gain":0,"max_hp_loss":0,"event_name":"Winding Halls","floor":36,"gold_loss":0,"cards_obtained":["Writhe"]},{"damage_healed":0,"gold_gain":0,"player_choice":"Forge","damage_taken":0,"max_hp_gain":0,"max_hp_loss":0,"event_name":"Accursed Blacksmith","floor":39,"gold_loss":0,"cards_upgraded":["Bullet Time"]}],"is_beta":false,"boss_relics":[{"not_picked":["Calling Bell","Ring of the Serpent"],"picked":"Tiny House"},{"not_picked":["WristBlade","Eternal Feather"],"picked":"Cursed Key"}],"items_purged_floors":[7,37],"is_endless":false,"potions_floor_spawned":[1,5,12,14,18,24,28,31,33,35,44,47,48],"killed_by":"Donu and Deca","ascension_level":0}