{"path_per_floor":["M","$","M","?","M","R","M","M","T","M","R","?","R","M","R","B",null,"M","$","M","M","?","R","E","?","T","R","$","R","?","M","R"],"character_chosen":"IRONCLAD","items_purchased":["Sword Boomerang","Whirlwind"],"gold_per_floor":[109,55,71,71,91,91,109,126,150,161,161,161,161,171,171,275,275,292,181,194,206,206,206,238,208,208,208,108,108,108,126,126,126],"floor_reached":33,"campfire_rested":3,"playtime":1028,"current_hp_per_floor":[80,80,80,80,80,80,80,78,78,80,80,80,80,80,80,30,80,80,80,79,46,46,46,12,12,12,36,36,60,45,47,72,0],"items_purged":["Strike_R","Strike_R"],"gold":126,"score":257,"play_id":"2246c01f-4c0c-4582-bb81-dd0ab0d0f3a0","local_time":"20180517235447","is_prod":false,"is_daily":false,"chose_seed":false,"is_ascension_mode":false,"campfire_upgraded":5,"timestamp":1526572487,"path_taken":["M","$","M","?","M","R","M","M","T","M","R","?","R","M","R","BOSS","M","$","M","M","?","R","E","?","T","R","$","R","?","M","R","BOSS"],"build_version":"2018-05-10","seed_source_timestamp":18799107143847,"purchased_purges":2,"victory":false,"master_deck":["Strike_R","Strike_R","Strike_R","Defend_R","Defend_R","Defend_R","Defend_R","Bash+1","Headbutt","Sword Boomerang+1","Cleave+1","Uppercut+1","Flex+1","Spot Weakness","Pummel","Limit Break+1","Whirlwind","Pommel Strike","Armaments+1","Disarm+1","Twin Strike+1"],"max_hp_per_floor":[80,80,80,80,80,80,80,80,80,80,80,80,80,80,80,80,80,80,80,80,80,80,80,80,80,80,80,80,80,85,85,85,85],"relics":["Burning Blood"],"card_choices":[{"not_picked":["Twin Strike","Clash"],"picked":"Headbutt","floor":1},{"not_picked":["Heavy Blade","Combust"],"picked":"Cleave","floor":3},{"not_picked":["Anger","Combust"],"picked":"Uppercut","floor":5},{"not_picked":["Clothesline","Headbutt"],"picked":"Flex","floor":8},{"not_picked":["Havoc","Wild Strike"],"picked":"Spot Weakness","floor":10},{"not_picked":["Evolve","Flex"],"picked":"Pummel","floor":14},{"not_picked":["Demon Form","Impervious"],"picked":"Limit Break","floor":16},{"not_picked":["Fire Breathing","Thunderclap"],"picked":"Armaments","floor":18},{"not_picked":["Infernal Blade","Seeing Red"],"picked":"Pommel Strike","floor":20},{"not_picked":["Intimidate","Thunderclap"],"picked":"Armaments","floor":21},{"not_picked":["Combust","Whirlwind"],"picked":"Disarm","floor":24},{"not_picked":["Heavy Blade","Hemokinesis"],"picked":"Twin Strike","floor":31}],"player_experience":638798,"potions_floor_usage":[16,21,33],"damage_taken":[{"damage":6,"enemies":"Cultist","floor":1,"turns":3},{"damage":0,"enemies":"Small Slimes","floor":3,"turns":3},{"damage":4,"enemies":"2 Louse","floor":5,"turns":2},{"damage":2,"enemies":"2 Fungi Beasts","floor":7,"turns":3},{"damage":8,"enemies":"Blue Slaver","floor":8,"turns":4},{"damage":4,"enemies":"Exordium Wildlife","floor":10,"turns":3},{"damage":3,"enemies":"2 Fungi Beasts","floor":14,"turns":3},{"damage":56,"enemies":"Hexaghost","floor":16,"turns":6},{"damage":5,"enemies":"Chosen","floor":18,"turns":3},{"damage":7,"enemies":"3 Byrds","floor":20,"turns":5},{"damage":39,"enemies":"3 Cultists","floor":21,"turns":5},{"damage":40,"enemies":"Gremlin Leader","floor":24,"turns":7},{"damage":4,"enemies":"Chosen and Byrds","floor":31,"turns":5},{"damage":90,"enemies":"Champ","floor":33,"turns":13}],"event_choices":[{"event_name":"Golden Idol","player_choice":"Ignored","floor":4,"damage_taken":0},{"event_name":"Scrap Ooze","player_choice":"unsuccessful","floor":12,"damage_taken":0},{"event_name":"Back to Basics","player_choice":"Elegance","floor":22,"damage_taken":0},{"event_name":"The Woman in Blue","player_choice":"Bought 2 Potions","floor":25,"damage_taken":0},{"event_name":"Forgotten Altar","player_choice":"Shed Blood","floor":30,"damage_taken":0}],"boss_relics":[{"not_picked":["Runic Pyramid","Eternal Feather","Snecko Eye"]}],"potions_floor_spawned":[7,8,10,16,18,31],"seed_played":"-2103403252671681720","killed_by":"Champ","ascension_level":0,"is_trial":false}