{"gold_per_floor":[116,133,152,166,23,51,51,86,86,86,99,112,112,140,140,240,240,257,269,269,32,47,47,77,0,0,20,30,49,49,82,82,82],"floor_reached":33,"playtime":2809,"items_purged":["Strike_R"],"score":371,"play_id":"84626a46-af7c-4ef4-87f9-6ba107afb7c5","local_time":"20190309232655","is_ascension_mode":true,"campfire_choices":[{"data":"Armaments","floor":7,"key":"SMITH"},{"data":"Uppercut","floor":10,"key":"SMITH"},{"floor":15,"key":"REST"},{"floor":23,"key":"REST"},{"floor":30,"key":"REST"},{"floor":32,"key":"REST"}],"neow_cost":"NONE","seed_source_timestamp":606214205817700,"circlet_count":0,"master_deck":["Strike_R","Strike_R","Strike_R","Strike_R","Defend_R","Defend_R","Defend_R","Defend_R","Bash","Armaments+1","Uppercut+1","Intimidate","Pommel Strike","Demon Form","Shrug It Off","Disarm","Heavy Blade","Sword Boomerang","Immolate","Metallicize+1","Headbutt+1","Limit Break+1","Cleave","Bludgeon","Clumsy","Heavy Blade+1","Shrug It Off+1","Shockwave+1"],"relics":["Burning Blood","Bronze Scales","Gambling Chip","Sundial","Bottled Flame","Toxic Egg 2","Matryoshka","Cursed Key","Happy Flower","Red Skull","Lantern","Orichalcum"],"potions_floor_usage":[6,14,19,22,29,29],"damage_taken":[{"damage":3,"enemies":"Jaw Worm","floor":1,"turns":5},{"damage":7,"enemies":"Small Slimes","floor":2,"turns":3},{"damage":1,"enemies":"2 Louse","floor":3,"turns":3},{"damage":1,"enemies":"Large Slime","floor":4,"turns":6},{"damage":34,"enemies":"3 Sentries","floor":6,"turns":6},{"damage":12,"enemies":"Lagavulin","floor":8,"turns":7},{"damage":0,"enemies":"Looter","floor":11,"turns":3},{"damage":19,"enemies":"3 Louse","floor":12,"turns":5},{"damage":28,"enemies":"3 Sentries","floor":14,"turns":7},{"damage":14,"enemies":"Hexaghost","floor":16,"turns":9},{"damage":31,"enemies":"Chosen","floor":18,"turns":5},{"damage":15,"enemies":"Spheric Guardian","floor":19,"turns":5},{"damage":19,"enemies":"Centurion and Healer","floor":22,"turns":7},{"damage":38,"enemies":"Slavers","floor":24,"turns":5},{"damage":0,"enemies":"Snecko","floor":27,"turns":3},{"damage":10,"enemies":"Snake Plant","floor":28,"turns":2},{"damage":10,"enemies":"Centurion and Healer","floor":29,"turns":2},{"damage":20,"enemies":"Book of Stabbing","floor":31,"turns":4},{"damage":78,"enemies":"Automaton","floor":33,"turns":6}],"seed_played":"-6465165156533180623","potions_obtained":[{"floor":3,"key":"PowerPotion"},{"floor":8,"key":"AttackPotion"},{"floor":16,"key":"Strength Potion"},{"floor":18,"key":"SkillPotion"},{"floor":24,"key":"EssenceOfSteel"},{"floor":28,"key":"AttackPotion"}],"is_trial":false,"path_per_floor":["M","M","M","M","$","E","R","E","T","R","M","M","?","E","R","B",null,"M","M","?","$","M","R","E","?","T","M","M","M","R","E","R","B"],"character_chosen":"IRONCLAD","items_purchased":["Bronze Scales","Limit Break+1"],"campfire_rested":4,"item_purchase_floors":[5,21],"current_hp_per_floor":[80,79,80,80,80,52,52,46,46,46,52,39,32,10,34,26,80,55,46,31,31,18,43,11,11,11,17,13,9,34,20,45,0],"gold":82,"neow_bonus":"THREE_CARDS","is_prod":false,"is_daily":false,"chose_seed":false,"campfire_upgraded":2,"win_rate":0,"timestamp":1552170415,"path_taken":["M","M","M","M","$","E","R","E","T","R","M","M","?","E","R","BOSS","M","M","?","$","M","R","E","?","T","M","?","M","R","E","R","BOSS"],"build_version":"2019-01-23","purchased_purges":1,"victory":false,"max_hp_per_floor":[80,80,80,80,80,80,80,80,80,80,80,80,80,80,80,80,80,80,80,85,85,85,85,85,85,85,85,85,85,85,85,85,85],"card_choices":[{"not_picked":["Anger","Body Slam"],"picked":"Armaments","floor":0},{"not_picked":["True Grit","Headbutt"],"picked":"Uppercut","floor":1},{"not_picked":["Battle Trance","Blood for Blood"],"picked":"Intimidate","floor":2},{"not_picked":["Wild Strike","Havoc"],"picked":"Pommel Strike","floor":3},{"not_picked":["Burning Pact","Iron Wave"],"picked":"Demon Form","floor":4},{"not_picked":["Bloodletting","Clash"],"picked":"Shrug It Off","floor":6},{"not_picked":["Warcry","Blood for Blood","Sentinel"],"picked":"SKIP","floor":8},{"not_picked":["Pommel Strike","Sword Boomerang"],"picked":"Disarm","floor":11},{"not_picked":["Clash","Flex"],"picked":"Heavy Blade","floor":12},{"not_picked":["Shockwave+1","Sever Soul"],"picked":"Sword Boomerang","floor":14},{"not_picked":["Juggernaut","Fiend Fire"],"picked":"Immolate","floor":16},{"not_picked":["Rage+1","Clash+1"],"picked":"Metallicize+1","floor":18},{"not_picked":["Iron Wave","Pommel Strike"],"picked":"Headbutt+1","floor":19},{"not_picked":["Clash","Sever Soul"],"picked":"Cleave","floor":22},{"not_picked":["Warcry+1","Clash"],"picked":"Bludgeon","floor":24},{"not_picked":["Pommel Strike","Perfected Strike"],"picked":"Heavy Blade+1","floor":27},{"not_picked":["Sentinel+1","Warcry+1"],"picked":"Shrug It Off+1","floor":28},{"not_picked":["Thunderclap","Shrug It Off+1"],"picked":"Shockwave+1","floor":29},{"not_picked":["Twin Strike","Sword Boomerang+1","Reckless Charge"],"picked":"SKIP","floor":31}],"player_experience":361255,"relics_obtained":[{"floor":6,"key":"Gambling Chip"},{"floor":8,"key":"Sundial"},{"floor":9,"key":"Bottled Flame"},{"floor":14,"key":"Matryoshka"},{"floor":24,"key":"Happy Flower"},{"floor":26,"key":"Red Skull"},{"floor":26,"key":"Lantern"},{"floor":31,"key":"Orichalcum"}],"event_choices":[{"damage_healed":0,"gold_gain":0,"player_choice":"Success","damage_taken":7,"relics_obtained":["Toxic Egg 2"],"max_hp_gain":0,"max_hp_loss":0,"event_name":"Scrap Ooze","floor":13,"gold_loss":0},{"damage_healed":0,"gold_gain":0,"player_choice":"Shed Blood","damage_taken":20,"max_hp_gain":5,"max_hp_loss":0,"event_name":"Forgotten Altar","floor":20,"gold_loss":0},{"damage_healed":0,"gold_gain":0,"player_choice":"Paid Fearfully","damage_taken":0,"max_hp_gain":0,"max_hp_loss":0,"event_name":"Masked Bandits","floor":25,"gold_loss":77}],"is_beta":false,"boss_relics":[{"not_picked":["Runic Pyramid","Runic Cube"],"picked":"Cursed Key"}],"items_purged_floors":[21],"is_endless":false,"potions_floor_spawned":[3,8,16,18,24,28],"killed_by":"Automaton","ascension_level":4}