{"gold_per_floor":[111,40,59,10,10,10,27,27,27,47,57,57,57,70,70,170,170,182,202,219,219],"floor_reached":21,"playtime":1324,"items_purged":[],"score":216,"play_id":"2f90b148-038b-48a3-82c0-49560a99615a","local_time":"20190321142133","is_ascension_mode":true,"campfire_choices":[{"data":"Defragment","floor":6.0,"key":"SMITH"},{"data":"Zap","floor":8.0,"key":"SMITH"},{"data":"Coolheaded","floor":12.0,"key":"SMITH"},{"floor":15.0,"key":"REST"}],"neow_cost":"TEN_PERCENT_HP_LOSS","seed_source_timestamp":214313795718213,"circlet_count":0,"master_deck":["Strike_B","Strike_B","Strike_B","Defend_B","Defend_B","Defend_B","Zap+1","Dualcast","FTL","Defragment+1","Coolheaded+1","Ball Lightning","Machine Learning","Amplify","Cold Snap","BootSequence","Auto Shields"],"special_seed":0,"relics":["Cracked Core","Mummified Hand","Inserter"],"potions_floor_usage":[19],"damage_taken":[{"damage":1.0,"enemies":"Cultist","floor":1.0,"turns":4.0},{"damage":5.0,"enemies":"Small Slimes","floor":3.0,"turns":3.0},{"damage":1.0,"enemies":"2 Louse","floor":7.0,"turns":3.0},{"damage":14.0,"enemies":"Lots of Slimes","floor":10.0,"turns":3.0},{"damage":14.0,"enemies":"Exordium Thugs","floor":11.0,"turns":4.0},{"damage":6.0,"enemies":"Looter","floor":14.0,"turns":2.0},{"damage":14.0,"enemies":"Hexaghost","floor":16.0,"turns":7.0},{"damage":21,"enemies":"3 Byrds","floor":18,"turns":3},{"damage":32,"enemies":"2 Thieves","floor":19,"turns":4},{"damage":6,"enemies":"Chosen and Byrds","floor":20,"turns":7},{"damage":27,"enemies":"Shelled Parasite and Fungi","floor":21,"turns":2}],"seed_played":"4091664289787890822","potions_obtained":[{"floor":1.0,"key":"FearPotion"},{"floor":10.0,"key":"FocusPotion"},{"floor":13.0,"key":"Poison Potion"},{"floor":13.0,"key":"Weak Potion"}],"is_trial":false,"path_per_floor":["M","$","M","$","?","R","M","R","T","M","M","R","?","M","R","B",null,"M","M","M","M"],"character_chosen":"DEFECT","items_purchased":["Defragment","Coolheaded"],"campfire_rested":1,"item_purchase_floors":[2,4],"current_hp_per_floor":[67,67,62,62,67,67,66,66,66,52,38,38,38,32,53,39,65,44,12,6,0],"gold":219,"neow_bonus":"REMOVE_TWO","is_prod":false,"is_daily":false,"chose_seed":false,"campfire_upgraded":3,"win_rate":0,"timestamp":1553196093,"path_taken":["M","?","M","$","?","R","M","R","T","M","M","R","?","M","R","BOSS","M","?","M","M"],"build_version":"2019-01-23","purchased_purges":0,"victory":false,"max_hp_per_floor":[68,68,68,68,73,73,73,73,73,73,73,73,73,73,73,73,73,73,73,73,73],"card_choices":[{"not_picked":["Go for the Eyes","Steam"],"picked":"FTL","floor":1.0},{"not_picked":["Stack","Double Energy","Chaos"],"picked":"SKIP","floor":3.0},{"not_picked":["Genetic Algorithm","Hello World","Compile Driver"],"picked":"SKIP","floor":7.0},{"not_picked":["Rebound","Stack","Barrage"],"picked":"SKIP","floor":10.0},{"not_picked":["Hello World","FTL"],"picked":"Ball Lightning","floor":11.0},{"not_picked":["Reinforced Body","Redo"],"picked":"Machine Learning","floor":14.0},{"not_picked":["Rainbow","Fission"],"picked":"Amplify","floor":16.0},{"not_picked":["Blizzard+1","Barrage"],"picked":"Cold Snap","floor":18},{"not_picked":["Leap+1","Melter"],"picked":"BootSequence","floor":19},{"not_picked":["Leap","Turbo"],"picked":"Auto Shields","floor":20}],"player_experience":328541,"relics_obtained":[{"floor":9.0,"key":"Mummified Hand"}],"event_choices":[{"damage_healed":0.0,"max_hp_gain":5.0,"max_hp_loss":0.0,"gold_gain":0.0,"event_name":"Big Fish","player_choice":"Donut","floor":5.0,"gold_loss":0.0,"damage_taken":0.0},{"damage_healed":0.0,"max_hp_gain":0.0,"max_hp_loss":0.0,"gold_gain":0.0,"event_name":"Lab","player_choice":"Got Potions","floor":13.0,"gold_loss":0.0,"damage_taken":0.0}],"is_beta":false,"boss_relics":[{"not_picked":["Astrolabe","Pandora\u0027s Box"],"picked":"Inserter"}],"items_purged_floors":[],"is_endless":false,"potions_floor_spawned":[1,10,14],"killed_by":"Shelled Parasite and Fungi","ascension_level":5}