{"gold_per_floor":[111,126,143,143,143,143,67,67,119,119,160,16,32,46,46,177,177,201,201,201],"floor_reached":20,"playtime":1339,"items_purged":[],"score":300,"play_id":"dee3b953-b455-48c3-a077-33a31cf0d401","local_time":"20190404194956","is_ascension_mode":true,"campfire_choices":[{"floor":6,"key":"REST"},{"data":"Inflame","floor":8,"key":"SMITH"},{"data":"True Grit","floor":10,"key":"SMITH"},{"data":"Feel No Pain","floor":15,"key":"SMITH"}],"neow_cost":"PERCENT_DAMAGE","seed_source_timestamp":1128747133207068,"circlet_count":0,"master_deck":["AscendersBane","Strike_R","Strike_R","Strike_R","Strike_R","Strike_R","Defend_R+1","Defend_R+1","Defend_R","Defend_R","Bash","Feel No Pain+1","True Grit+1","Ghostly Armor","Inflame+1","Dual Wield","Flame Barrier","Pommel Strike","Metallicize","Impervious","Metallicize","Writhe"],"relics":["Burning Blood","Golden Idol","War Paint","Lantern","Fusion Hammer","Art of War"],"potions_floor_usage":[11,11,16,20],"damage_taken":[{"damage":15,"enemies":"Small Slimes","floor":1,"turns":4},{"damage":8,"enemies":"Jaw Worm","floor":2,"turns":4},{"damage":3,"enemies":"2 Louse","floor":3,"turns":5},{"damage":9,"enemies":"Gremlin Nob","floor":11,"turns":3},{"damage":9,"enemies":"Large Slime","floor":13,"turns":7},{"damage":1,"enemies":"Blue Slaver","floor":14,"turns":4},{"damage":55,"enemies":"Slime Boss","floor":16,"turns":24},{"damage":3,"enemies":"3 Byrds","floor":18,"turns":4},{"damage":84,"enemies":"Masked Bandits","floor":20,"turns":6}],"seed_played":"-1231714911699072305","potions_obtained":[{"floor":1,"key":"FearPotion"},{"floor":2,"key":"Strength Potion"},{"floor":14,"key":"SneckoOil"}],"is_trial":false,"path_per_floor":["M","M","M","?","?","R","$","R","T","R","E","$","M","M","R","B",null,"M","?","?"],"character_chosen":"IRONCLAD","items_purchased":["Inflame","Flame Barrier","Pommel Strike","Block Potion"],"campfire_rested":1,"item_purchase_floors":[7,12,12,12],"current_hp_per_floor":[58,56,59,35,35,63,63,63,63,63,60,60,57,62,62,13,75,78,78,0],"gold":201,"neow_bonus":"TWENTY_PERCENT_HP_BONUS","is_prod":false,"is_daily":false,"chose_seed":false,"campfire_upgraded":3,"win_rate":0,"timestamp":1554432596,"path_taken":["M","M","M","?","?","R","$","R","T","R","E","$","M","M","R","BOSS","M","?","?"],"build_version":"2019-01-23","purchased_purges":0,"victory":false,"max_hp_per_floor":[96,96,96,96,96,96,96,96,96,96,96,96,96,96,96,96,96,96,96,96],"card_choices":[{"not_picked":["Hemokinesis","Fire Breathing"],"picked":"Feel No Pain","floor":1},{"not_picked":["Warcry","Sentinel"],"picked":"True Grit","floor":2},{"not_picked":["Sentinel","Body Slam"],"picked":"Ghostly Armor","floor":3},{"not_picked":["True Grit","Warcry"],"picked":"Dual Wield","floor":11},{"not_picked":["True Grit","Rupture"],"picked":"Metallicize","floor":13},{"not_picked":["Perfected Strike","Havoc","Wild Strike"],"picked":"SKIP","floor":14},{"not_picked":["Berserk","Exhume"],"picked":"Impervious","floor":16},{"not_picked":["Disarm","Sword Boomerang"],"picked":"Metallicize","floor":18}],"player_experience":381448,"relics_obtained":[{"floor":9,"key":"War Paint"},{"floor":11,"key":"Lantern"}],"event_choices":[{"damage_healed":0,"gold_gain":0,"player_choice":"Take Damage","damage_taken":24,"relics_obtained":["Golden Idol"],"max_hp_gain":0,"max_hp_loss":0,"event_name":"Golden Idol","floor":4,"gold_loss":0},{"damage_healed":0,"gold_gain":0,"player_choice":"Ignored","damage_taken":0,"max_hp_gain":0,"max_hp_loss":0,"event_name":"Golden Wing","floor":5,"gold_loss":0},{"damage_healed":0,"gold_gain":0,"player_choice":"Opened","damage_taken":0,"relics_obtained":["Art of War"],"max_hp_gain":0,"max_hp_loss":0,"event_name":"The Mausoleum","floor":19,"gold_loss":0,"cards_obtained":["Writhe"]},{"damage_healed":0,"gold_gain":0,"player_choice":"Fought Bandits","damage_taken":0,"max_hp_gain":0,"max_hp_loss":0,"event_name":"Masked Bandits","floor":20,"gold_loss":0}],"is_beta":false,"boss_relics":[{"not_picked":["Orrery","Black Star"],"picked":"Fusion Hammer"}],"items_purged_floors":[],"is_endless":false,"potions_floor_spawned":[1,2,3,14],"killed_by":"Masked Bandits","ascension_level":12}