{"gold_per_floor":[113,113,133,153,153,153,172,172,196,196,211,211,58,74,74,178,178,191,116,130,30,45,45,58,58,58,76,76,89,89,109,109,214,214,232,107,121,131,145,145,155,155,155,175,175,185,185,197,197,197],"floor_reached":51,"playtime":1617,"items_purged":["Strike_R","Defend_R","Strike_R"],"score":647,"play_id":"a982f397-87ab-4fcd-ba8e-3139bcc7be31","local_time":"20190418145350","is_ascension_mode":false,"campfire_choices":[{"data":"Bash","floor":6.0,"key":"SMITH"},{"data":"Shrug It Off","floor":8.0,"key":"SMITH"},{"floor":12.0,"key":"REST"},{"data":"Carnage","floor":15.0,"key":"SMITH"},{"data":"Bludgeon","floor":23.0,"key":"SMITH"},{"data":"Immolate","floor":25.0,"key":"SMITH"},{"data":"Flame Barrier","floor":30.0,"key":"SMITH"},{"data":"Dual Wield","floor":32.0,"key":"SMITH"},{"data":"Shockwave","floor":40.0,"key":"SMITH"},{"data":"Fiend Fire","floor":47.0,"key":"SMITH"},{"floor":49.0,"key":"REST"}],"neow_cost":"NONE","seed_source_timestamp":592064376612400,"circlet_count":0,"master_deck":["Strike_R","Strike_R","Strike_R","Defend_R","Defend_R","Bash+1","Shrug It Off+1","Immolate+1","Carnage+1","Bludgeon+1","Shrug It Off+1","Clothesline+1","Flame Barrier+1","Dual Wield+1","Fiend Fire+1","Shockwave+1","Flame Barrier+1","Clothesline+1"],"special_seed":0,"relics":["Snecko Eye"],"potions_floor_usage":[],"damage_taken":[{"damage":7.0,"enemies":"Small Slimes","floor":1.0,"turns":3.0},{"damage":0.0,"enemies":"2 Louse","floor":3.0,"turns":2.0},{"damage":1.0,"enemies":"Cultist","floor":4.0,"turns":3.0},{"damage":4.0,"enemies":"Gremlin Gang","floor":7.0,"turns":4.0},{"damage":6.0,"enemies":"Exordium Wildlife","floor":11.0,"turns":4.0},{"damage":0.0,"enemies":"2 Fungi Beasts","floor":14.0,"turns":2.0},{"damage":2.0,"enemies":"Slime Boss","floor":16.0,"turns":6.0},{"damage":0.0,"enemies":"Spheric Guardian","floor":18.0,"turns":3.0},{"damage":5.0,"enemies":"2 Thieves","floor":20.0,"turns":2.0},{"damage":0.0,"enemies":"Snake Plant","floor":22.0,"turns":2.0},{"damage":0.0,"enemies":"Snecko","floor":24.0,"turns":2.0},{"damage":10.0,"enemies":"Chosen and Byrds","floor":27.0,"turns":3.0},{"damage":4.0,"enemies":"Snake Plant","floor":29.0,"turns":2.0},{"damage":0.0,"enemies":"Sentry and Sphere","floor":31.0,"turns":3.0},{"damage":57.0,"enemies":"Automaton","floor":33.0,"turns":7.0},{"damage":0.0,"enemies":"3 Darklings","floor":35.0,"turns":3.0},{"damage":4.0,"enemies":"Orb Walker","floor":37.0,"turns":3.0},{"damage":0.0,"enemies":"Jaw Worm Horde","floor":38.0,"turns":2.0},{"damage":0.0,"enemies":"Sphere and 2 Shapes","floor":39.0,"turns":3.0},{"damage":1.0,"enemies":"Spire Growth","floor":41.0,"turns":3.0},{"damage":0.0,"enemies":"Maw","floor":44.0,"turns":5.0},{"damage":5.0,"enemies":"Writhing Mass","floor":46.0,"turns":4.0},{"damage":9.0,"enemies":"Sphere and 2 Shapes","floor":48.0,"turns":5.0},{"damage":56,"enemies":"Donu and Deca","floor":50,"turns":7}],"seed_played":"2111518338608332583","potions_obtained":[{"floor":4.0,"key":"EssenceOfSteel"},{"floor":14.0,"key":"Dexterity Potion"},{"floor":16.0,"key":"AttackPotion"},{"floor":18.0,"key":"Swift Potion"},{"floor":20.0,"key":"PowerPotion"},{"floor":22.0,"key":"Energy Potion"},{"floor":33.0,"key":"LiquidBronze"},{"floor":44.0,"key":"SteroidPotion"}],"is_trial":false,"path_per_floor":["M","?","M","M","?","R","M","R","T","?","M","R","$","M","R","B",null,"M","$","M","$","M","R","M","R","T","M","?","M","R","M","R","B",null,"M","$","M","M","M","R","M","?","T","M","?","M","R","M","R","B",null],"character_chosen":"IRONCLAD","items_purchased":["Immolate"],"campfire_rested":2,"item_purchase_floors":[13],"current_hp_per_floor":[73,73,73,72,65,65,61,61,61,61,55,79,79,79,79,77,80,80,80,75,75,75,75,75,75,75,65,65,61,61,61,61,4,80,80,80,76,76,76,76,75,75,75,75,75,70,70,61,76,20],"gold":197,"neow_bonus":"BOSS_RELIC","is_prod":false,"is_daily":false,"chose_seed":false,"campfire_upgraded":9,"win_rate":0,"timestamp":1555592030,"path_taken":["M","?","M","M","?","R","M","R","T","?","?","R","$","M","R","BOSS","M","$","?","$","M","R","M","R","T","M","?","M","R","M","R","BOSS","M","$","M","M","M","R","M","?","T","M","?","?","R","M","R","BOSS"],"build_version":"2019-01-23","purchased_purges":3,"victory":true,"max_hp_per_floor":[80,80,80,80,80,80,80,80,80,80,80,80,80,80,80,80,80,80,80,80,80,80,80,80,80,80,80,80,80,80,80,80,80,80,80,80,80,80,80,80,80,76,76,76,76,76,76,76,76,76],"card_choices":[{"not_picked":["Thunderclap","Power Through","Anger"],"picked":"SKIP","floor":1.0},{"not_picked":["Wild Strike","Armaments","Havoc"],"picked":"SKIP","floor":3.0},{"not_picked":["Perfected Strike","Exhume"],"picked":"Shrug It Off","floor":4.0},{"not_picked":["Armaments","Rampage","Intimidate"],"picked":"SKIP","floor":7.0},{"not_picked":["Metallicize","Warcry","Spot Weakness"],"picked":"SKIP","floor":11.0},{"not_picked":["Second Wind","Pommel Strike"],"picked":"Carnage","floor":14.0},{"not_picked":["Brutality","Feed"],"picked":"Bludgeon","floor":16.0},{"not_picked":["Anger","Rage","Dual Wield"],"picked":"SKIP","floor":18.0},{"not_picked":["Twin Strike","Juggernaut"],"picked":"Shrug It Off+1","floor":20.0},{"not_picked":["Feel No Pain","Warcry","Havoc"],"picked":"SKIP","floor":22.0},{"not_picked":["Blood for Blood","Sword Boomerang+1"],"picked":"Clothesline+1","floor":24.0},{"not_picked":["Twin Strike","Havoc"],"picked":"Flame Barrier","floor":27.0},{"not_picked":["Iron Wave","Warcry","Reckless Charge"],"picked":"SKIP","floor":29.0},{"not_picked":["Evolve","Body Slam"],"picked":"Dual Wield","floor":31.0},{"not_picked":["Feed","Berserk"],"picked":"Fiend Fire","floor":33.0},{"not_picked":["Heavy Blade","Dropkick+1","Sword Boomerang"],"picked":"SKIP","floor":35.0},{"not_picked":["Cleave+1","Clash+1","Rage"],"picked":"SKIP","floor":37.0},{"not_picked":["Heavy Blade","Disarm+1"],"picked":"Shockwave","floor":38.0},{"not_picked":["Whirlwind","Cleave+1"],"picked":"Flame Barrier+1","floor":39.0},{"not_picked":["Cleave","Heavy Blade+1","Clothesline"],"picked":"SKIP","floor":41.0},{"not_picked":["Sword Boomerang","Battle Trance+1","Pommel Strike+1"],"picked":"SKIP","floor":44.0},{"not_picked":["Shrug It Off+1","Body Slam"],"picked":"Clothesline+1","floor":46.0},{"not_picked":["Blood for Blood","Armaments","Pommel Strike+1"],"picked":"SKIP","floor":48.0}],"player_experience":598872,"relics_obtained":[],"event_choices":[{"damage_healed":0.0,"max_hp_gain":0.0,"max_hp_loss":0.0,"gold_gain":0.0,"event_name":"Golden Idol","player_choice":"Ignored","floor":2.0,"gold_loss":0.0,"damage_taken":0.0},{"cards_removed":["Defend_R"],"damage_healed":0.0,"max_hp_gain":0.0,"max_hp_loss":0.0,"gold_gain":0.0,"event_name":"Golden Wing","player_choice":"Card Removal","floor":5.0,"gold_loss":0.0,"damage_taken":7.0},{"damage_healed":0.0,"max_hp_gain":0.0,"max_hp_loss":0.0,"gold_gain":0.0,"event_name":"NoteForYourself","player_choice":"Ignored","floor":10.0,"gold_loss":0.0,"damage_taken":0.0},{"damage_healed":0.0,"max_hp_gain":0.0,"max_hp_loss":0.0,"gold_gain":0.0,"event_name":"Ghosts","player_choice":"Ignored","floor":28.0,"gold_loss":0.0,"damage_taken":0.0},{"damage_healed":0.0,"max_hp_gain":0.0,"max_hp_loss":4.0,"gold_gain":0.0,"event_name":"Winding Halls","player_choice":"Max HP","floor":42.0,"gold_loss":0.0,"damage_taken":0.0},{"damage_healed":0.0,"max_hp_gain":0.0,"max_hp_loss":0.0,"gold_gain":0.0,"event_name":"Match and Keep!","player_choice":"0 cards matched","floor":45.0,"gold_loss":0.0,"damage_taken":0.0,"cards_obtained":[]}],"is_beta":false,"boss_relics":[{"not_picked":[]},{"not_picked":["Astrolabe","Empty Cage","Black Star"]}],"items_purged_floors":[19,21,36],"is_endless":false,"potions_floor_spawned":[4,14,16,18,20,22,33,39,44,46],"ascension_level":0}