{"gold_per_floor":[115,133,133,148,148,148,180,18,18,60,72,100,112,158,170,285,297,323,335,360,572,599,642,654,666,703,744,768,780,812,835,847,961,973,1003,1015,1040,517,531,531,15,15,42,53,53,63,63,63,63,63],"floor_reached":50,"playtime":7506,"items_purged":["Strike_R","Decay"],"score":525,"play_id":"54aefadf-b24e-4e14-9577-4ba4f94231d7","local_time":"20190204145700","is_ascension_mode":false,"campfire_choices":[{"data":"Anger","floor":6.0,"key":"SMITH"},{"floor":11.0,"key":"REST"},{"floor":13.0,"key":"REST"},{"floor":15.0,"key":"REST"},{"floor":25,"key":"REST"},{"data":"Deep Breath","floor":32,"key":"SMITH"},{"floor":40,"key":"REST"},{"data":"Defend_R","floor":45,"key":"PURGE"},{"data":"Strike_R","floor":47,"key":"PURGE"},{"data":"Defend_R","floor":49,"key":"PURGE"}],"neow_cost":"NONE","seed_source_timestamp":0,"circlet_count":0,"master_deck":["Strike_R","Strike_R","Defend_R+1","Defend_R","Bash","Anger+1","Flex+1","Pommel Strike","Deep Breath+1","Ghostly Armor","Pommel Strike","Shrug It Off","Offering","Cleave","Flex+1"],"special_seed":0,"relics":["Burning Blood","Pantograph","MawBank","Dodecahedron","Regal Pillow","Busted Crown","MutagenicStrength","Shuriken","Pen Nib","Meat on the Bone","Charon\u0027s Ashes","Fusion Hammer","Frozen Eye","Bottled Lightning","TheAbacus","Peace Pipe","Bag of Preparation"],"potions_floor_usage":[22,23,30,33,46,50],"damage_taken":[{"damage":7.0,"enemies":"Small Slimes","floor":1.0,"turns":3.0},{"damage":8.0,"enemies":"Jaw Worm","floor":2.0,"turns":4.0},{"damage":6.0,"enemies":"Cultist","floor":4.0,"turns":3.0},{"damage":32.0,"enemies":"Lagavulin","floor":7.0,"turns":6.0},{"damage":31.0,"enemies":"3 Sentries","floor":10.0,"turns":8.0},{"damage":11.0,"enemies":"Exordium Wildlife","floor":12.0,"turns":5.0},{"damage":17.0,"enemies":"Gremlin Nob","floor":14.0,"turns":3.0},{"damage":53.0,"enemies":"The Guardian","floor":16.0,"turns":10.0},{"damage":6,"enemies":"Spheric Guardian","floor":18,"turns":3},{"damage":6,"enemies":"3 Byrds","floor":20,"turns":4},{"damage":6,"enemies":"Snecko","floor":22,"turns":3},{"damage":51,"enemies":"Book of Stabbing","floor":23,"turns":6},{"damage":13,"enemies":"Slavers","floor":27,"turns":5},{"damage":6,"enemies":"Chosen and Byrds","floor":28,"turns":3},{"damage":0,"enemies":"Sentry and Sphere","floor":30,"turns":3},{"damage":9,"enemies":"Snecko","floor":31,"turns":3},{"damage":103,"enemies":"Collector","floor":33,"turns":7},{"damage":0,"enemies":"Orb Walker","floor":35,"turns":3},{"damage":32,"enemies":"3 Shapes","floor":37,"turns":3},{"damage":20,"enemies":"3 Darklings","floor":39,"turns":4},{"damage":15,"enemies":"Writhing Mass","floor":44,"turns":3},{"damage":0,"enemies":"Jaw Worm Horde","floor":46,"turns":3},{"damage":96,"enemies":"Awakened One","floor":50,"turns":7}],"seed_played":"9035846637500781791","potions_obtained":[{"floor":2.0,"key":"Fire Potion"},{"floor":12.0,"key":"GamblersBrew"},{"floor":14.0,"key":"Weak Potion"},{"floor":20,"key":"Regen Potion"},{"floor":23,"key":"FairyPotion"},{"floor":27,"key":"SteroidPotion"},{"floor":30,"key":"Block Potion"},{"floor":37,"key":"BloodPotion"},{"floor":39,"key":"Fire Potion"}],"is_trial":false,"path_per_floor":["M","M","?","M","?","R","E","$","T","E","R","M","R","E","R","B",null,"M","?","M","?","M","E","?","R","T","E","M","T","M","M","R","B",null,"M","?","M","$","M","R","$","?","T","M","R","M","R","?","R","B"],"character_chosen":"IRONCLAD","items_purchased":["Deep Breath","Frozen Eye","Bottled Lightning","TheAbacus","Peace Pipe"],"campfire_rested":5,"item_purchase_floors":[8,38,38,41,41],"current_hp_per_floor":[87,85,67,67,67,67,41,41,41,16,42,37,63,52,88,41,88,88,88,88,88,88,48,48,88,88,81,81,81,87,84,84,26,88,88,88,62,62,60,88,88,88,88,79,79,85,85,84,84,0],"gold":63,"neow_bonus":"TEN_PERCENT_HP_BONUS","is_prod":false,"is_daily":false,"chose_seed":false,"campfire_upgraded":2,"win_rate":0.0,"timestamp":1549313820,"path_taken":["M","M","?","M","?","R","E","$","T","E","R","M","R","E","R","BOSS","M","?","M","?","?","E","?","R","T","E","M","?","M","M","R","BOSS","M","?","M","$","?","R","$","?","T","M","R","M","R","?","R","BOSS"],"build_version":"2019-01-23","purchased_purges":2,"victory":false,"max_hp_per_floor":[88,88,88,88,88,88,88,88,88,88,88,88,88,88,88,88,88,88,88,88,88,88,88,88,88,88,88,88,88,88,88,88,88,88,88,88,88,88,88,88,88,88,88,88,88,88,88,84,84,84],"card_choices":[{"not_picked":["Cleave","Pommel Strike"],"picked":"Anger","floor":1.0},{"not_picked":["Intimidate","Bloodletting"],"picked":"Flex","floor":2.0},{"not_picked":["Thunderclap","Clothesline","Combust"],"picked":"SKIP","floor":4.0},{"not_picked":["Hemokinesis","Entrench"],"picked":"Pommel Strike","floor":7.0},{"not_picked":["Iron Wave","Fiend Fire"],"picked":"Ghostly Armor","floor":10.0},{"not_picked":["Combust","Warcry"],"picked":"Pommel Strike","floor":12.0},{"not_picked":["True Grit","Thunderclap"],"picked":"Shrug It Off","floor":14.0},{"not_picked":["Dark Embrace","Feed"],"picked":"Offering","floor":16.0},{"not_picked":["Clash+1"],"picked":"SKIP","floor":18},{"not_picked":[],"picked":"Cleave","floor":20},{"not_picked":["Cleave"],"picked":"SKIP","floor":22},{"not_picked":["Bloodletting"],"picked":"SKIP","floor":23},{"not_picked":["Rage"],"picked":"SKIP","floor":27},{"not_picked":["Flame Barrier+1"],"picked":"SKIP","floor":28},{"not_picked":["True Grit"],"picked":"SKIP","floor":30},{"not_picked":["Body Slam"],"picked":"SKIP","floor":31},{"not_picked":["Battle Trance"],"picked":"SKIP","floor":35},{"not_picked":["Clash"],"picked":"SKIP","floor":37},{"not_picked":[],"picked":"Flex+1","floor":39},{"not_picked":["Flame Barrier"],"picked":"SKIP","floor":44},{"not_picked":["Seeing Red"],"picked":"SKIP","floor":46}],"player_experience":19366,"relics_obtained":[{"floor":7.0,"key":"Pantograph"},{"floor":9.0,"key":"MawBank"},{"floor":10.0,"key":"Dodecahedron"},{"floor":14.0,"key":"Regal Pillow"},{"floor":23,"key":"Shuriken"},{"floor":26,"key":"Pen Nib"},{"floor":27,"key":"Meat on the Bone"},{"floor":29,"key":"Charon\u0027s Ashes"},{"floor":43,"key":"Bag of Preparation"}],"event_choices":[{"damage_healed":0.0,"max_hp_gain":0.0,"max_hp_loss":0.0,"gold_gain":0.0,"event_name":"Shining Light","player_choice":"Entered Light","floor":3.0,"gold_loss":0.0,"damage_taken":18.0,"cards_upgraded":["Flex","Defend_R"]},{"cards_removed":["Strike_R"],"damage_healed":0.0,"max_hp_gain":0.0,"max_hp_loss":0.0,"gold_gain":0.0,"event_name":"Living Wall","player_choice":"Forget","floor":5.0,"gold_loss":0.0,"damage_taken":0.0},{"damage_healed":0,"gold_gain":0,"player_choice":"Inject Mutagens","damage_taken":0,"relics_obtained":["MutagenicStrength"],"max_hp_gain":0,"max_hp_loss":0,"event_name":"Drug Dealer","floor":19,"gold_loss":0},{"damage_healed":0,"gold_gain":200,"player_choice":"Gold","damage_taken":0,"max_hp_gain":0,"max_hp_loss":0,"event_name":"Wheel of Change","floor":21,"gold_loss":0},{"damage_healed":0,"gold_gain":0,"player_choice":"Ignored","damage_taken":0,"max_hp_gain":0,"max_hp_loss":0,"event_name":"The Mausoleum","floor":24,"gold_loss":0},{"damage_healed":0,"gold_gain":0,"player_choice":"Cursed","damage_taken":0,"max_hp_gain":0,"max_hp_loss":0,"event_name":"Wheel of Change","floor":36,"gold_loss":0,"cards_obtained":["Decay"]},{"damage_healed":0,"gold_gain":0,"player_choice":"Memory 1","damage_taken":0,"max_hp_gain":0,"max_hp_loss":0,"event_name":"SensoryStone","floor":42,"gold_loss":0},{"damage_healed":0,"gold_gain":0,"player_choice":"Max HP","damage_taken":0,"max_hp_gain":0,"max_hp_loss":4,"event_name":"Winding Halls","floor":48,"gold_loss":0}],"is_beta":false,"boss_relics":[{"not_picked":["Tiny House","Astrolabe"],"picked":"Busted Crown"},{"not_picked":["Mark of Pain","Velvet Choker"],"picked":"Fusion Hammer"}],"items_purged_floors":[8,38],"is_endless":false,"potions_floor_spawned":[2,12,14,20,23,27,30,37,39],"killed_by":"Awakened One","ascension_level":0}