{"gold_per_floor":[366,379,454,465,465,465,483,508,508,508],"floor_reached":10,"playtime":250,"items_purged":[],"score":68,"play_id":"695eddf8-fc55-49de-8bca-4901bfb130a1","local_time":"20190419171142","is_ascension_mode":false,"campfire_choices":[{"data":"Clash","floor":6.0,"key":"SMITH"}],"neow_cost":"PERCENT_DAMAGE","seed_source_timestamp":8375685634483,"circlet_count":0,"master_deck":["Strike_R","Strike_R","Strike_R","Strike_R","Strike_R","Defend_R","Defend_R","Defend_R","Defend_R","Bash+1","Clash+1","Uppercut","Inflame"],"special_seed":0,"relics":["Burning Blood","Bottled Flame","Ornamental Fan"],"potions_floor_usage":[],"damage_taken":[{"damage":0.0,"enemies":"2 Louse","floor":1.0,"turns":4.0},{"damage":1.0,"enemies":"Cultist","floor":2.0,"turns":4.0},{"damage":0.0,"enemies":"Small Slimes","floor":4.0,"turns":4.0},{"damage":0.0,"enemies":"Exordium Thugs","floor":7.0,"turns":3.0},{"damage":53,"enemies":"3 Sentries","floor":8,"turns":10},{"damage":26,"enemies":"Large Slime","floor":10,"turns":4}],"seed_played":"-102453693191341530","potions_obtained":[{"floor":2.0,"key":"AttackPotion"},{"floor":4.0,"key":"FearPotion"},{"floor":8,"key":"FearPotion"}],"is_trial":false,"path_per_floor":["M","M","?","M","?","R","M","E","T","M"],"character_chosen":"IRONCLAD","items_purchased":[],"campfire_rested":0,"item_purchase_floors":[],"current_hp_per_floor":[62,67,59,65,65,65,71,24,24,0],"gold":508,"neow_bonus":"TWO_FIFTY_GOLD","is_prod":false,"is_daily":false,"chose_seed":false,"campfire_upgraded":1,"win_rate":0,"timestamp":1555715502,"path_taken":["M","M","?","?","?","R","M","E","T","M"],"build_version":"2019-01-23","purchased_purges":0,"victory":false,"max_hp_per_floor":[80,80,80,80,80,80,80,80,80,80],"card_choices":[{"not_picked":["Warcry","Feel No Pain","Anger"],"picked":"SKIP","floor":1.0},{"not_picked":["Iron Wave","Pommel Strike","Warcry"],"picked":"SKIP","floor":2.0},{"not_picked":["Perfected Strike","Sword Boomerang"],"picked":"Clash","floor":4.0},{"not_picked":["Pommel Strike","Wild Strike"],"picked":"Uppercut","floor":7.0},{"not_picked":["Rupture","Searing Blow"],"picked":"Inflame","floor":8}],"player_experience":1259366,"relics_obtained":[{"floor":8,"key":"Bottled Flame"},{"floor":9,"key":"Ornamental Fan"}],"event_choices":[{"damage_healed":0.0,"max_hp_gain":0.0,"max_hp_loss":0.0,"gold_gain":75.0,"event_name":"FaceTrader","player_choice":"Touch","floor":3.0,"gold_loss":0.0,"damage_taken":8.0},{"damage_healed":0.0,"max_hp_gain":0.0,"max_hp_loss":0.0,"gold_gain":0.0,"event_name":"Accursed Blacksmith","player_choice":"Forge","floor":5.0,"gold_loss":0.0,"damage_taken":0.0,"cards_upgraded":["Bash"]}],"is_beta":false,"boss_relics":[],"items_purged_floors":[],"is_endless":false,"potions_floor_spawned":[2,4,8],"killed_by":"Large Slime","ascension_level":0}