{"gold_per_floor":[117,117,292,308,326,326,355,355,355,8,22,39,39,73,73,176,176,190,105,116,116,134,134,197,207,507,535,535,561,561,571,571,666,666,676,146,164,175,0,0,0,27,52,52,72,31,43,62,62,62],"floor_reached":51,"playtime":3366,"items_purged":["Doubt","Shame"],"score":847,"play_id":"36ff5663-6000-4534-b0c1-dac0de499240","local_time":"20190421235403","is_ascension_mode":false,"campfire_choices":[{"data":"Bash","floor":6,"key":"SMITH"},{"floor":8,"key":"REST"},{"data":"Bludgeon","floor":15,"key":"SMITH"},{"data":"Perfected Strike","floor":23,"key":"SMITH"},{"data":"Fiend Fire","floor":28,"key":"SMITH"},{"data":"Perfected Strike","floor":32,"key":"SMITH"},{"data":"Pommel Strike","floor":41,"key":"SMITH"},{"data":"Power Through","floor":44,"key":"SMITH"},{"floor":49,"key":"REST"}],"neow_cost":"PERCENT_DAMAGE","seed_source_timestamp":822230297341300,"circlet_count":0,"master_deck":["Strike_R","Strike_R","Strike_R","Strike_R+1","Strike_R","Defend_R","Defend_R","Bash+1","Discovery+1","Purity","Power Through+1","Iron Wave","Perfected Strike+1","Disarm+1","Feed","Shockwave+1","Bludgeon+1","Pommel Strike+1","Limit Break+1","Offering+1","Burning Pact+1","Clothesline+1","Discovery+1","Headbutt+1","Fiend Fire+1","Perfected Strike+1","True Grit+1","True Grit+1","True Grit+1","Reaper","Havoc+1","Impervious+1","Impervious+1","Burning Pact+1","Headbutt+1"],"relics":["Burning Blood","Toxic Egg 2","Matryoshka","Self Forming Clay","Cursed Key","The Courier","Tiny Chest","Regal Pillow","Old Coin","Sundial","Omamori","Empty Cage","Singing Bowl","Red Mask","Potion Belt","FossilizedHelix","Ginger","Red Skull"],"potions_floor_usage":[7,14,14,14,24,27,29,31,50,50,50],"damage_taken":[{"damage":11,"enemies":"Jaw Worm","floor":1,"turns":3},{"damage":1,"enemies":"Cultist","floor":4,"turns":3},{"damage":6,"enemies":"2 Louse","floor":5,"turns":3},{"damage":34,"enemies":"Lagavulin","floor":7,"turns":7},{"damage":5,"enemies":"Exordium Thugs","floor":11,"turns":10},{"damage":4,"enemies":"Blue Slaver","floor":12,"turns":5},{"damage":11,"enemies":"Gremlin Nob","floor":14,"turns":3},{"damage":12,"enemies":"Hexaghost","floor":16,"turns":10},{"damage":3,"enemies":"Shell Parasite","floor":18,"turns":6},{"damage":11,"enemies":"3 Byrds","floor":20,"turns":7},{"damage":3,"enemies":"Shelled Parasite and Fungi","floor":22,"turns":8},{"damage":8,"enemies":"Gremlin Leader","floor":24,"turns":5},{"damage":6,"enemies":"Snecko","floor":25,"turns":3},{"damage":25,"enemies":"Book of Stabbing","floor":27,"turns":6},{"damage":10,"enemies":"Slavers","floor":29,"turns":4},{"damage":6,"enemies":"Snake Plant","floor":31,"turns":1},{"damage":20,"enemies":"Champ","floor":33,"turns":22},{"damage":18,"enemies":"3 Shapes","floor":35,"turns":7},{"damage":6,"enemies":"Orb Walker","floor":37,"turns":3},{"damage":12,"enemies":"Transient","floor":38,"turns":5},{"damage":10,"enemies":"Nemesis","floor":42,"turns":9},{"damage":0,"enemies":"Maw","floor":45,"turns":6},{"damage":7,"enemies":"4 Shapes","floor":47,"turns":5},{"damage":16,"enemies":"Writhing Mass","floor":48,"turns":4},{"damage":26,"enemies":"Awakened One","floor":50,"turns":13}],"seed_played":"-7583519854875127584","potions_obtained":[{"floor":4,"key":"LiquidBronze"},{"floor":13,"key":"Strength Potion"},{"floor":13,"key":"Weak Potion"},{"floor":14,"key":"SkillPotion"},{"floor":24,"key":"Fire Potion"},{"floor":25,"key":"Fruit Juice"},{"floor":27,"key":"Poison Potion"},{"floor":31,"key":"GamblersBrew"},{"floor":33,"key":"Explosive Potion"},{"floor":35,"key":"AttackPotion"},{"floor":38,"key":"Weak Potion"},{"floor":42,"key":"Strength Potion"}],"is_trial":false,"path_per_floor":["M","?","?","M","M","R","E","R","T","$","M","M","?","E","R","B",null,"M","?","M","?","M","R","E","M","T","E","R","E","?","M","R","B",null,"M","$","M","M","?","T","R","E","T","R","M","$","M","M","R","B",null],"character_chosen":"IRONCLAD","items_purchased":["Feed","Shockwave+1","Energy Potion","Impervious+1","Impervious+1","Singing Bowl","PowerPotion"],"campfire_rested":2,"item_purchase_floors":[10,10,10,36,36,36,46],"current_hp_per_floor":[51,35,35,40,40,40,12,36,36,36,37,42,42,37,37,34,86,89,89,90,90,96,96,97,97,97,83,83,82,60,60,60,46,114,105,105,108,108,108,108,108,106,106,106,114,114,118,110,131,111],"gold":62,"neow_bonus":"RANDOM_COLORLESS_2","is_prod":false,"is_daily":false,"chose_seed":false,"campfire_upgraded":7,"win_rate":1,"timestamp":1555916043,"path_taken":["M","?","?","M","M","R","E","R","T","?","M","?","?","E","R","BOSS","M","?","M","?","M","R","E","?","T","E","R","E","?","M","R","BOSS","M","$","M","M","?","?","R","E","T","R","?","$","M","M","R","BOSS"],"build_version":"2019-01-23","purchased_purges":2,"victory":true,"max_hp_per_floor":[80,80,80,80,80,80,80,80,80,80,80,83,83,83,83,86,86,89,89,95,95,98,98,101,101,101,106,106,109,114,114,114,114,114,117,117,120,120,120,120,120,122,122,122,124,124,129,131,131,131],"card_choices":[{"not_picked":["Feel No Pain","Sword Boomerang"],"picked":"Power Through","floor":1},{"not_picked":["Cleave","Twin Strike"],"picked":"Iron Wave","floor":4},{"not_picked":["Cleave","Thunderclap"],"picked":"Perfected Strike","floor":5},{"not_picked":["Pommel Strike","Armaments"],"picked":"Disarm","floor":7},{"not_picked":["Clothesline","Cleave"],"picked":"Bludgeon","floor":11},{"not_picked":["Heavy Blade","Thunderclap"],"picked":"Pommel Strike","floor":12},{"not_picked":["Warcry+1","Berserk"],"picked":"Limit Break+1","floor":14},{"not_picked":["Dark Embrace","Demon Form"],"picked":"Offering+1","floor":16},{"not_picked":["Clash","Hemokinesis"],"picked":"Burning Pact+1","floor":18},{"not_picked":["Clash+1","Heavy Blade+1"],"picked":"Clothesline+1","floor":20},{"not_picked":["Seeing Red+1","Thunderclap"],"picked":"Headbutt+1","floor":22},{"not_picked":["Clothesline","Hemokinesis"],"picked":"Fiend Fire","floor":24},{"not_picked":["Clash","Sword Boomerang"],"picked":"Perfected Strike","floor":25},{"not_picked":["Infernal Blade+1","Cleave"],"picked":"True Grit+1","floor":27},{"not_picked":["Anger","Entrench+1"],"picked":"True Grit+1","floor":29},{"not_picked":["Cleave","Burning Pact+1"],"picked":"True Grit+1","floor":31},{"not_picked":["Double Tap+1","Brutality"],"picked":"Reaper","floor":33},{"not_picked":["Wild Strike+1","Iron Wave+1"],"picked":"Havoc+1","floor":35},{"not_picked":["Seeing Red+1","Carnage"],"picked":"Burning Pact+1","floor":37},{"not_picked":["Body Slam","Battle Trance+1"],"picked":"Headbutt+1","floor":38},{"not_picked":["Cleave","Dual Wield+1","Armaments+1"],"picked":"Singing Bowl","floor":42},{"not_picked":["Searing Blow+1","Heavy Blade","Anger"],"picked":"Singing Bowl","floor":45},{"not_picked":["Pommel Strike","Thunderclap","Berserk"],"picked":"Singing Bowl","floor":47},{"not_picked":["Flex+1","Clothesline+1","Bloodletting+1"],"picked":"Singing Bowl","floor":48}],"player_experience":494070,"relics_obtained":[{"floor":7,"key":"Toxic Egg 2"},{"floor":9,"key":"Matryoshka"},{"floor":14,"key":"Self Forming Clay"},{"floor":24,"key":"Tiny Chest"},{"floor":26,"key":"Regal Pillow"},{"floor":26,"key":"Old Coin"},{"floor":27,"key":"Sundial"},{"floor":29,"key":"Omamori"},{"floor":40,"key":"Potion Belt"},{"floor":40,"key":"FossilizedHelix"},{"floor":42,"key":"Ginger"},{"floor":43,"key":"Red Skull"}],"event_choices":[{"damage_healed":0,"gold_gain":0,"player_choice":"Entered Light","damage_taken":16,"max_hp_gain":0,"max_hp_loss":0,"event_name":"Shining Light","floor":2,"gold_loss":0,"cards_upgraded":["Discovery","Strike_R"]},{"damage_healed":0,"gold_gain":175,"player_choice":"AGREE","damage_taken":0,"max_hp_gain":0,"max_hp_loss":0,"event_name":"Liars Game","floor":3,"gold_loss":0,"cards_obtained":["Doubt"]},{"damage_healed":0,"gold_gain":0,"player_choice":"Got Potions","damage_taken":0,"max_hp_gain":0,"max_hp_loss":0,"event_name":"Lab","floor":13,"gold_loss":0},{"damage_healed":0,"gold_gain":0,"player_choice":"Obtained Relic","damage_taken":0,"relics_obtained":["The Courier"],"max_hp_gain":0,"max_hp_loss":0,"event_name":"Addict","floor":19,"gold_loss":85},{"damage_healed":0,"gold_gain":0,"player_choice":"Copied","damage_taken":0,"max_hp_gain":0,"max_hp_loss":0,"event_name":"Duplicator","floor":21,"gold_loss":0,"cards_obtained":["Discovery"]},{"damage_healed":0,"gold_gain":0,"player_choice":"Shed Blood","damage_taken":27,"max_hp_gain":5,"max_hp_loss":0,"event_name":"Forgotten Altar","floor":30,"gold_loss":0},{"damage_healed":0,"gold_gain":0,"player_choice":"Paid","damage_taken":0,"relics_obtained":["Red Mask"],"max_hp_gain":0,"max_hp_loss":0,"event_name":"Tomb of Lord Red Mask","floor":39,"gold_loss":175}],"is_beta":false,"boss_relics":[{"not_picked":["Black Blood","Eternal Feather"],"picked":"Cursed Key"},{"not_picked":["Tiny House","Pandora\u0027s Box"],"picked":"Empty Cage"}],"items_purged_floors":[10,36],"is_endless":false,"potions_floor_spawned":[4,14,24,25,27,31,33,35,38,42,48],"ascension_level":0}