{"gold_per_floor":[112,125,137,149,168,168,47,62,62,62,76,42,61,89,89,192,192,160,179,195,195,195,195,195,195],"floor_reached":25,"playtime":1374,"items_purged":[],"score":207,"play_id":"c3e19cd7-1558-4871-a475-318f583cfb84","local_time":"20190209011239","is_ascension_mode":false,"campfire_choices":[{"data":"Neutralize","floor":6,"key":"SMITH"},{"floor":15,"key":"REST"},{"floor":23,"key":"REST"}],"neow_cost":"NONE","seed_source_timestamp":442000748237908,"circlet_count":0,"master_deck":["Defend_G","Defend_G","Defend_G","Defend_G","Defend_G","Strike_G","Strike_G","Strike_G","Strike_G","Survivor","Neutralize+1","Slice","Prepared","Cloak And Dagger","Escape Plan","Distraction","Blade Dance","Infinite Blades+1","Backstab","Footwork","Slice","Grand Finale","Dash+1","Wraith Form v2"],"relics":["Ring of the Snake","NeowsBlessing","Art of War","Regal Pillow","Fusion Hammer"],"potions_floor_usage":[14,16,16],"damage_taken":[{"damage":0,"enemies":"Cultist","floor":1,"turns":1},{"damage":0,"enemies":"2 Louse","floor":2,"turns":1},{"damage":0,"enemies":"Jaw Worm","floor":3,"turns":1},{"damage":2,"enemies":"Blue Slaver","floor":4,"turns":5},{"damage":12,"enemies":"Gremlin Gang","floor":5,"turns":7},{"damage":0,"enemies":"Looter","floor":8,"turns":3},{"damage":5,"enemies":"Blue Slaver","floor":11,"turns":5},{"damage":0,"enemies":"Large Slime","floor":13,"turns":4},{"damage":17,"enemies":"Gremlin Nob","floor":14,"turns":5},{"damage":47,"enemies":"Hexaghost","floor":16,"turns":12},{"damage":24,"enemies":"2 Thieves","floor":18,"turns":5},{"damage":6,"enemies":"Chosen","floor":19,"turns":6},{"damage":22,"enemies":"Shelled Parasite and Fungi","floor":20,"turns":7},{"damage":0,"enemies":"3 Cultists","floor":25,"turns":1}],"seed_played":"-6600011936890716707","potions_obtained":[{"floor":1,"key":"Weak Potion"},{"floor":2,"key":"SteroidPotion"},{"floor":4,"key":"GhostInAJar"},{"floor":14,"key":"SkillPotion"},{"floor":18,"key":"Strength Potion"},{"floor":20,"key":"Poison Potion"}],"is_trial":false,"path_per_floor":["M","M","M","M","M","R","$","M","T","?","M","?","M","E","R","B",null,"M","M","M","$","?","R","$","M"],"character_chosen":"THE_SILENT","items_purchased":["Blade Dance","Infinite Blades"],"campfire_rested":2,"item_purchase_floors":[7,7],"current_hp_per_floor":[70,70,70,68,56,56,56,56,56,56,51,51,51,34,70,23,70,46,40,18,18,18,54,54,54],"gold":195,"neow_bonus":"THREE_ENEMY_KILL","is_prod":false,"is_daily":false,"chose_seed":false,"campfire_upgraded":1,"win_rate":0,"timestamp":1549696359,"path_taken":["M","M","?","M","M","R","$","M","T","?","?","?","M","E","R","BOSS","M","M","M","$","?","R","$","M"],"build_version":"2019-01-23","purchased_purges":0,"victory":false,"max_hp_per_floor":[70,70,70,70,70,70,70,70,70,70,70,70,70,70,70,70,70,70,70,70,70,70,70,70,70],"card_choices":[{"not_picked":["Tactician","Terror"],"picked":"Slice","floor":1},{"not_picked":["Tactician","Deflect"],"picked":"Prepared","floor":2},{"not_picked":["Backflip","Deflect"],"picked":"Cloak And Dagger","floor":3},{"not_picked":["Predator","Dodge and Roll"],"picked":"Escape Plan","floor":4},{"not_picked":["Sucker Punch","Terror"],"picked":"Distraction","floor":5},{"not_picked":["Outmaneuver","Quick Slash","Predator"],"picked":"SKIP","floor":8},{"not_picked":["Acrobatics","Dagger Spray"],"picked":"Backstab","floor":11},{"not_picked":["Bouncing Flask","Leg Sweep"],"picked":"Footwork","floor":13},{"not_picked":["PiercingWail","Malaise"],"picked":"Slice","floor":14},{"not_picked":["Phantasmal Killer","Malaise"],"picked":"Grand Finale","floor":16},{"not_picked":["Setup","Dagger Throw+1"],"picked":"Dash+1","floor":18},{"not_picked":["Predator","Poisoned Stab","Riddle With Holes+1"],"picked":"SKIP","floor":19},{"not_picked":["Terror","Backflip","Dash"],"picked":"SKIP","floor":20}],"player_experience":121224,"relics_obtained":[{"floor":9,"key":"Art of War"},{"floor":14,"key":"Regal Pillow"}],"event_choices":[{"damage_healed":0,"gold_gain":0,"player_choice":"Upgraded","damage_taken":0,"max_hp_gain":0,"max_hp_loss":0,"event_name":"Upgrade Shrine","floor":10,"gold_loss":0,"cards_upgraded":["Infinite Blades"]},{"damage_healed":0,"gold_gain":0,"player_choice":"Left Gold","damage_taken":0,"max_hp_gain":0,"max_hp_loss":0,"event_name":"World of Goop","floor":12,"gold_loss":34},{"damage_healed":0,"gold_gain":0,"cards_transformed":["Strike_G"],"player_choice":"Transformed","damage_taken":0,"max_hp_gain":0,"max_hp_loss":0,"event_name":"Transmorgrifier","floor":22,"gold_loss":0,"cards_obtained":["Wraith Form v2"]}],"is_beta":false,"boss_relics":[{"not_picked":["Eternal Feather","Black Star"],"picked":"Fusion Hammer"}],"items_purged_floors":[],"is_endless":false,"potions_floor_spawned":[1,2,4,5,14,18,20],"killed_by":"3 Cultists","ascension_level":0}