{"gold_per_floor":[111,36,56,36,52,83,83,94,94,57,57,89,105,115,115,115],"floor_reached":16,"playtime":990,"items_purged":["Strike_G"],"score":134,"play_id":"51a55360-53da-4ad0-b7db-bf35899b1441","local_time":"20190328201739","is_ascension_mode":true,"campfire_choices":[{"data":"Neutralize","floor":7,"key":"SMITH"},{"data":"Deadly Poison","floor":11,"key":"SMITH"},{"floor":15,"key":"REST"}],"neow_cost":"NONE","seed_source_timestamp":23441297508500,"circlet_count":0,"master_deck":["Defend_G","Defend_G","Defend_G","Defend_G+1","Defend_G+1","Strike_G","Strike_G","Strike_G","Strike_G","Survivor","Neutralize+1","Terror","Deadly Poison+1","Bouncing Flask","Dodge and Roll","Dash","Caltrops","After Image","Poisoned Stab"],"relics":["Ring of the Snake","War Paint","Pen Nib","Darkstone Periapt"],"potions_floor_usage":[6,8,12],"damage_taken":[{"damage":1,"enemies":"Small Slimes","floor":1,"turns":5},{"damage":1,"enemies":"Cultist","floor":3,"turns":4},{"damage":2,"enemies":"Jaw Worm","floor":5,"turns":5},{"damage":21,"enemies":"Gremlin Nob","floor":6,"turns":4},{"damage":0,"enemies":"3 Louse","floor":8,"turns":3},{"damage":3,"enemies":"Lagavulin","floor":12,"turns":7},{"damage":12,"enemies":"Lots of Slimes","floor":13,"turns":5},{"damage":29,"enemies":"Gremlin Gang","floor":14,"turns":7},{"damage":35,"enemies":"Slime Boss","floor":16,"turns":3}],"seed_played":"6521791492696807766","potions_obtained":[{"floor":3,"key":"AttackPotion"},{"floor":4,"key":"Explosive Potion"},{"floor":5,"key":"SkillPotion"},{"floor":6,"key":"Ancient Potion"}],"is_trial":false,"path_per_floor":["M","$","M","?","M","E","R","M","T","$","R","E","M","M","R","B"],"character_chosen":"THE_SILENT","items_purchased":["Caltrops"],"campfire_rested":1,"item_purchase_floors":[10],"current_hp_per_floor":[69,69,68,68,66,45,45,45,45,45,45,42,30,1,22,0],"gold":115,"neow_bonus":"THREE_CARDS","is_prod":false,"is_daily":false,"chose_seed":false,"campfire_upgraded":2,"win_rate":0,"timestamp":1553800659,"path_taken":["M","$","M","?","M","E","R","M","T","$","R","E","?","M","R","BOSS"],"build_version":"2019-01-23","purchased_purges":1,"victory":false,"max_hp_per_floor":[70,70,70,70,70,70,70,70,70,70,70,70,70,70,70,70],"card_choices":[{"not_picked":["Underhanded Strike","Acrobatics"],"picked":"Terror","floor":0},{"not_picked":["Dodge and Roll","Choke"],"picked":"Deadly Poison","floor":1},{"not_picked":["Tactician","Sucker Punch"],"picked":"Bouncing Flask","floor":3},{"not_picked":["Quick Slash","Cloak And Dagger"],"picked":"Dodge and Roll","floor":5},{"not_picked":["Choke","Blade Dance","Acrobatics"],"picked":"SKIP","floor":6},{"not_picked":["Bouncing Flask","Riddle With Holes"],"picked":"Dash","floor":8},{"not_picked":["Outmaneuver","Dagger Throw"],"picked":"After Image","floor":12},{"not_picked":["Finisher","Prepared","Eviscerate"],"picked":"SKIP","floor":13},{"not_picked":["Bouncing Flask","Blur"],"picked":"Poisoned Stab","floor":14}],"player_experience":442317,"relics_obtained":[{"floor":6,"key":"War Paint"},{"floor":9,"key":"Pen Nib"},{"floor":12,"key":"Darkstone Periapt"}],"event_choices":[{"damage_healed":0,"gold_gain":0,"player_choice":"Bought 1 Potion","damage_taken":0,"max_hp_gain":0,"max_hp_loss":0,"event_name":"The Woman in Blue","floor":4,"gold_loss":0}],"is_beta":false,"boss_relics":[],"items_purged_floors":[2],"is_endless":false,"potions_floor_spawned":[3,5,6],"killed_by":"Slime Boss","ascension_level":4}