{"gold_per_floor":[112,112,125,136,136,179,179,194,194,210,243,227,67,102,102,200,200,219,144,144,162,176,176,196,0,27,27,41,91,32,57,57,57],"floor_reached":33,"playtime":1604,"items_purged":["Strike_G"],"score":544,"play_id":"89480ec9-8bee-4e1d-acd8-96457b9a2c20","local_time":"20190226085315","is_ascension_mode":true,"campfire_choices":[{"floor":7,"key":"REST"},{"floor":15,"key":"REST"},{"data":"Well Laid Plans","floor":23,"key":"SMITH"},{"data":"Dodge and Roll","floor":27,"key":"SMITH"},{"floor":32,"key":"REST"}],"neow_cost":"NONE","seed_source_timestamp":1752018988500,"circlet_count":0,"master_deck":["AscendersBane","Defend_G","Defend_G","Defend_G","Defend_G","Defend_G","Strike_G+1","Survivor+1","Neutralize+1","Dagger Throw+1","Sucker Punch","Predator","Bouncing Flask","All Out Attack","PiercingWail","Dagger Spray","Predator","Bouncing Flask","Bullet Time","Dagger Spray+1","Malaise+1","Expertise+1","Dodge and Roll+1","Writhe","Well Laid Plans+1","Riddle With Holes","Deadly Poison","All Out Attack+1","Backflip","Cloak And Dagger"],"relics":["Ring of the Snake","Golden Idol","PreservedInsect","Whetstone","Darkstone Periapt","Vajra","Lantern","Astrolabe","Strawberry","Pen Nib"],"potions_floor_usage":[10,10,14,14,24,28,31,33],"damage_taken":[{"damage":0,"enemies":"Small Slimes","floor":1,"turns":5},{"damage":2,"enemies":"2 Louse","floor":3,"turns":3},{"damage":4,"enemies":"Jaw Worm","floor":4,"turns":5},{"damage":29,"enemies":"3 Sentries","floor":6,"turns":11},{"damage":5,"enemies":"Blue Slaver","floor":8,"turns":6},{"damage":0,"enemies":"Large Slime","floor":10,"turns":8},{"damage":7,"enemies":"Gremlin Nob","floor":11,"turns":3},{"damage":11,"enemies":"Exordium Thugs","floor":12,"turns":6},{"damage":0,"enemies":"3 Sentries","floor":14,"turns":4},{"damage":16,"enemies":"Hexaghost","floor":16,"turns":9},{"damage":6,"enemies":"Spheric Guardian","floor":18,"turns":3},{"damage":0,"enemies":"Chosen","floor":21,"turns":4},{"damage":17,"enemies":"Centurion and Healer","floor":22,"turns":10},{"damage":18,"enemies":"Shelled Parasite and Fungi","floor":24,"turns":7},{"damage":6,"enemies":"Chosen and Byrds","floor":28,"turns":6},{"damage":5,"enemies":"3 Cultists","floor":31,"turns":4},{"damage":71,"enemies":"Automaton","floor":33,"turns":6}],"seed_played":"-3491335252230724287","potions_obtained":[{"floor":3,"key":"GamblersBrew"},{"floor":8,"key":"SkillPotion"},{"floor":10,"key":"Swift Potion"},{"floor":12,"key":"Swift Potion"},{"floor":16,"key":"AttackPotion"},{"floor":22,"key":"Block Potion"},{"floor":24,"key":"AttackPotion"},{"floor":28,"key":"SkillPotion"}],"is_trial":false,"path_per_floor":["M","?","M","M","?","E","R","M","T","M","E","M","$","E","R","B",null,"M","$","?","M","M","R","M","?","T","R","M","?","$","M","R","B"],"character_chosen":"THE_SILENT","items_purchased":["Vajra","Backflip"],"campfire_rested":3,"item_purchase_floors":[13,30],"current_hp_per_floor":[65,43,41,37,37,8,27,22,22,22,15,4,4,4,23,7,51,45,45,58,58,41,41,23,23,23,23,17,17,17,12,35,0],"gold":57,"neow_bonus":"TEN_PERCENT_HP_BONUS","is_prod":false,"is_daily":false,"chose_seed":false,"campfire_upgraded":2,"win_rate":0,"timestamp":1551167595,"path_taken":["M","?","M","M","?","E","R","M","T","M","E","M","$","E","R","BOSS","M","$","?","M","M","R","M","?","T","R","M","?","?","M","R","BOSS"],"build_version":"2019-01-23","purchased_purges":1,"victory":false,"max_hp_per_floor":[72,72,72,72,65,65,65,65,65,65,65,65,65,65,65,65,65,65,65,78,78,78,78,78,78,78,78,78,78,78,78,78,78],"card_choices":[{"not_picked":["Bane","Blade Dance"],"picked":"Dagger Throw","floor":1},{"not_picked":["Finisher","Outmaneuver"],"picked":"Sucker Punch","floor":3},{"not_picked":["Dagger Throw","Deflect"],"picked":"Predator","floor":4},{"not_picked":["Quick Slash","Crippling Poison"],"picked":"Bouncing Flask","floor":6},{"not_picked":["Bouncing Flask","Tactician"],"picked":"All Out Attack","floor":8},{"not_picked":["Quick Slash","Finisher"],"picked":"PiercingWail","floor":10},{"not_picked":["Storm of Steel","Grand Finale"],"picked":"Dagger Spray","floor":11},{"not_picked":["Prepared","Calculated Gamble"],"picked":"Predator","floor":12},{"not_picked":["Flechettes","Dagger Spray"],"picked":"Bouncing Flask","floor":14},{"not_picked":["Phantasmal Killer","Storm of Steel"],"picked":"Bullet Time","floor":16},{"not_picked":["Flying Knee","Eviscerate"],"picked":"Dodge and Roll","floor":18},{"not_picked":["Outmaneuver","Dodge and Roll"],"picked":"Well Laid Plans","floor":21},{"not_picked":["PiercingWail","Underhanded Strike"],"picked":"Riddle With Holes","floor":22},{"not_picked":["Dagger Throw","Blade Dance"],"picked":"Deadly Poison","floor":24},{"not_picked":["Choke","Poisoned Stab"],"picked":"All Out Attack+1","floor":28},{"not_picked":["Poisoned Stab","Eviscerate"],"picked":"Cloak And Dagger","floor":31}],"player_experience":520240,"relics_obtained":[{"floor":6,"key":"PreservedInsect"},{"floor":9,"key":"Whetstone"},{"floor":11,"key":"Darkstone Periapt"},{"floor":14,"key":"Lantern"},{"floor":26,"key":"Pen Nib"}],"event_choices":[{"damage_healed":0,"gold_gain":0,"player_choice":"Entered Light","damage_taken":22,"max_hp_gain":0,"max_hp_loss":0,"event_name":"Shining Light","floor":2,"gold_loss":0,"cards_upgraded":["Neutralize","Survivor"]},{"damage_healed":0,"gold_gain":0,"player_choice":"Lose Max HP","damage_taken":0,"relics_obtained":["Golden Idol"],"max_hp_gain":0,"max_hp_loss":7,"event_name":"Golden Idol","floor":5,"gold_loss":0},{"damage_healed":0,"gold_gain":0,"player_choice":"Opened","damage_taken":0,"relics_obtained":["Strawberry"],"max_hp_gain":0,"max_hp_loss":0,"event_name":"The Mausoleum","floor":20,"gold_loss":0,"cards_obtained":["Writhe"]},{"damage_healed":0,"gold_gain":0,"player_choice":"Paid Fearfully","damage_taken":0,"max_hp_gain":0,"max_hp_loss":0,"event_name":"Masked Bandits","floor":25,"gold_loss":196},{"damage_healed":0,"gold_gain":50,"player_choice":"Stole From Cult","damage_taken":0,"max_hp_gain":0,"max_hp_loss":0,"event_name":"Nest","floor":29,"gold_loss":0}],"is_beta":false,"boss_relics":[{"not_picked":["Ring of the Serpent","White Beast Statue"],"picked":"Astrolabe"}],"items_purged_floors":[19],"is_endless":false,"potions_floor_spawned":[3,8,10,12,16,22,24,28],"killed_by":"Automaton","ascension_level":17}