{"path_per_floor":["M","M","M","M","M","R","?","R","T","E","$","M","?","M","R","B",null,"M","?","?","$","M","?","M","M","T","$","$","R","M"],"character_chosen":"IRONCLAD","items_purchased":["Pommel Strike","True Grit"],"gold_per_floor":[111,123,142,158,171,171,121,121,121,152,53,66,66,81,81,207,207,231,156,156,9,33,33,52,77,77,77,77,77,102],"floor_reached":31,"campfire_rested":0,"playtime":1212,"current_hp_per_floor":[80,80,80,80,80,80,80,80,80,59,59,56,56,58,58,29,80,62,62,62,62,54,54,33,39,39,39,39,39,30],"items_purged":["Strike_R","Strike_R"],"gold":102,"score":239,"play_id":"0d8e3264-2194-41ce-933d-147e7caac85b","local_time":"20180321225312","is_prod":false,"is_daily":false,"is_ascension_mode":false,"campfire_upgraded":4,"timestamp":1521643992,"path_taken":["M","M","M","M","M","R","?","R","T","E","$","M","?","M","R","BOSS","M","?","?","$","M","?","?","M","T","?","$","R","M","M"],"build_version":"2018-03-15v3","purchased_purges":2,"victory":false,"master_deck":["Defend_R","Defend_R","Defend_R","Defend_R","Bash+1","Sentinel","Battle Trance","Thunderclap","Spot Weakness","Heavy Blade+1","Intimidate","Pommel Strike+1","Whirlwind+1","Exhume","Rupture","True Grit+1","Shrug It Off","Headbutt","Uppercut+1"],"max_hp_per_floor":[80,80,80,80,80,80,80,80,80,80,80,80,80,80,80,80,80,80,80,80,80,80,80,80,80,80,80,80,80,80],"relics":["Burning Blood","Ancient Tea Set","Unceasing Top","Omamori","Golden Idol","Cursed Key","Frozen Eye"],"card_choices":[{"not_picked":["Combust","Iron Wave"],"picked":"Sentinel"},{"not_picked":["Twin Strike","Thunderclap"],"picked":"Battle Trance"},{"not_picked":["Clothesline","Wild Strike"],"picked":"Thunderclap"},{"not_picked":["Body Slam","Sword Boomerang"],"picked":"Spot Weakness"},{"not_picked":["Second Wind","Feed"],"picked":"Heavy Blade"},{"not_picked":["Wild Strike","Disarm"],"picked":"Intimidate"},{"not_picked":["Cleave","Burning Pact"],"picked":"Whirlwind"},{"not_picked":["Juggernaut","Berserk"],"picked":"Exhume"},{"not_picked":["Thunderclap","Dropkick"],"picked":"Rupture"},{"not_picked":["Entrench","Perfected Strike"],"picked":"Shrug It Off"},{"not_picked":["Iron Wave","Uppercut"],"picked":"Headbutt"},{"not_picked":["Disarm","Pommel Strike"],"picked":"Uppercut"}],"player_experience":351181,"potions_floor_usage":[16,22,31,31],"damage_taken":[{"damage":2,"enemies":"2 Louse","floor":1,"turns":3},{"damage":6,"enemies":"Jaw Worm","floor":2,"turns":4},{"damage":0,"enemies":"Small Slimes","floor":3,"turns":3},{"damage":6,"enemies":"3 Louse","floor":4,"turns":4},{"damage":5,"enemies":"Exordium Thugs","floor":5,"turns":4},{"damage":27,"enemies":"Gremlin Nob","floor":10,"turns":4},{"damage":9,"enemies":"Looter","floor":12,"turns":4},{"damage":4,"enemies":"Blue Slaver","floor":14,"turns":2},{"damage":35,"enemies":"Hexaghost","floor":16,"turns":8},{"damage":24,"enemies":"Spheric Guardian","floor":18,"turns":4},{"damage":14,"enemies":"3 Byrds","floor":22,"turns":5},{"damage":27,"enemies":"Snecko","floor":24,"turns":5},{"damage":0,"enemies":"Centurion and Healer","floor":25,"turns":2},{"damage":15,"enemies":"Snake Plant","floor":30,"turns":4},{"damage":30,"enemies":"Cultist and Chosen","floor":31,"turns":4}],"event_choices":[{"event_name":"The Cleric","player_choice":"Card Removal","floor":7,"damage_taken":0},{"event_name":"Golden Idol","player_choice":"Take Wound","floor":13,"damage_taken":0},{"event_name":"Beggar","player_choice":"Gave Gold","floor":19,"damage_taken":0},{"event_name":"Purifier","player_choice":"One Purge","floor":20,"damage_taken":0},{"event_name":"Upgrade Shrine","player_choice":"Upgraded","floor":23,"damage_taken":0}],"boss_relics":[{"not_picked":["Velvet Choker","Calling Bell"],"picked":"Cursed Key"}],"potions_floor_spawned":[1,4,5,10,18,30],"seed_played":"1407684953131715586","killed_by":"Cultist and Chosen","ascension_level":0,"is_trial":false}