{"gold_per_floor":[214,32,32,132,146,175,186,199,253,253,253,278,54,79,79,79],"floor_reached":16,"playtime":724,"items_purged":["Strike_G"],"score":128,"play_id":"d82b9a49-4593-4a5a-acfb-029e49c4650f","local_time":"20190403233633","is_ascension_mode":true,"campfire_choices":[{"floor":15,"key":"REST"}],"neow_cost":"NONE","seed_source_timestamp":1184351321800,"circlet_count":0,"master_deck":["Defend_G","Defend_G","Defend_G","Defend_G","Defend_G","Strike_G","Strike_G","Strike_G","Strike_G","Survivor","Neutralize","Poisoned Stab","Bouncing Flask","Caltrops","Dagger Spray","Crippling Poison","Terror","Backstab","Injury","Backstab","Footwork","Backstab","Bouncing Flask"],"relics":["Ring of the Snake","Sundial","Dream Catcher","Golden Idol","Anchor","Potion Belt"],"potions_floor_usage":[8,16],"damage_taken":[{"damage":2,"enemies":"Cultist","floor":1,"turns":5},{"damage":0,"enemies":"Small Slimes","floor":5,"turns":4},{"damage":21,"enemies":"Lagavulin","floor":6,"turns":8},{"damage":4,"enemies":"Jaw Worm","floor":7,"turns":4},{"damage":11,"enemies":"Looter","floor":8,"turns":3},{"damage":1,"enemies":"3 Louse","floor":12,"turns":2},{"damage":0,"enemies":"Blue Slaver","floor":14,"turns":2},{"damage":45,"enemies":"Slime Boss","floor":16,"turns":11}],"seed_played":"6359079680080918722","potions_obtained":[{"floor":5,"key":"SpeedPotion"},{"floor":6,"key":"SkillPotion"},{"floor":7,"key":"Weak Potion"}],"is_trial":false,"path_per_floor":["M","$","?","?","M","E","M","M","T","?","?","M","$","M","R","B"],"character_chosen":"THE_SILENT","items_purchased":["Bouncing Flask","Caltrops","Footwork","Potion Belt"],"campfire_rested":1,"item_purchase_floors":[2,2,13,13],"current_hp_per_floor":[68,68,68,68,68,47,43,32,32,32,25,24,24,24,45,0],"gold":79,"neow_bonus":"HUNDRED_GOLD","is_prod":false,"is_daily":false,"chose_seed":false,"campfire_upgraded":0,"win_rate":0,"timestamp":1554327393,"path_taken":["M","$","?","?","M","E","M","?","T","?","?","M","$","M","R","BOSS"],"build_version":"2019-01-23","purchased_purges":1,"victory":false,"max_hp_per_floor":[70,70,70,70,70,70,70,70,70,70,70,70,70,70,70,70],"card_choices":[{"not_picked":["Flying Knee","Backflip"],"picked":"Poisoned Stab","floor":1},{"not_picked":["Deflect","Flying Knee"],"picked":"Dagger Spray","floor":5},{"not_picked":["Reflex","Quick Slash"],"picked":"Crippling Poison","floor":6},{"not_picked":["Endless Agony","Backflip"],"picked":"Terror","floor":7},{"not_picked":["Endless Agony","PiercingWail"],"picked":"Backstab","floor":8},{"not_picked":["Quick Slash","Skewer"],"picked":"Backstab","floor":12},{"not_picked":["Poisoned Stab","Deadly Poison"],"picked":"Backstab","floor":14},{"not_picked":["Bane","Underhanded Strike"],"picked":"Bouncing Flask","floor":15}],"player_experience":542458,"relics_obtained":[{"floor":6,"key":"Sundial"},{"floor":9,"key":"Dream Catcher"}],"event_choices":[{"damage_healed":0,"gold_gain":0,"player_choice":"Leave","damage_taken":0,"max_hp_gain":0,"max_hp_loss":0,"event_name":"The Cleric","floor":3,"gold_loss":0},{"damage_healed":0,"gold_gain":100,"player_choice":"Pray","damage_taken":0,"max_hp_gain":0,"max_hp_loss":0,"event_name":"Golden Shrine","floor":4,"gold_loss":0},{"damage_healed":0,"gold_gain":0,"player_choice":"Take Wound","damage_taken":0,"relics_obtained":["Golden Idol"],"max_hp_gain":0,"max_hp_loss":0,"event_name":"Golden Idol","floor":10,"gold_loss":0,"cards_obtained":["Injury"]},{"damage_healed":0,"gold_gain":0,"player_choice":"Success","damage_taken":7,"relics_obtained":["Anchor"],"max_hp_gain":0,"max_hp_loss":0,"event_name":"Scrap Ooze","floor":11,"gold_loss":0}],"is_beta":false,"boss_relics":[],"items_purged_floors":[2],"is_endless":false,"potions_floor_spawned":[5,6,7],"killed_by":"Slime Boss","ascension_level":5}