{"gold_per_floor":[112,124,124,139,157,157,9,9,35,47,59,71,83,119,131,273,285,285,151,151,26,26,26,26,26,26,26,26,26,26,26,26,26,26,26,26,26,26,26,26,26,26,26,26,26,26,26,26,26,26],"floor_reached":51,"playtime":1176,"items_purged":["Defend_R","Strike_R","Strike_R"],"score":707,"play_id":"29e9aec7-04c8-4447-9374-a832b6d4de47","local_time":"20190420160138","is_ascension_mode":false,"campfire_choices":[{"data":"Normality","floor":6.0,"key":"PURGE"},{"data":"Strike_R","floor":8.0,"key":"PURGE"},{"data":"Strike_R","floor":11.0,"key":"PURGE"},{"data":"Strike_R","floor":13.0,"key":"PURGE"},{"data":"Rampage","floor":15.0,"key":"SMITH"},{"data":"Defend_R","floor":23.0,"key":"PURGE"},{"data":"Whirlwind","floor":30.0,"key":"PURGE"},{"data":"Clothesline","floor":32.0,"key":"PURGE"},{"data":"Rampage","floor":40,"key":"SMITH"},{"data":"Defend_R","floor":46,"key":"SMITH"},{"data":"Defend_R+1","floor":49,"key":"PURGE"}],"neow_cost":"CURSE","seed_source_timestamp":4087914189794,"circlet_count":0,"master_deck":["Rampage+1","Rampage+1","Thunderclap+1","Shrug It Off+1","Rampage+1"],"special_seed":0,"relics":["Burning Blood","Peace Pipe","MawBank","Anchor","Golden Idol","Ectoplasm","Nunchaku","Mummified Hand","Velvet Choker","Darkstone Periapt","Calipers"],"potions_floor_usage":[50],"damage_taken":[{"damage":11.0,"enemies":"Jaw Worm","floor":1.0,"turns":4.0},{"damage":1.0,"enemies":"Cultist","floor":2.0,"turns":4.0},{"damage":5.0,"enemies":"2 Louse","floor":4.0,"turns":3.0},{"damage":4.0,"enemies":"2 Fungi Beasts","floor":5.0,"turns":4.0},{"damage":6.0,"enemies":"Large Slime","floor":14.0,"turns":5.0},{"damage":37.0,"enemies":"Hexaghost","floor":16.0,"turns":9.0},{"damage":7.0,"enemies":"Chosen","floor":18.0,"turns":5.0},{"damage":14.0,"enemies":"Shell Parasite","floor":20.0,"turns":5.0},{"damage":50.0,"enemies":"Sentry and Sphere","floor":22.0,"turns":7.0},{"damage":3.0,"enemies":"Gremlin Leader","floor":24.0,"turns":5.0},{"damage":15.0,"enemies":"Snake Plant","floor":25.0,"turns":4.0},{"damage":5.0,"enemies":"Centurion and Healer","floor":29.0,"turns":4.0},{"damage":0.0,"enemies":"Cultist and Chosen","floor":31.0,"turns":4.0},{"damage":17.0,"enemies":"Collector","floor":33.0,"turns":6.0},{"damage":10.0,"enemies":"3 Darklings","floor":35.0,"turns":4.0},{"damage":12,"enemies":"Orb Walker","floor":41,"turns":3},{"damage":0,"enemies":"3 Darklings","floor":44,"turns":3},{"damage":21,"enemies":"Mind Bloom Boss Battle","floor":45,"turns":4},{"damage":3,"enemies":"4 Shapes","floor":47,"turns":3},{"damage":0,"enemies":"Spire Growth","floor":48,"turns":3},{"damage":30,"enemies":"Donu and Deca","floor":50,"turns":5}],"seed_played":"7052531574737611421","potions_obtained":[{"floor":1.0,"key":"LiquidBronze"},{"floor":4.0,"key":"SkillPotion"},{"floor":20.0,"key":"Dexterity Potion"},{"floor":22.0,"key":"EssenceOfSteel"},{"floor":31.0,"key":"EssenceOfSteel"},{"floor":33.0,"key":"FearPotion"},{"floor":35.0,"key":"PowerPotion"},{"floor":42,"key":"Regen Potion"},{"floor":42,"key":"SmokeBomb"}],"is_trial":false,"path_per_floor":["M","M","?","M","M","R","$","R","T","?","R","?","R","M","R","B",null,"M","$","M","$","M","R","E","M","T","?","?","M","R","M","R","B",null,"M","?","$","?","?","R","M","?","T","M","?","R","M","M","R","B",null],"character_chosen":"IRONCLAD","items_purchased":["Rampage","Whirlwind"],"campfire_rested":0,"item_purchase_floors":[7,19],"current_hp_per_floor":[75,80,80,80,80,80,80,80,80,62,62,42,42,42,42,11,80,79,79,71,71,27,27,30,21,21,21,47,48,48,54,54,43,80,76,76,76,76,76,76,70,70,70,76,61,61,64,70,70,46],"gold":26,"neow_bonus":"ONE_RARE_RELIC","is_prod":false,"is_daily":false,"chose_seed":false,"campfire_upgraded":3,"win_rate":0,"timestamp":1555797698,"path_taken":["M","M","?","M","?","R","?","R","T","?","R","?","R","M","R","BOSS","M","$","M","$","M","R","E","M","T","?","?","M","R","M","R","BOSS","M","?","$","?","?","R","?","?","T","?","?","R","M","M","R","BOSS"],"build_version":"2019-01-23","purchased_purges":3,"victory":true,"max_hp_per_floor":[80,80,80,80,80,80,80,80,80,80,80,80,80,80,80,80,80,80,80,80,80,80,80,80,80,80,80,80,80,80,80,80,80,80,80,80,80,80,80,80,80,80,80,80,80,80,80,80,80,80],"card_choices":[{"not_picked":["Perfected Strike","Thunderclap","Burning Pact"],"picked":"SKIP","floor":1.0},{"not_picked":["Battle Trance","Iron Wave","Anger"],"picked":"SKIP","floor":2.0},{"not_picked":["Barricade","Combust","Cleave"],"picked":"SKIP","floor":4.0},{"not_picked":["Anger","Infernal Blade"],"picked":"Clothesline","floor":5.0},{"not_picked":["Reckless Charge","Bloodletting","Havoc"],"picked":"SKIP","floor":14.0},{"not_picked":["Feel No Pain","Havoc","Flex"],"picked":"SKIP","floor":18.0},{"not_picked":["Twin Strike","Ghostly Armor","Havoc"],"picked":"SKIP","floor":20.0},{"not_picked":["Dual Wield","Twin Strike","Heavy Blade+1"],"picked":"SKIP","floor":22.0},{"not_picked":["Feel No Pain","Demon Form","Corruption"],"picked":"SKIP","floor":24.0},{"not_picked":["Feel No Pain","Demon Form","Corruption"],"picked":"SKIP","floor":24.0},{"not_picked":["Heavy Blade+1","Body Slam","Sword Boomerang+1"],"picked":"SKIP","floor":25.0},{"not_picked":["Sentinel","Twin Strike"],"picked":"Rampage","floor":29.0},{"not_picked":["Sentinel","Hemokinesis","Pommel Strike"],"picked":"SKIP","floor":31.0},{"not_picked":["Pummel+1","Entrench+1"],"picked":"Thunderclap+1","floor":35.0},{"not_picked":["Fire Breathing","Rage+1"],"picked":"Shrug It Off+1","floor":41},{"not_picked":["Burning Pact+1","Combust+1","Headbutt+1"],"picked":"SKIP","floor":44},{"not_picked":["Perfected Strike+1","Uppercut","Spot Weakness"],"picked":"SKIP","floor":47},{"not_picked":["Havoc+1","Flex"],"picked":"Rampage+1","floor":48}],"player_experience":1270063,"relics_obtained":[{"floor":9.0,"key":"MawBank"},{"floor":24.0,"key":"Nunchaku"},{"floor":26.0,"key":"Mummified Hand"},{"floor":43,"key":"Darkstone Periapt"},{"floor":45,"key":"Calipers"}],"event_choices":[{"damage_healed":0.0,"max_hp_gain":0.0,"max_hp_loss":0.0,"gold_gain":0.0,"event_name":"Match and Keep!","player_choice":"0 cards matched","floor":3.0,"gold_loss":0.0,"damage_taken":0.0,"cards_obtained":[]},{"damage_healed":0.0,"max_hp_gain":0.0,"max_hp_loss":0.0,"gold_gain":0.0,"event_name":"Scrap Ooze","player_choice":"Success","floor":10.0,"gold_loss":0.0,"damage_taken":18.0,"relics_obtained":["Anchor"]},{"damage_healed":0.0,"max_hp_gain":0.0,"max_hp_loss":0.0,"gold_gain":0.0,"event_name":"Golden Idol","player_choice":"Take Damage","floor":12.0,"gold_loss":0.0,"damage_taken":20.0,"relics_obtained":["Golden Idol"]},{"damage_healed":0.0,"max_hp_gain":0.0,"max_hp_loss":0.0,"gold_gain":0.0,"event_name":"Vampires","player_choice":"Ignored","floor":27.0,"gold_loss":0.0,"damage_taken":0.0},{"damage_healed":26.0,"max_hp_gain":0.0,"max_hp_loss":0.0,"gold_gain":0.0,"event_name":"The Library","player_choice":"Heal","floor":28.0,"gold_loss":0.0,"damage_taken":0.0},{"cards_removed":["Bash"],"damage_healed":0.0,"max_hp_gain":0.0,"max_hp_loss":0.0,"gold_gain":0.0,"event_name":"Falling","player_choice":"Removed Attack","floor":36.0,"gold_loss":0.0,"damage_taken":0.0},{"damage_healed":0,"gold_gain":0,"player_choice":"Ignored","damage_taken":0,"max_hp_gain":0,"max_hp_loss":0,"event_name":"Mysterious Sphere","floor":38,"gold_loss":0},{"cards_removed":["Defend_R"],"damage_healed":0,"gold_gain":0,"player_choice":"Card Removal","damage_taken":0,"max_hp_gain":0,"max_hp_loss":0,"event_name":"Wheel of Change","floor":39,"gold_loss":0},{"damage_healed":0,"gold_gain":0,"player_choice":"Got Potions","damage_taken":0,"max_hp_gain":0,"max_hp_loss":0,"event_name":"Lab","floor":42,"gold_loss":0},{"damage_healed":0,"gold_gain":0,"player_choice":"Fight","damage_taken":0,"max_hp_gain":0,"max_hp_loss":0,"event_name":"MindBloom","floor":45,"gold_loss":0}],"is_beta":false,"boss_relics":[{"not_picked":["Runic Cube","Snecko Eye"],"picked":"Ectoplasm"},{"not_picked":["White Beast Statue","Philosopher\u0027s Stone"],"picked":"Velvet Choker"}],"items_purged_floors":[7,19,21],"is_endless":false,"potions_floor_spawned":[1,4,20,22,31,33,35,44,47,48],"ascension_level":0}