{"gold_per_floor":[113,39,59,73,73,73,93,93,163,176,208,221,221,254,254,356,356,373,386,403,403,413,413,444,461,461,386,386,44,55,55,55,55],"floor_reached":33,"playtime":6344,"items_purged":["Defend_G"],"score":349,"play_id":"91564117-bb6b-4242-9f2f-5caaba043025","local_time":"20190416001432","is_ascension_mode":true,"campfire_choices":[{"data":"Neutralize","floor":6,"key":"SMITH"},{"data":"Dodge and Roll","floor":8,"key":"SMITH"},{"floor":13,"key":"REST"},{"data":"Riddle With Holes","floor":15,"key":"SMITH"},{"floor":23,"key":"REST"},{"floor":28,"key":"REST"},{"floor":32,"key":"REST"}],"neow_cost":"NONE","seed_source_timestamp":18911820381800,"circlet_count":0,"master_deck":["Defend_G","Defend_G","Defend_G","Defend_G","Strike_G","Strike_G","Survivor","Neutralize+1","Poisoned Stab","Dodge and Roll+1","Deadly Poison","Riddle With Holes+1","Deadly Poison","All Out Attack","Flying Knee+1","Die Die Die+1","Terror","PiercingWail","Burst","Prepared+1","Calculated Gamble+1","Cloak And Dagger+1","Acrobatics","Sucker Punch+1","Noxious Fumes","Poisoned Stab+1"],"relics":["Ring of the Snake","Molten Egg 2","Boot","Smiling Mask","Sozu","Lantern","Matryoshka","Ninja Scroll","Sundial"],"potions_floor_usage":[16,18,24],"damage_taken":[{"damage":5,"enemies":"2 Louse","floor":1,"turns":5},{"damage":2,"enemies":"Jaw Worm","floor":3,"turns":4},{"damage":0,"enemies":"Cultist","floor":4,"turns":3},{"damage":7,"enemies":"3 Louse","floor":7,"turns":4},{"damage":4,"enemies":"2 Fungi Beasts","floor":10,"turns":2},{"damage":10,"enemies":"Lagavulin","floor":11,"turns":5},{"damage":4,"enemies":"Blue Slaver","floor":12,"turns":3},{"damage":8,"enemies":"3 Sentries","floor":14,"turns":4},{"damage":9,"enemies":"Slime Boss","floor":16,"turns":8},{"damage":11,"enemies":"Spheric Guardian","floor":18,"turns":5},{"damage":0,"enemies":"Shell Parasite","floor":19,"turns":4},{"damage":24,"enemies":"3 Cultists","floor":20,"turns":5},{"damage":19,"enemies":"Cultist and Chosen","floor":22,"turns":5},{"damage":30,"enemies":"Slavers","floor":24,"turns":5},{"damage":0,"enemies":"Centurion and Healer","floor":25,"turns":6},{"damage":0,"enemies":"3 Cultists","floor":30,"turns":4},{"damage":94,"enemies":"Automaton","floor":33,"turns":6}],"seed_played":"8295310857257412752","potions_obtained":[{"floor":1,"key":"Block Potion"},{"floor":3,"key":"LiquidBronze"},{"floor":12,"key":"SteroidPotion"},{"floor":14,"key":"AttackPotion"}],"is_trial":false,"path_per_floor":["M","$","M","M","?","R","M","R","T","M","E","M","R","E","R","B",null,"M","M","M","?","M","R","E","M","T","?","R","$","M","?","R","B"],"character_chosen":"THE_SILENT","items_purchased":["Dodge and Roll","Deadly Poison","Ninja Scroll","Noxious Fumes"],"campfire_rested":4,"item_purchase_floors":[2,2,29,29],"current_hp_per_floor":[72,72,70,70,63,63,56,56,56,52,42,38,61,53,53,44,69,58,58,34,34,15,38,8,8,8,8,31,31,31,31,54,0],"gold":55,"neow_bonus":"TEN_PERCENT_HP_BONUS","is_prod":false,"is_daily":false,"chose_seed":false,"campfire_upgraded":3,"win_rate":0,"timestamp":1555366472,"path_taken":["M","$","M","M","?","R","M","R","T","M","E","M","R","E","R","BOSS","M","M","M","?","?","R","E","M","T","?","R","$","M","?","R","BOSS"],"build_version":"2019-01-23","purchased_purges":1,"victory":false,"max_hp_per_floor":[77,77,77,77,77,77,77,77,77,77,77,77,77,77,77,77,77,77,77,77,77,77,77,77,77,77,77,77,77,77,77,77,77],"card_choices":[{"not_picked":["Riddle With Holes","Predator"],"picked":"Poisoned Stab","floor":1},{"not_picked":["Sucker Punch","Acrobatics"],"picked":"Riddle With Holes","floor":3},{"not_picked":["Outmaneuver","Masterful Stab"],"picked":"Deadly Poison","floor":4},{"not_picked":["Sucker Punch","Poisoned Stab"],"picked":"All Out Attack","floor":7},{"not_picked":["Poisoned Stab+1","Bane+1"],"picked":"Flying Knee+1","floor":10},{"not_picked":["Setup","Deadly Poison"],"picked":"Die Die Die+1","floor":11},{"not_picked":["Poisoned Stab+1","Tactician"],"picked":"Terror","floor":12},{"not_picked":["Finisher+1","Grand Finale+1"],"picked":"PiercingWail","floor":14},{"not_picked":["Envenom","Wraith Form v2"],"picked":"Burst","floor":16},{"not_picked":["Distraction+1","Infinite Blades"],"picked":"Prepared+1","floor":18},{"not_picked":["Setup","Outmaneuver"],"picked":"Calculated Gamble+1","floor":19},{"not_picked":["Tactician","Infinite Blades"],"picked":"Cloak And Dagger+1","floor":20},{"not_picked":["Dagger Spray+1","Acrobatics","Reflex"],"picked":"SKIP","floor":22},{"not_picked":["Flying Knee+1","Quick Slash+1"],"picked":"Sucker Punch+1","floor":24},{"not_picked":["Underhanded Strike+1","Infinite Blades","Grand Finale+1"],"picked":"SKIP","floor":25},{"not_picked":["Quick Slash+1","Flying Knee+1"],"picked":"Poisoned Stab+1","floor":30}],"player_experience":655304,"relics_obtained":[{"floor":9,"key":"Molten Egg 2"},{"floor":11,"key":"Boot"},{"floor":14,"key":"Smiling Mask"},{"floor":24,"key":"Lantern"},{"floor":26,"key":"Matryoshka"}],"event_choices":[{"cards_removed":["Strike_G"],"damage_healed":0,"gold_gain":0,"player_choice":"Card Removal","damage_taken":7,"max_hp_gain":0,"max_hp_loss":0,"event_name":"Golden Wing","floor":5,"gold_loss":0},{"damage_healed":0,"gold_gain":0,"cards_transformed":["Strike_G"],"player_choice":"Transformed","damage_taken":0,"max_hp_gain":0,"max_hp_loss":0,"event_name":"Transmorgrifier","floor":21,"gold_loss":0,"cards_obtained":["Acrobatics"]},{"cards_removed":["Strike_G"],"damage_healed":0,"gold_gain":0,"player_choice":"Gave Gold","damage_taken":0,"max_hp_gain":0,"max_hp_loss":0,"event_name":"Beggar","floor":27,"gold_loss":75},{"damage_healed":0,"gold_gain":0,"player_choice":"Opened","damage_taken":0,"relics_obtained":["Sundial"],"max_hp_gain":0,"max_hp_loss":0,"event_name":"The Mausoleum","floor":31,"gold_loss":0}],"is_beta":false,"boss_relics":[{"not_picked":["White Beast Statue","Philosopher\u0027s Stone"],"picked":"Sozu"}],"items_purged_floors":[29],"is_endless":false,"potions_floor_spawned":[1,3,12,14,19,20,24],"killed_by":"Automaton","ascension_level":5}