{"gold_per_floor":[111,128,143,162,173,173,198,198,198,213,213,224,239,250,250,346,346,360,360,380,260,277,277,307,307,307,406,105,105,105,125,125,125],"floor_reached":33,"playtime":1679,"items_purged":["Strike_R","Strike_R"],"score":271,"play_id":"ac4023f6-f3fb-4876-bb82-f41501e48a11","local_time":"20190226215957","is_ascension_mode":false,"campfire_choices":[{"data":"Armaments","floor":6,"key":"SMITH"},{"data":"Pommel Strike","floor":8,"key":"SMITH"},{"data":"Inflame","floor":11,"key":"SMITH"},{"data":"Body Slam","floor":15,"key":"SMITH"},{"data":"Rage","floor":23,"key":"SMITH"},{"data":"Headbutt","floor":25,"key":"SMITH"},{"floor":32,"key":"REST"}],"neow_cost":"NONE","seed_source_timestamp":284520546966446,"circlet_count":0,"master_deck":["Strike_R","Defend_R","Defend_R","Defend_R","Defend_R","Bash+1","Pommel Strike+1","Armaments+1","Iron Wave","Blood for Blood","Inflame+1","Feed","Uppercut","Body Slam+1","Offering+1","Cleave+1","Rage+1","Twin Strike","Headbutt+1","Flex","Bloodletting+1","Body Slam"],"relics":["Burning Blood","Red Skull","Darkstone Periapt","Empty Cage","WingedGreaves","Dream Catcher","Ancient Tea Set"],"potions_floor_usage":[7,16,18,24,31,33],"damage_taken":[{"damage":1,"enemies":"Cultist","floor":1,"turns":3},{"damage":1,"enemies":"Jaw Worm","floor":2,"turns":3},{"damage":5,"enemies":"Small Slimes","floor":3,"turns":4},{"damage":10,"enemies":"Looter","floor":4,"turns":3},{"damage":17,"enemies":"Gremlin Gang","floor":5,"turns":6},{"damage":6,"enemies":"Lagavulin","floor":7,"turns":7},{"damage":4,"enemies":"Blue Slaver","floor":10,"turns":4},{"damage":11,"enemies":"Red Slaver","floor":12,"turns":3},{"damage":7,"enemies":"Looter","floor":13,"turns":4},{"damage":11,"enemies":"2 Fungi Beasts","floor":14,"turns":3},{"damage":38,"enemies":"Hexaghost","floor":16,"turns":8},{"damage":24,"enemies":"2 Thieves","floor":18,"turns":4},{"damage":7,"enemies":"Chosen","floor":20,"turns":3},{"damage":18,"enemies":"Snake Plant","floor":22,"turns":3},{"damage":32,"enemies":"Gremlin Leader","floor":24,"turns":5},{"damage":17,"enemies":"Snecko","floor":31,"turns":4},{"damage":39,"enemies":"Collector","floor":33,"turns":5}],"seed_played":"6753132829680162964","potions_obtained":[{"floor":5,"key":"Weak Potion"},{"floor":10,"key":"Explosive Potion"},{"floor":12,"key":"BloodPotion"},{"floor":14,"key":"Dexterity Potion"},{"floor":16,"key":"LiquidBronze"},{"floor":22,"key":"Dexterity Potion"},{"floor":24,"key":"GamblersBrew"},{"floor":30,"key":"Block Potion"}],"is_trial":false,"path_per_floor":["M","M","M","M","M","R","E","R","T","M","R","M","M","M","R","B",null,"M","?","M","$","M","R","E","R","T","?","$","$","?","M","R","B"],"character_chosen":"IRONCLAD","items_purchased":["Twin Strike","Ancient Tea Set","Flex"],"campfire_rested":1,"item_purchase_floors":[21,28,28],"current_hp_per_floor":[80,80,80,76,65,65,65,65,65,67,67,62,61,56,56,32,80,62,62,61,61,52,52,26,26,26,26,26,26,26,15,39,0],"gold":125,"neow_bonus":"UPGRADE_CARD","is_prod":false,"is_daily":false,"chose_seed":false,"campfire_upgraded":6,"win_rate":0,"timestamp":1551189597,"path_taken":["M","M","M","?","M","R","E","R","T","?","R","M","M","M","R","BOSS","M","?","?","?","M","R","E","R","T","?","$","$","?","M","R","BOSS"],"build_version":"2019-01-23","purchased_purges":2,"victory":false,"max_hp_per_floor":[80,80,80,80,80,80,80,80,80,80,80,80,80,80,80,80,80,80,80,80,80,83,83,83,83,83,83,83,83,83,83,83,83],"card_choices":[{"not_picked":["Clothesline","Heavy Blade"],"picked":"Pommel Strike","floor":1},{"not_picked":["Fire Breathing","Metallicize"],"picked":"Armaments","floor":2},{"not_picked":["Sentinel","Infernal Blade","Wild Strike"],"picked":"SKIP","floor":3},{"not_picked":["Armaments","True Grit"],"picked":"Iron Wave","floor":4},{"not_picked":["Clothesline","Thunderclap"],"picked":"Blood for Blood","floor":5},{"not_picked":["Blood for Blood","Rage"],"picked":"Inflame","floor":7},{"not_picked":["Havoc","Ghostly Armor"],"picked":"Feed","floor":10},{"not_picked":["Wild Strike","Rupture","Anger"],"picked":"SKIP","floor":12},{"not_picked":["Metallicize","Armaments"],"picked":"Uppercut","floor":13},{"not_picked":["Warcry","Perfected Strike"],"picked":"Body Slam","floor":14},{"not_picked":["Bludgeon","Feed"],"picked":"Offering","floor":16},{"not_picked":["Flex+1","Iron Wave"],"picked":"Cleave+1","floor":18},{"not_picked":["Cleave","True Grit"],"picked":"Rage","floor":20},{"not_picked":["Clash","Heavy Blade","Armaments"],"picked":"SKIP","floor":22},{"not_picked":["Thunderclap","Double Tap"],"picked":"Headbutt","floor":24},{"not_picked":["Warcry","Combust"],"picked":"Bloodletting+1","floor":31},{"not_picked":["True Grit+1","Havoc"],"picked":"Body Slam","floor":32}],"player_experience":692255,"relics_obtained":[{"floor":7,"key":"Red Skull"},{"floor":9,"key":"Darkstone Periapt"},{"floor":24,"key":"WingedGreaves"},{"floor":26,"key":"Dream Catcher"}],"event_choices":[{"damage_healed":0,"gold_gain":0,"player_choice":"Forge","damage_taken":0,"max_hp_gain":0,"max_hp_loss":0,"event_name":"Accursed Blacksmith","floor":19,"gold_loss":0,"cards_upgraded":["Offering"]},{"damage_healed":0,"gold_gain":99,"player_choice":"Stole From Cult","damage_taken":0,"max_hp_gain":0,"max_hp_loss":0,"event_name":"Nest","floor":27,"gold_loss":0},{"damage_healed":0,"gold_gain":0,"player_choice":"Got Potions","damage_taken":0,"max_hp_gain":0,"max_hp_loss":0,"event_name":"Lab","floor":30,"gold_loss":0}],"is_beta":false,"boss_relics":[{"not_picked":["Lizard Tail","Eternal Feather"],"picked":"Empty Cage"}],"items_purged_floors":[21,28],"is_endless":false,"potions_floor_spawned":[5,10,12,14,16,22,24],"killed_by":"Collector","ascension_level":0}