{"gold_per_floor":[119,119,119,119,143,181,199,199,199,215,215,229,229,244,244,375,375,388,388,53,43,59,99,99],"floor_reached":24,"playtime":1243,"items_purged":["Injury"],"score":262,"play_id":"8227e436-3c0e-4999-827f-188e8c05ca76","local_time":"20190314162436","is_ascension_mode":true,"campfire_choices":[{"floor":8,"key":"REST"},{"floor":11,"key":"REST"},{"data":"Heavy Blade","floor":13,"key":"SMITH"},{"data":"Spot Weakness","floor":15,"key":"SMITH"}],"neow_cost":"NONE","seed_source_timestamp":158732551631925,"circlet_count":0,"master_deck":["Strike_R","Strike_R","Strike_R","Strike_R","Defend_R","Defend_R","Defend_R","Defend_R","Bash","Panacea","Heavy Blade+1","Shrug It Off","Spot Weakness+1","Armaments","Shrug It Off","Barricade","Armaments+1","Rupture","True Grit+1","Cleave","Inflame"],"relics":["Burning Blood","Paper Frog","Golden Idol","PreservedInsect","Potion Belt","Runic Dome","Bronze Scales","Tiny Chest","Dodecahedron"],"potions_floor_usage":[10,10,14,16,22],"damage_taken":[{"damage":10,"enemies":"2 Louse","floor":1,"turns":4},{"damage":15,"enemies":"Small Slimes","floor":5,"turns":4},{"damage":62,"enemies":"Lagavulin","floor":6,"turns":7},{"damage":0,"enemies":"Jaw Worm","floor":7,"turns":3},{"damage":13,"enemies":"Large Slime","floor":10,"turns":8},{"damage":22,"enemies":"Gremlin Gang","floor":12,"turns":4},{"damage":18,"enemies":"3 Louse","floor":14,"turns":5},{"damage":51,"enemies":"Hexaghost","floor":16,"turns":9},{"damage":13,"enemies":"Shell Parasite","floor":18,"turns":6},{"damage":12,"enemies":"2 Thieves","floor":21,"turns":4},{"damage":34,"enemies":"Snecko","floor":22,"turns":6},{"damage":30,"enemies":"Book of Stabbing","floor":23,"turns":5},{"damage":20,"enemies":"Colosseum Slavers","floor":24,"turns":2}],"seed_played":"9195424895904162806","potions_obtained":[{"floor":6,"key":"Regen Potion"},{"floor":7,"key":"EssenceOfSteel"},{"floor":10,"key":"Regen Potion"},{"floor":12,"key":"FearPotion"},{"floor":21,"key":"PowerPotion"},{"floor":22,"key":"Strength Potion"},{"floor":23,"key":"Poison Potion"}],"is_trial":false,"path_per_floor":["M","?","?","?","M","E","M","R","T","M","R","M","R","M","R","B",null,"M","?","$","M","M","E","?"],"character_chosen":"IRONCLAD","items_purchased":["Bronze Scales","Tiny Chest"],"campfire_rested":2,"item_purchase_floors":[20,20],"current_hp_per_floor":[76,76,76,76,67,11,17,41,41,49,73,57,57,57,57,12,80,73,73,73,67,39,15,0],"gold":99,"neow_bonus":"RANDOM_COLORLESS","is_prod":false,"is_daily":false,"chose_seed":false,"campfire_upgraded":2,"win_rate":0,"timestamp":1552598676,"path_taken":["M","?","?","?","M","E","M","R","T","?","R","M","R","M","R","BOSS","M","?","$","M","?","E","?"],"build_version":"2019-01-23","purchased_purges":1,"victory":false,"max_hp_per_floor":[80,80,80,80,80,80,80,80,80,80,80,80,80,80,80,80,80,80,80,80,80,80,80,80],"card_choices":[{"not_picked":["Thunderclap","Clash"],"picked":"Heavy Blade","floor":1},{"not_picked":["Clothesline","Entrench"],"picked":"Shrug It Off","floor":5},{"not_picked":["Wild Strike","Twin Strike","Second Wind"],"picked":"SKIP","floor":6},{"not_picked":["Rage","Thunderclap","Sever Soul"],"picked":"SKIP","floor":7},{"not_picked":["Berserk","Burning Pact"],"picked":"Spot Weakness","floor":10},{"not_picked":["Twin Strike","Iron Wave"],"picked":"Armaments","floor":12},{"not_picked":["Carnage","Warcry"],"picked":"Shrug It Off","floor":14},{"not_picked":["Fiend Fire","Offering"],"picked":"Barricade","floor":16},{"not_picked":["Anger","Wild Strike"],"picked":"Armaments+1","floor":18},{"not_picked":["Battle Trance+1","Havoc"],"picked":"True Grit+1","floor":21},{"not_picked":["Twin Strike+1","Carnage"],"picked":"Cleave","floor":22},{"not_picked":["Carnage","Headbutt"],"picked":"Inflame","floor":23}],"player_experience":279050,"relics_obtained":[{"floor":6,"key":"PreservedInsect"},{"floor":9,"key":"Potion Belt"},{"floor":23,"key":"Dodecahedron"}],"event_choices":[{"damage_healed":0,"gold_gain":0,"player_choice":"Box","damage_taken":0,"relics_obtained":["Paper Frog"],"max_hp_gain":0,"max_hp_loss":0,"event_name":"Big Fish","floor":2,"gold_loss":0,"cards_obtained":["Regret"]},{"cards_removed":["Regret"],"damage_healed":0,"gold_gain":0,"player_choice":"Forget","damage_taken":0,"max_hp_gain":0,"max_hp_loss":0,"event_name":"Living Wall","floor":3,"gold_loss":0},{"damage_healed":0,"gold_gain":0,"player_choice":"Take Wound","damage_taken":0,"relics_obtained":["Golden Idol"],"max_hp_gain":0,"max_hp_loss":0,"event_name":"Golden Idol","floor":4,"gold_loss":0,"cards_obtained":["Injury"]},{"damage_healed":0,"gold_gain":0,"cards_transformed":["Strike_R"],"player_choice":"Transformed","damage_taken":0,"max_hp_gain":0,"max_hp_loss":0,"event_name":"Transmorgrifier","floor":19,"gold_loss":0,"cards_obtained":["Rupture"]},{"damage_healed":0,"gold_gain":0,"player_choice":"Fight","damage_taken":0,"max_hp_gain":0,"max_hp_loss":0,"event_name":"Colosseum","floor":24,"gold_loss":0}],"is_beta":false,"boss_relics":[{"not_picked":["Cursed Key","Astrolabe"],"picked":"Runic Dome"}],"items_purged_floors":[20],"is_endless":false,"potions_floor_spawned":[6,7,10,12,21,22,23],"killed_by":"Colosseum Slavers","ascension_level":4}