{"gold_per_floor":[210,135,285,285,210,210,228,228,228,42,42,85,85,110,110,206,206,227,47,60,20,20,20],"floor_reached":23,"playtime":595,"items_purged":["Doubt","Strike_B","Strike_B"],"score":342,"play_id":"8126120b-669b-4818-89d8-1fe1ea45c1d8","local_time":"20181231115503","is_ascension_mode":true,"campfire_choices":[{"data":"Zap","floor":6,"key":"SMITH"},{"data":"Sweeping Beam","floor":8,"key":"SMITH"},{"data":"Dualcast","floor":11,"key":"SMITH"},{"data":"Defragment","floor":13,"key":"SMITH"},{"data":"Go for the Eyes","floor":15,"key":"SMITH"}],"neow_cost":"NONE","seed_source_timestamp":9516011161800,"circlet_count":0,"master_deck":["AscendersBane","Defend_B","Defend_B","Defend_B","Defend_B","Zap+1","Dualcast+1","Sweeping Beam+1","Go for the Eyes+1","Defragment+1","Conserve Battery","Defragment","Echo Form","Go for the Eyes","Coolheaded","Coolheaded","Defragment"],"relics":["Cracked Core","Golden Idol","Pocketwatch","Shovel","Nuclear Battery"],"potions_floor_usage":[12,23],"damage_taken":[{"damage":0,"enemies":"2 Louse","floor":1,"turns":2},{"damage":7,"enemies":"Jaw Worm","floor":7,"turns":4},{"damage":12,"enemies":"Gremlin Nob","floor":12,"turns":3},{"damage":0,"enemies":"Cultist","floor":14,"turns":2},{"damage":3,"enemies":"The Guardian","floor":16,"turns":11},{"damage":29,"enemies":"Shell Parasite","floor":18,"turns":5},{"damage":19,"enemies":"Spheric Guardian","floor":20,"turns":6},{"damage":15,"enemies":"Slavers","floor":23,"turns":1}],"seed_played":"8580588256703951228","potions_obtained":[{"floor":1,"key":"Swift Potion"},{"floor":16,"key":"LiquidBronze"}],"is_trial":false,"path_per_floor":["M","?","?","?","$","R","M","R","T","$","R","E","R","M","R","B",null,"M","$","M","$","?","E"],"character_chosen":"DEFECT","items_purchased":["Defragment","Coolheaded","Defragment"],"campfire_rested":0,"item_purchase_floors":[10,19,21],"current_hp_per_floor":[64,64,64,64,64,64,57,57,57,57,57,45,45,45,45,42,59,30,30,11,11,11,0],"gold":20,"neow_bonus":"HUNDRED_GOLD","is_prod":false,"is_daily":false,"chose_seed":false,"campfire_upgraded":5,"win_rate":0,"timestamp":1546253703,"path_taken":["M","?","?","?","$","R","?","R","T","?","R","E","R","M","R","BOSS","M","$","?","?","?","E"],"build_version":"2018-12-20","purchased_purges":3,"victory":false,"max_hp_per_floor":[71,71,71,64,64,64,64,64,64,64,64,64,64,64,64,64,64,64,64,64,64,64,64],"card_choices":[{"not_picked":["Compile Driver","Rebound"],"picked":"Sweeping Beam","floor":1},{"not_picked":["Sweeping Beam","Beam Cell"],"picked":"Go for the Eyes","floor":7},{"not_picked":["Reboot","Rebound"],"picked":"Conserve Battery","floor":12},{"not_picked":["Self Repair","Reinforced Body"],"picked":"Defragment","floor":14},{"not_picked":["Creative AI","Buffer"],"picked":"Echo Form","floor":16},{"not_picked":["Stack","Melter"],"picked":"Go for the Eyes","floor":18},{"not_picked":["Ball Lightning","Streamline"],"picked":"Coolheaded","floor":20}],"player_experience":329039,"relics_obtained":[{"floor":9,"key":"Pocketwatch"},{"floor":12,"key":"Shovel"}],"event_choices":[{"cards_removed":["Strike_B"],"damage_healed":0,"gold_gain":0,"player_choice":"Card Removal","damage_taken":0,"max_hp_gain":0,"max_hp_loss":0,"event_name":"The Cleric","floor":2,"gold_loss":75},{"damage_healed":0,"gold_gain":150,"player_choice":"AGREE","damage_taken":0,"max_hp_gain":0,"max_hp_loss":0,"event_name":"Liars Game","floor":3,"gold_loss":0,"cards_obtained":["Doubt"]},{"damage_healed":0,"gold_gain":0,"player_choice":"Lose Max HP","damage_taken":0,"relics_obtained":["Golden Idol"],"max_hp_gain":0,"max_hp_loss":7,"event_name":"Golden Idol","floor":4,"gold_loss":0},{"cards_removed":["Strike_B"],"damage_healed":0,"gold_gain":0,"player_choice":"Purged","damage_taken":0,"max_hp_gain":0,"max_hp_loss":0,"event_name":"Purifier","floor":22,"gold_loss":0}],"is_beta":false,"boss_relics":[{"not_picked":["Velvet Choker","Astrolabe"],"picked":"Nuclear Battery"}],"items_purged_floors":[5,10,19],"is_endless":false,"potions_floor_spawned":[1,16],"killed_by":"Slavers","ascension_level":17}