{"gold_per_floor":[118,43,59,70,86,86,97,114,160,186,203,203,223,240,240,335,335,355,37,57,70,170,170,197,2,52,52,64,64,64,114,114,213,213,233,251,251,265,285,310,310,28,55,55,82,94,112,132,132,132,132,132,132,166,166],"floor_reached":55,"playtime":2646,"items_purged":["Doubt","Strike_R","Strike_R"],"score":810,"play_id":"31b8447d-a664-4654-9be3-e62cad764f6c","local_time":"20181123210441","is_ascension_mode":false,"campfire_choices":[{"floor":6,"key":"RECALL"},{"data":"Shrug It Off","floor":12,"key":"SMITH"},{"floor":15,"key":"REST"},{"data":"Limit Break","floor":23,"key":"SMITH"},{"data":"Shockwave","floor":27,"key":"SMITH"},{"data":"Heavy Blade","floor":29,"key":"SMITH"},{"data":"Bash","floor":32,"key":"SMITH"},{"data":"Inflame","floor":44,"key":"SMITH"},{"floor":49,"key":"REST"},{"data":"Battle Trance","floor":52,"key":"SMITH"}],"neow_cost":"CURSE","seed_source_timestamp":740209644355100,"circlet_count":0,"master_deck":["Strike_R","Strike_R","Defend_R+1","Defend_R","Defend_R","Bash+1","Bludgeon","Dropkick","Headbutt","Heavy Blade+1","Warcry","Inflame+1","Shrug It Off+1","Battle Trance+1","Feed","Limit Break+1","Shockwave+1","Ghostly Armor+1","Shrug It Off+1","Sword Boomerang+1","Writhe","Intimidate+1","Enlightenment","Regret","Spot Weakness+1","Armaments"],"relics":["Burning Blood","Bronze Scales","Busted Crown","Vajra","Molten Egg 2","DollysMirror","Potion Belt","War Paint","Cursed Key","Dead Branch","Blood Vial","Red Skull","Dodecahedron","Meat on the Bone"],"potions_floor_usage":[5,10,16,16,18,24,24,35,40,47,50,54,55],"damage_taken":[{"damage":0,"enemies":"Cultist","floor":1,"turns":2},{"damage":11,"enemies":"Jaw Worm","floor":3,"turns":2},{"damage":9,"enemies":"2 Louse","floor":4,"turns":3},{"damage":0,"enemies":"Large Slime","floor":5,"turns":3},{"damage":24,"enemies":"Gremlin Gang","floor":7,"turns":6},{"damage":11,"enemies":"Exordium Wildlife","floor":8,"turns":4},{"damage":31,"enemies":"Lagavulin","floor":10,"turns":5},{"damage":0,"enemies":"Large Slime","floor":11,"turns":4},{"damage":13,"enemies":"Lots of Slimes","floor":13,"turns":4},{"damage":0,"enemies":"Looter","floor":14,"turns":3},{"damage":65,"enemies":"Hexaghost","floor":16,"turns":11},{"damage":5,"enemies":"Chosen","floor":18,"turns":4},{"damage":9,"enemies":"Shell Parasite","floor":20,"turns":3},{"damage":5,"enemies":"Centurion and Healer","floor":21,"turns":4},{"damage":36,"enemies":"Slavers","floor":24,"turns":7},{"damage":2,"enemies":"Cultist and Chosen","floor":28,"turns":6},{"damage":64,"enemies":"Collector","floor":33,"turns":12},{"damage":18,"enemies":"3 Darklings","floor":35,"turns":3},{"damage":0,"enemies":"3 Shapes","floor":36,"turns":4},{"damage":0,"enemies":"Transient","floor":38,"turns":5},{"damage":29,"enemies":"Jaw Worm Horde","floor":39,"turns":4},{"damage":0,"enemies":"Giant Head","floor":40,"turns":6},{"damage":5,"enemies":"Nemesis","floor":45,"turns":5},{"damage":16,"enemies":"3 Darklings","floor":46,"turns":4},{"damage":9,"enemies":"4 Shapes","floor":47,"turns":5},{"damage":20,"enemies":"Maw","floor":48,"turns":6},{"damage":34,"enemies":"Awakened One","floor":50,"turns":7},{"damage":35,"enemies":"Shield and Spear","floor":54,"turns":4},{"damage":74,"enemies":"The Heart","floor":55,"turns":5}],"seed_played":"3801398473122885490","potions_obtained":[{"floor":3,"key":"SneckoOil"},{"floor":5,"key":"BloodPotion"},{"floor":8,"key":"SpeedPotion"},{"floor":11,"key":"SteroidPotion"},{"floor":14,"key":"Weak Potion"},{"floor":16,"key":"Swift Potion"},{"floor":18,"key":"BloodPotion"},{"floor":20,"key":"Dexterity Potion"},{"floor":33,"key":"AttackPotion"},{"floor":36,"key":"GamblersBrew"},{"floor":38,"key":"FearPotion"},{"floor":40,"key":"BloodPotion"},{"floor":47,"key":"Regen Potion"},{"floor":48,"key":"Dexterity Potion"}],"is_trial":false,"path_per_floor":["M","$","M","M","M","R","M","M","T","E","M","R","M","M","R","B",null,"M","$","M","M","?","R","E","$","T","R","M","R","?","?","R","B",null,"M","M","?","M","M","E","?","$","T","R","E","M","M","M","R","B",null,"R","$","E","B"],"character_chosen":"IRONCLAD","items_purchased":["Vajra","Ghostly Armor","DollysMirror","Blood Vial"],"campfire_rested":2,"item_purchase_floors":[19,19,25,42],"current_hp_per_floor":[80,80,75,72,78,78,60,55,55,38,44,44,37,43,67,11,83,83,83,80,84,84,84,65,65,65,65,69,69,69,69,69,11,89,77,83,78,84,61,67,89,89,89,89,89,79,90,78,92,64,92,92,92,71,0],"gold":166,"neow_bonus":"TRANSFORM_TWO_CARDS","is_prod":false,"is_daily":false,"chose_seed":false,"campfire_upgraded":7,"win_rate":0,"timestamp":1543003481,"path_taken":["M","$","M","M","M","R","M","M","T","E","M","R","?","M","R","BOSS","M","$","M","M","?","R","E","$","T","R","?","R","?","?","R","BOSS","M","?","?","M","M","E","?","$","T","R","E","M","M","M","R","BOSS","R","$","E","BOSS"],"build_version":"2018-11-15","purchased_purges":3,"victory":false,"max_hp_per_floor":[80,80,80,80,80,80,80,80,80,80,80,80,80,80,80,83,83,83,83,83,86,86,86,89,89,89,89,89,89,89,89,89,89,89,89,89,89,89,89,89,89,89,89,89,89,89,92,92,92,92,92,92,92,92,92],"card_choices":[{"not_picked":["Pommel Strike","Perfected Strike","Sentinel"],"picked":"SKIP","floor":1},{"not_picked":["True Grit","Infernal Blade"],"picked":"Headbutt","floor":3},{"not_picked":["Wild Strike","Clothesline"],"picked":"Heavy Blade","floor":4},{"not_picked":["Battle Trance","Metallicize"],"picked":"Warcry","floor":5},{"not_picked":["Searing Blow","Anger"],"picked":"Inflame","floor":7},{"not_picked":["Fire Breathing","Clothesline","Havoc"],"picked":"SKIP","floor":8},{"not_picked":["Flame Barrier","Pummel"],"picked":"Shrug It Off","floor":10},{"not_picked":["Flame Barrier","Thunderclap"],"picked":"Battle Trance","floor":11},{"not_picked":["Warcry","Headbutt","Rupture"],"picked":"SKIP","floor":13},{"not_picked":["Rampage","Disarm"],"picked":"Feed","floor":14},{"not_picked":["Juggernaut","Dark Embrace"],"picked":"Limit Break","floor":16},{"not_picked":[],"picked":"Shockwave","floor":18},{"not_picked":["Headbutt"],"picked":"SKIP","floor":20},{"not_picked":["Perfected Strike"],"picked":"SKIP","floor":21},{"not_picked":["Uppercut+1"],"picked":"SKIP","floor":24},{"not_picked":[],"picked":"Sword Boomerang+1","floor":28},{"not_picked":[],"picked":"Intimidate+1","floor":35},{"not_picked":["Battle Trance"],"picked":"SKIP","floor":36},{"not_picked":[],"picked":"Enlightenment","floor":37},{"not_picked":["Dropkick+1"],"picked":"SKIP","floor":38},{"not_picked":["Cleave+1"],"picked":"SKIP","floor":39},{"not_picked":["Bloodletting+1"],"picked":"SKIP","floor":40},{"not_picked":["Body Slam+1"],"picked":"SKIP","floor":45},{"not_picked":["Perfected Strike+1"],"picked":"SKIP","floor":46},{"not_picked":[],"picked":"Spot Weakness+1","floor":47},{"not_picked":["Metallicize"],"picked":"SKIP","floor":48},{"not_picked":[],"picked":"Armaments","floor":54}],"player_experience":216349,"relics_obtained":[{"floor":10,"key":"Bronze Scales"},{"floor":24,"key":"Molten Egg 2"},{"floor":26,"key":"Potion Belt"},{"floor":40,"key":"Dead Branch"},{"floor":43,"key":"Red Skull"},{"floor":45,"key":"Dodecahedron"},{"floor":54,"key":"Meat on the Bone"}],"event_choices":[{"damage_healed":0,"gold_gain":100,"player_choice":"Pray","damage_taken":0,"max_hp_gain":0,"max_hp_loss":0,"event_name":"Golden Shrine","floor":22,"gold_loss":0},{"damage_healed":0,"gold_gain":0,"player_choice":"Opened","damage_taken":0,"relics_obtained":["War Paint"],"max_hp_gain":0,"max_hp_loss":0,"event_name":"The Mausoleum","floor":30,"gold_loss":0,"cards_obtained":["Writhe"]},{"damage_healed":0,"gold_gain":100,"player_choice":"Bet on Murderer","damage_taken":0,"max_hp_gain":0,"max_hp_loss":0,"event_name":"The Joust","floor":31,"gold_loss":50},{"damage_healed":0,"gold_gain":0,"player_choice":"Memory 2","damage_taken":5,"max_hp_gain":0,"max_hp_loss":0,"event_name":"SensoryStone","floor":37,"gold_loss":0},{"damage_healed":22,"gold_gain":0,"player_choice":"Full Heal","damage_taken":0,"max_hp_gain":0,"max_hp_loss":0,"event_name":"Wheel of Change","floor":41,"gold_loss":0}],"is_beta":false,"boss_relics":[{"not_picked":["White Beast Statue","Ectoplasm"],"picked":"Busted Crown"},{"not_picked":["Pandora\u0027s Box","Black Blood"],"picked":"Cursed Key"}],"items_purged_floors":[2,19,42],"is_endless":false,"potions_floor_spawned":[3,5,8,11,14,16,18,20,33,36,38,40,47,48],"killed_by":"The Heart","ascension_level":0}