{"path_per_floor":["M","M","?","M","?","R","M","M","T","M","M","M","R","M","R","B",null,"M","T","M","?","?","R"],"character_chosen":"IRONCLAD","items_purchased":[],"gold_per_floor":[12,32,32,44,44,44,60,74,122,135,155,173,173,186,186,287,287,301,301,316,239,239,239,239],"floor_reached":24,"campfire_rested":0,"playtime":874,"current_hp_per_floor":[80,80,80,80,80,80,80,76,76,80,78,80,80,70,70,31,80,70,70,50,50,50,50,0],"items_purged":[],"gold":239,"score":192,"play_id":"398cb65d-c152-4cf2-92fd-1cd08f1fa096","local_time":"20180514234653","is_prod":false,"is_daily":false,"chose_seed":false,"is_ascension_mode":false,"campfire_upgraded":4,"timestamp":1526312813,"path_taken":["M","M","?","M","?","R","M","M","T","M","?","M","R","M","R","BOSS","M","?","M","?","?","R","?"],"build_version":"2018-05-10","seed_source_timestamp":22188068283488,"purchased_purges":0,"victory":false,"master_deck":["Strike_R","Strike_R","Strike_R","Strike_R","Strike_R","Defend_R","Defend_R","Defend_R","Defend_R","Bash","Limit Break+1","Shrug It Off","Flex+1","Decay","Heavy Blade","Armaments+1","Bloodletting+1","Spot Weakness","Cleave","Reaper","Bloodletting","Twin Strike","J.A.X."],"max_hp_per_floor":[80,80,80,80,80,80,80,80,80,80,80,80,80,80,80,80,80,80,80,80,80,80,80,80],"relics":["Burning Blood"],"card_choices":[{"not_picked":["Feed","Double Tap"],"picked":"Limit Break","floor":0},{"not_picked":["Twin Strike","Heavy Blade"],"picked":"Shrug It Off","floor":1},{"not_picked":["Evolve","True Grit"],"picked":"Flex","floor":2},{"not_picked":["Anger","Reckless Charge"],"picked":"Heavy Blade","floor":8},{"not_picked":["Pommel Strike","Body Slam"],"picked":"Armaments","floor":10},{"not_picked":["Body Slam","Dual Wield"],"picked":"Bloodletting","floor":11},{"not_picked":["Perfected Strike","Carnage"],"picked":"Spot Weakness","floor":12},{"not_picked":["Clothesline","Warcry"],"picked":"Cleave","floor":14},{"not_picked":["Exhume","Brutality"],"picked":"Reaper","floor":16},{"not_picked":["Perfected Strike","Havoc"],"picked":"Bloodletting","floor":18},{"not_picked":["Sword Boomerang","Anger"],"picked":"Twin Strike","floor":20}],"player_experience":618558,"potions_floor_usage":[16,18,18,20],"damage_taken":[{"damage":3,"enemies":"Small Slimes","floor":1,"turns":4},{"damage":0,"enemies":"2 Louse","floor":2,"turns":3},{"damage":2,"enemies":"Cultist","floor":4,"turns":4},{"damage":2,"enemies":"Red Slaver","floor":7,"turns":4},{"damage":10,"enemies":"3 Louse","floor":8,"turns":4},{"damage":2,"enemies":"Exordium Wildlife","floor":10,"turns":4},{"damage":8,"enemies":"Red Slaver","floor":11,"turns":4},{"damage":4,"enemies":"Looter","floor":12,"turns":4},{"damage":16,"enemies":"Blue Slaver","floor":14,"turns":4},{"damage":45,"enemies":"Hexaghost","floor":16,"turns":8},{"damage":23,"enemies":"2 Thieves","floor":18,"turns":4},{"damage":40,"enemies":"Chosen","floor":20,"turns":6},{"damage":73,"enemies":"Centurion and Healer","floor":24,"turns":10}],"event_choices":[{"event_name":"Liars Game","player_choice":"disagreed","floor":3,"damage_taken":0},{"event_name":"Wheel of Change","player_choice":"Curse","floor":5,"damage_taken":0},{"event_name":"Drug Dealer","player_choice":"Got JAXXED","floor":21,"damage_taken":0},{"event_name":"Ghosts","player_choice":"Ignored","floor":22,"damage_taken":0}],"boss_relics":[{"not_picked":["Runic Dome","Sozu","Lizard Tail"]}],"potions_floor_spawned":[2,7,8,14,18],"seed_played":"225260091097301798","killed_by":"Centurion and Healer","ascension_level":0,"is_trial":false}