{"gold_per_floor":[215,18,36,52,65,65,91,109,178,178,203,278,278,297,297,396,396,414,433,433,348,363,363,9,24,48,60,60,85,101,128,128,230,230,246,260,275,294,56,88,101,121,121,46,46,57,87,102,102,102,102,102,2,28,28],"floor_reached":56,"playtime":3402,"items_purged":["Fission","Defend_B"],"score":1470,"play_id":"99dcf325-9a6b-40d0-be80-a10405a755f6","local_time":"20181215154843","is_ascension_mode":false,"campfire_choices":[{"data":"Capacitor","floor":6,"key":"SMITH"},{"data":"Defragment","floor":10,"key":"SMITH"},{"data":"Zap","floor":13,"key":"SMITH"},{"floor":15,"key":"REST"},{"data":"Blizzard","floor":23,"key":"SMITH"},{"data":"Hologram","floor":28,"key":"SMITH"},{"data":"Redo","floor":32,"key":"SMITH"},{"floor":45,"key":"RECALL"},{"data":"Blizzard","floor":49,"key":"SMITH"},{"data":"Go for the Eyes","floor":52,"key":"SMITH"}],"neow_cost":"NONE","seed_source_timestamp":195687782311700,"circlet_count":0,"master_deck":["Strike_B+1","Strike_B","Strike_B","Strike_B","Defend_B","Defend_B","Defend_B","Zap+1","Dualcast","Capacitor+1","Cold Snap","Cold Snap+1","Defragment+1","Redo+1","Go for the Eyes+1","Blizzard+1","Coolheaded","Hologram+1","FTL","Self Repair","Chill","Cold Snap+1","Blizzard+1","Defragment+1","Hologram+1","Coolheaded+1","Consume","Barrage+1","Compile Driver+1"],"relics":["Cracked Core","OrangePellets","Matryoshka","DataDisk","Singing Bowl","Orichalcum","Inserter","MutagenicStrength","Emotion Chip","Thread and Needle","Happy Flower","Prayer Wheel","PreservedInsect","Sozu","Dodecahedron","Whetstone","Pear","Nunchaku","Mummified Hand"],"potions_floor_usage":[7,29,29,31,55],"damage_taken":[{"damage":0,"enemies":"Cultist","floor":1,"turns":3},{"damage":1,"enemies":"Small Slimes","floor":3,"turns":4},{"damage":0,"enemies":"2 Louse","floor":4,"turns":2},{"damage":2,"enemies":"2 Fungi Beasts","floor":5,"turns":4},{"damage":15,"enemies":"Lagavulin","floor":7,"turns":6},{"damage":7,"enemies":"Exordium Wildlife","floor":8,"turns":5},{"damage":4,"enemies":"3 Sentries","floor":11,"turns":8},{"damage":2,"enemies":"Exordium Thugs","floor":14,"turns":4},{"damage":4,"enemies":"The Guardian","floor":16,"turns":11},{"damage":0,"enemies":"Shell Parasite","floor":18,"turns":7},{"damage":0,"enemies":"Chosen","floor":19,"turns":4},{"damage":0,"enemies":"Shelled Parasite and Fungi","floor":22,"turns":8},{"damage":7,"enemies":"Centurion and Healer","floor":25,"turns":10},{"damage":0,"enemies":"Cultist and Chosen","floor":27,"turns":6},{"damage":0,"enemies":"Gremlin Leader","floor":29,"turns":9},{"damage":1,"enemies":"Snecko","floor":30,"turns":7},{"damage":35,"enemies":"Slavers","floor":31,"turns":6},{"damage":1,"enemies":"Automaton","floor":33,"turns":12},{"damage":2,"enemies":"Orb Walker","floor":35,"turns":4},{"damage":6,"enemies":"3 Darklings","floor":36,"turns":6},{"damage":19,"enemies":"Jaw Worm Horde","floor":37,"turns":6},{"damage":0,"enemies":"Sphere and 2 Shapes","floor":38,"turns":7},{"damage":0,"enemies":"Nemesis","floor":40,"turns":9},{"damage":14,"enemies":"4 Shapes","floor":41,"turns":9},{"damage":0,"enemies":"Transient","floor":42,"turns":5},{"damage":0,"enemies":"Spire Growth","floor":46,"turns":5},{"damage":0,"enemies":"Giant Head","floor":47,"turns":8},{"damage":16,"enemies":"Jaw Worm Horde","floor":48,"turns":4},{"damage":13,"enemies":"Time Eater","floor":50,"turns":13},{"damage":0,"enemies":"Shield and Spear","floor":54,"turns":4},{"damage":51,"enemies":"The Heart","floor":55,"turns":12}],"seed_played":"-9163341879728386186","potions_obtained":[{"floor":3,"key":"PowerPotion"},{"floor":4,"key":"Regen Potion"},{"floor":5,"key":"FocusPotion"},{"floor":11,"key":"LiquidBronze"},{"floor":31,"key":"LiquidBronze"}],"is_trial":false,"path_per_floor":["M","$","M","M","M","R","E","M","T","R","E","?","R","M","R","B",null,"M","M","?","?","M","R","$","M","T","M","R","E","M","E","R","B",null,"M","M","M","M","$","E","M","M","T","$","R","M","E","M","R","B",null,"R","$","E","B",null],"character_chosen":"DEFECT","items_purchased":["OrangePellets","Hologram","Thread and Needle","Dodecahedron"],"campfire_rested":1,"item_purchase_floors":[2,24,24,39],"current_hp_per_floor":[75,75,74,74,72,72,57,50,50,50,46,39,39,39,62,58,77,77,77,77,77,79,79,79,72,72,74,74,74,84,70,70,78,87,89,85,73,82,82,91,86,97,107,107,107,113,115,110,110,104,119,119,119,119,75],"gold":28,"neow_bonus":"HUNDRED_GOLD","is_prod":false,"is_daily":false,"chose_seed":false,"campfire_upgraded":8,"win_rate":0,"timestamp":1544885323,"path_taken":["M","$","?","M","M","R","E","M","T","R","E","?","R","M","R","BOSS","M","?","?","?","?","R","?","M","T","M","R","E","M","E","R","BOSS","M","?","M","M","$","E","M","M","T","?","R","M","E","M","R","BOSS","R","$","E","BOSS"],"build_version":"2018-12-13","purchased_purges":2,"victory":true,"max_hp_per_floor":[75,75,75,75,75,75,75,75,75,75,75,75,75,77,77,77,77,77,77,77,77,79,79,79,79,79,81,81,81,85,85,85,87,87,89,91,91,93,93,95,97,101,111,111,111,113,115,119,119,119,119,119,119,119,119],"card_choices":[{"not_picked":["Rebound","Heatsinks","Beam Cell"],"picked":"SKIP","floor":1},{"not_picked":["Redo","Streamline"],"picked":"Capacitor","floor":3},{"not_picked":["Streamline","Hello World"],"picked":"Cold Snap","floor":4},{"not_picked":["Undo","Creative AI"],"picked":"Cold Snap","floor":5},{"not_picked":["Go for the Eyes","Coolheaded"],"picked":"Defragment","floor":7},{"not_picked":["Steam","Rebound"],"picked":"Redo","floor":8},{"not_picked":["Gash","Steam Power"],"picked":"Go for the Eyes","floor":11},{"not_picked":["Ball Lightning","Rebound","Leap"],"picked":"Singing Bowl","floor":14},{"not_picked":["Multi-Cast","Rainbow"],"picked":"Fission","floor":16},{"not_picked":["Barrage","Scrape+1"],"picked":"Blizzard","floor":18},{"not_picked":["Fusion","Ball Lightning"],"picked":"Coolheaded","floor":19},{"not_picked":["Streamline","Leap","Gash+1"],"picked":"Singing Bowl","floor":22},{"not_picked":["Conserve Battery","Fusion+1"],"picked":"FTL","floor":25},{"not_picked":["Redo","Go for the Eyes+1","Conserve Battery"],"picked":"Singing Bowl","floor":27},{"not_picked":["Turbo","Go for the Eyes"],"picked":"Self Repair","floor":29},{"not_picked":["Thunder Strike","Ball Lightning","Rebound"],"picked":"Singing Bowl","floor":30},{"not_picked":["Leap","Turbo","Reprogram"],"picked":"Singing Bowl","floor":30},{"not_picked":["Buffer","Lockon"],"picked":"Chill","floor":31},{"not_picked":["Buffer","All For One","Meteor Strike"],"picked":"Singing Bowl","floor":33},{"not_picked":["Gash+1","Conserve Battery+1","Force Field"],"picked":"Singing Bowl","floor":35},{"not_picked":["Conserve Battery+1","FTL+1"],"picked":"Cold Snap+1","floor":35},{"not_picked":["Storm","Hello World+1"],"picked":"Blizzard","floor":36},{"not_picked":["Stack+1","Steam Power","Gash"],"picked":"Singing Bowl","floor":36},{"not_picked":["Stack+1","Sweeping Beam"],"picked":"Defragment+1","floor":37},{"not_picked":["Redo+1","Turbo"],"picked":"Hologram+1","floor":37},{"not_picked":["Reprogram+1","Streamline+1"],"picked":"Coolheaded+1","floor":38},{"not_picked":["Multi-Cast","Scrape","Go for the Eyes+1"],"picked":"Singing Bowl","floor":38},{"not_picked":["Rebound+1","Hologram","Sweeping Beam+1"],"picked":"Singing Bowl","floor":40},{"not_picked":["Scrape+1","FTL"],"picked":"Consume","floor":41},{"not_picked":["Beam Cell","Rebound","All For One"],"picked":"Singing Bowl","floor":41},{"not_picked":["Undo","Compile Driver","Force Field"],"picked":"Singing Bowl","floor":42},{"not_picked":["Double Energy","Coolheaded","Blizzard"],"picked":"Singing Bowl","floor":42},{"not_picked":["Stack+1","Lockon","Ball Lightning"],"picked":"Singing Bowl","floor":46},{"not_picked":["Sweeping Beam+1","Ball Lightning"],"picked":"Barrage+1","floor":46},{"not_picked":["Coolheaded","Sweeping Beam","Leap+1"],"picked":"Singing Bowl","floor":47},{"not_picked":["Turbo+1","Sweeping Beam","Creative AI"],"picked":"Singing Bowl","floor":48},{"not_picked":["Coolheaded","Blizzard","Rebound"],"picked":"Singing Bowl","floor":48},{"not_picked":["Self Repair","Scrape+1"],"picked":"Compile Driver+1","floor":54}],"player_experience":262732,"relics_obtained":[{"floor":7,"key":"Matryoshka"},{"floor":9,"key":"DataDisk"},{"floor":9,"key":"Singing Bowl"},{"floor":11,"key":"Orichalcum"},{"floor":26,"key":"Happy Flower"},{"floor":29,"key":"Prayer Wheel"},{"floor":31,"key":"PreservedInsect"},{"floor":40,"key":"Whetstone"},{"floor":43,"key":"Pear"},{"floor":47,"key":"Nunchaku"},{"floor":54,"key":"Mummified Hand"}],"event_choices":[{"damage_healed":0,"gold_gain":75,"player_choice":"Touch","damage_taken":7,"max_hp_gain":0,"max_hp_loss":0,"event_name":"FaceTrader","floor":12,"gold_loss":0},{"damage_healed":0,"gold_gain":0,"player_choice":"Inject Mutagens","damage_taken":0,"relics_obtained":["MutagenicStrength"],"max_hp_gain":0,"max_hp_loss":0,"event_name":"Drug Dealer","floor":20,"gold_loss":0},{"damage_healed":0,"gold_gain":0,"player_choice":"Obtained Relic","damage_taken":0,"relics_obtained":["Emotion Chip"],"max_hp_gain":0,"max_hp_loss":0,"event_name":"Addict","floor":21,"gold_loss":85}],"is_beta":false,"boss_relics":[{"not_picked":["Ectoplasm","Fusion Hammer"],"picked":"Inserter"},{"not_picked":["Snecko Eye","Philosopher\u0027s Stone"],"picked":"Sozu"}],"items_purged_floors":[44,53],"is_endless":false,"potions_floor_spawned":[3,4,5,11,14,18,19,31,35,37,41,42,46],"ascension_level":0}