{"gold_per_floor":[114,4,19,34,49,64,79,109,159,159,159,9,39,69,69,169,169,184,199,299,314,24,54,54,54,54,69,99,114,114,129,129,229,229,244,244,15,30,45,45,75,90,90,90,90,117,129,171,183,195],"floor_reached":51,"playtime":3759,"items_purged":["Hello World","Normality"],"score":994,"play_id":"5a489093-d2ba-4f36-af1d-6ea610d539e2","local_time":"20190209194045","daily_mods":["Cursed Run","Blue Cards","DeadlyEvents"],"is_ascension_mode":false,"campfire_choices":[{"floor":10,"key":"REST"},{"data":"Demon Form","floor":15,"key":"SMITH"},{"floor":24,"key":"REST"},{"floor":32,"key":"REST"},{"floor":40,"key":"REST"},{"floor":45,"key":"DIG"},{"floor":47,"key":"DIG"},{"floor":49,"key":"DIG"}],"neow_cost":"","seed_source_timestamp":499740154472455,"circlet_count":0,"master_deck":["Strike_R","Strike_R","Strike_R","Strike_R","Defend_R","Defend_R","Defend_R+1","Defend_R","Bash","Conserve Battery","Metallicize","Inflame","Cold Snap","Conserve Battery","Headbutt+1","Clumsy","Demon Form+1","Shrug It Off+1","Armaments","Melter","Evolve","BootSequence","Hologram","Writhe","Skim","Parasite","Decay","Shrug It Off+1","Apotheosis","Shrug It Off+1","Beam Cell","Pummel","Shame","Mind Blast","Master of Strategy","Sadistic Nature","Twin Strike","Sword Boomerang","Doubt"],"special_seed":17937,"relics":["Cursed Key","Darkstone Periapt","Du-Vu Doll","Dodecahedron","Bronze Scales","Potion Belt","Anchor","FossilizedHelix","Red Skull","Sozu","Pocketwatch","Paper Frog","Regal Pillow","Shovel","The Courier","War Paint","Astrolabe","Question Card","Sundial","MawBank","Lantern","Incense Burner","Shuriken"],"potions_floor_usage":[16,16,20,50],"damage_taken":[{"damage":5,"enemies":"Small Slimes","floor":1,"turns":3},{"damage":0,"enemies":"Cultist","floor":3,"turns":4},{"damage":0,"enemies":"2 Louse","floor":4,"turns":4},{"damage":0,"enemies":"Large Slime","floor":5,"turns":6},{"damage":1,"enemies":"Exordium Wildlife","floor":6,"turns":3},{"damage":0,"enemies":"Looter","floor":7,"turns":4},{"damage":3,"enemies":"Lagavulin","floor":8,"turns":7},{"damage":13,"enemies":"Gremlin Nob","floor":13,"turns":4},{"damage":0,"enemies":"Lagavulin","floor":14,"turns":7},{"damage":0,"enemies":"Slime Boss","floor":16,"turns":5},{"damage":0,"enemies":"Chosen","floor":18,"turns":4},{"damage":10,"enemies":"2 Thieves","floor":19,"turns":4},{"damage":14,"enemies":"Colosseum Slavers","floor":20,"turns":4},{"damage":11,"enemies":"Colosseum Nobs","floor":20,"turns":5},{"damage":10,"enemies":"Centurion and Healer","floor":21,"turns":5},{"damage":22,"enemies":"Slavers","floor":23,"turns":7},{"damage":0,"enemies":"Snecko","floor":27,"turns":5},{"damage":31,"enemies":"Gremlin Leader","floor":28,"turns":7},{"damage":14,"enemies":"3 Cultists","floor":29,"turns":6},{"damage":0,"enemies":"Chosen and Byrds","floor":31,"turns":5},{"damage":44,"enemies":"Collector","floor":33,"turns":9},{"damage":25,"enemies":"3 Shapes","floor":35,"turns":4},{"damage":23,"enemies":"3 Darklings","floor":38,"turns":6},{"damage":16,"enemies":"Jaw Worm Horde","floor":39,"turns":6},{"damage":11,"enemies":"Giant Head","floor":41,"turns":9},{"damage":0,"enemies":"Spire Growth","floor":42,"turns":4},{"damage":0,"enemies":"Sphere and 2 Shapes","floor":46,"turns":3},{"damage":0,"enemies":"Nemesis","floor":48,"turns":5},{"damage":70,"enemies":"Time Eater","floor":50,"turns":8}],"seed_played":"-8803609640175454799","potions_obtained":[{"floor":3,"key":"SpeedPotion"},{"floor":5,"key":"EssenceOfSteel"},{"floor":7,"key":"Block Potion"},{"floor":14,"key":"LiquidBronze"}],"is_trial":false,"path_per_floor":["M","?","M","M","M","M","M","E","T","R","?","$","E","E","R","B",null,"M","M","?","M","$","E","R","$","T","M","E","M","T","M","R","B",null,"M","?","$","M","M","R","E","M","T","?","R","M","R","E","R","B",null],"character_chosen":"IRONCLAD","items_purchased":["Anchor","Shrug It Off","Armaments","Melter","Evolve","Apotheosis"],"campfire_rested":4,"item_purchase_floors":[12,22,22,22,22,37],"current_hp_per_floor":[75,75,75,75,75,74,74,71,77,86,69,69,56,56,56,62,92,92,82,57,47,47,25,67,67,73,73,42,28,34,34,80,42,128,103,103,103,80,64,117,106,106,112,102,102,102,102,102,102,38],"gold":207,"neow_bonus":"","is_prod":false,"is_daily":true,"chose_seed":false,"campfire_upgraded":1,"win_rate":0,"timestamp":1549762845,"path_taken":["M","?","?","M","M","M","M","E","T","R","?","?","?","E","R","BOSS","M","M","?","?","$","E","R","$","T","M","E","M","?","M","R","BOSS","M","?","$","M","M","R","E","?","T","?","R","M","R","?","R","BOSS"],"build_version":"2019-01-23","purchased_purges":2,"victory":true,"max_hp_per_floor":[80,80,80,80,80,80,80,80,86,86,86,86,86,86,86,92,92,92,92,92,92,92,92,92,92,98,98,98,98,104,104,104,110,128,128,128,128,128,128,128,128,128,134,134,134,134,134,134,134,140],"card_choices":[{"not_picked":["Redo","Sword Boomerang"],"picked":"Conserve Battery","floor":1},{"not_picked":["Flex","Thunderclap"],"picked":"Metallicize","floor":3},{"not_picked":["Gash","Beam Cell"],"picked":"Inflame","floor":4},{"not_picked":["Steam","Bloodletting"],"picked":"Cold Snap","floor":5},{"not_picked":["Anger","Iron Wave"],"picked":"Conserve Battery","floor":6},{"not_picked":["Feed","Iron Wave"],"picked":"Hello World","floor":7},{"not_picked":["Twin Strike","Inflame"],"picked":"Headbutt","floor":8},{"not_picked":["Stack","Redo","Clothesline"],"picked":"SKIP","floor":13},{"not_picked":["Stack","Darkness"],"picked":"Demon Form","floor":14},{"not_picked":["Hello World","Chill","Feel No Pain"],"picked":"SKIP","floor":18},{"not_picked":["Cold Snap","Lockon","Compile Driver"],"picked":"SKIP","floor":19},{"not_picked":["Scrape+1","Cold Snap","Seeing Red"],"picked":"SKIP","floor":21},{"not_picked":["Searing Blow","Evolve","Reinforced Body"],"picked":"SKIP","floor":23},{"not_picked":["Sever Soul","Streamline"],"picked":"BootSequence","floor":27},{"not_picked":["Rebound+1","Auto Shields","Clash+1"],"picked":"SKIP","floor":28},{"not_picked":["Armaments","Steam Power"],"picked":"Hologram","floor":29},{"not_picked":["Melter+1","Bloodletting+1"],"picked":"Skim","floor":31},{"not_picked":["Twin Strike","Storm+1"],"picked":"Shrug It Off+1","floor":35},{"not_picked":["Rip and Tear","Rebound"],"picked":"Shrug It Off+1","floor":38},{"not_picked":["Streamline+1","Coolheaded+1"],"picked":"Beam Cell","floor":39},{"not_picked":["Bloodletting","Cold Snap+1"],"picked":"Pummel","floor":41},{"not_picked":["Gash+1","Ball Lightning+1","Armaments+1","Reinforced Body+1"],"picked":"SKIP","floor":42},{"not_picked":["PanicButton","Madness","Blind"],"picked":"Mind Blast","floor":44},{"not_picked":["Purity","HandOfGreed","Violence"],"picked":"Master of Strategy","floor":44},{"not_picked":["Violence","Enlightenment","Transmutation"],"picked":"Sadistic Nature","floor":44},{"not_picked":["Force Field+1","Melter+1","Cold Snap"],"picked":"Twin Strike","floor":46},{"not_picked":["Rebound+1","Clash","Turbo"],"picked":"Sword Boomerang","floor":48}],"player_experience":137879,"relics_obtained":[{"floor":8,"key":"Bronze Scales"},{"floor":9,"key":"Potion Belt"},{"floor":13,"key":"FossilizedHelix"},{"floor":14,"key":"Red Skull"},{"floor":20,"key":"Pocketwatch"},{"floor":20,"key":"Paper Frog"},{"floor":23,"key":"Regal Pillow"},{"floor":26,"key":"Shovel"},{"floor":28,"key":"The Courier"},{"floor":30,"key":"War Paint"},{"floor":41,"key":"Question Card"},{"floor":43,"key":"Sundial"},{"floor":45,"key":"MawBank"},{"floor":47,"key":"Lantern"},{"floor":48,"key":"Incense Burner"},{"floor":49,"key":"Shuriken"}],"event_choices":[{"damage_healed":0,"gold_gain":0,"player_choice":"Paid Gold","damage_taken":0,"relics_obtained":["Dodecahedron"],"max_hp_gain":0,"max_hp_loss":0,"event_name":"WeMeetAgain","floor":2,"gold_loss":110},{"damage_healed":0,"gold_gain":0,"player_choice":"Entered Light","damage_taken":17,"max_hp_gain":0,"max_hp_loss":0,"event_name":"Shining Light","floor":11,"gold_loss":0,"cards_upgraded":["Strike_R","Headbutt"]},{"damage_healed":0,"gold_gain":0,"player_choice":"Fight","damage_taken":0,"max_hp_gain":0,"max_hp_loss":0,"event_name":"Colosseum","floor":20,"gold_loss":0},{"damage_healed":0,"gold_gain":0,"player_choice":"Fought Nobs","damage_taken":0,"max_hp_gain":0,"max_hp_loss":0,"event_name":"Colosseum","floor":20,"gold_loss":0},{"cards_removed":["Strike_R"],"damage_healed":0,"gold_gain":0,"player_choice":"Removed Attack","damage_taken":0,"max_hp_gain":0,"max_hp_loss":0,"event_name":"Falling","floor":36,"gold_loss":0},{"damage_healed":0,"gold_gain":0,"player_choice":"Memory 3","damage_taken":10,"max_hp_gain":0,"max_hp_loss":0,"event_name":"SensoryStone","floor":44,"gold_loss":0}],"is_beta":false,"boss_relics":[{"not_picked":["Coffee Dripper","Busted Crown"],"picked":"Sozu"},{"not_picked":["Fusion Hammer","Velvet Choker"],"picked":"Astrolabe"}],"items_purged_floors":[22,37],"is_endless":false,"potions_floor_spawned":[3,5,7,8,14,20,28,31,33,35,38,41,46],"ascension_level":0}