{"gold_per_floor":[219,232,27,27,43,43,118,50,73,73,73,112,112,147,147,272,272,296,296,311,332,348,348,366,366,392,392,413,426,426,442,442,566,566,584,917,967,978,996,996,996,1024,1024,1024,1024,569,569,580,580,580,580,580,144,172,172],"floor_reached":55,"playtime":2968,"items_purged":["Doubt","Strike_B"],"score":670,"play_id":"af33898f-1886-47cc-abfb-af74ccea359f","local_time":"20190317131816","is_ascension_mode":false,"campfire_choices":[{"data":"Zap","floor":6,"key":"SMITH"},{"data":"Hologram","floor":11,"key":"SMITH"},{"data":"Loop","floor":13,"key":"SMITH"},{"floor":15,"key":"REST"},{"data":"Consume","floor":23,"key":"SMITH"},{"data":"Conserve Battery","floor":25,"key":"SMITH"},{"data":"Dualcast","floor":27,"key":"SMITH"},{"data":"Electrodynamics","floor":30,"key":"SMITH"},{"data":"Seek","floor":32,"key":"SMITH"},{"data":"Redo","floor":40,"key":"SMITH"},{"floor":45,"key":"RECALL"},{"data":"Loop","floor":49,"key":"SMITH"},{"data":"Reboot","floor":52,"key":"SMITH"}],"neow_cost":"NONE","seed_source_timestamp":1893424132865436,"circlet_count":0,"master_deck":["Strike_B","Strike_B","Defend_B","Defend_B","Defend_B","Defend_B","Zap+1","Dualcast+1","Leap","Hologram+1","Ball Lightning","Melter","Loop+1","Doom and Gloom","Electrodynamics+1","Conserve Battery+1","Consume+1","Cold Snap+1","Conserve Battery+1","Hologram+1","Seek+1","Reboot+1","Turbo+1","Redo+1","Coolheaded+1","Coolheaded+1","Loop+1","Conserve Battery","Dark Shackles","Redo","Machine Learning"],"relics":["Cracked Core","Runic Capacitor","Regal Pillow","Bag of Marbles","Odd Mushroom","Sozu","Busted Crown","Torii","Pen Nib","Darkstone Periapt","Gremlin Horn","Sling","Anchor"],"potions_floor_usage":[12,14],"damage_taken":[{"damage":6,"enemies":"Jaw Worm","floor":1,"turns":4},{"damage":0,"enemies":"Small Slimes","floor":2,"turns":5},{"damage":1,"enemies":"2 Louse","floor":5,"turns":2},{"damage":25,"enemies":"Gremlin Nob","floor":12,"turns":4},{"damage":13,"enemies":"The Mushroom Lair","floor":14,"turns":4},{"damage":6,"enemies":"Slime Boss","floor":16,"turns":8},{"damage":1,"enemies":"Chosen","floor":18,"turns":4},{"damage":6,"enemies":"3 Byrds","floor":20,"turns":4},{"damage":12,"enemies":"3 Cultists","floor":21,"turns":4},{"damage":0,"enemies":"Chosen and Byrds","floor":22,"turns":4},{"damage":5,"enemies":"Centurion and Healer","floor":24,"turns":4},{"damage":17,"enemies":"Snake Plant","floor":28,"turns":4},{"damage":8,"enemies":"3 Cultists","floor":29,"turns":3},{"damage":0,"enemies":"Cultist and Chosen","floor":31,"turns":4},{"damage":15,"enemies":"Collector","floor":33,"turns":7},{"damage":0,"enemies":"3 Shapes","floor":35,"turns":3},{"damage":16,"enemies":"2 Orb Walkers","floor":37,"turns":3},{"damage":0,"enemies":"3 Darklings","floor":38,"turns":3},{"damage":15,"enemies":"4 Shapes","floor":39,"turns":3},{"damage":38,"enemies":"Nemesis","floor":42,"turns":7},{"damage":16,"enemies":"Maw","floor":48,"turns":6},{"damage":10,"enemies":"Awakened One","floor":50,"turns":10},{"damage":68,"enemies":"Shield and Spear","floor":54,"turns":5},{"damage":13,"enemies":"The Heart","floor":55,"turns":3}],"seed_played":"-4184250311144368305","potions_obtained":[{"floor":5,"key":"Weak Potion"},{"floor":12,"key":"Regen Potion"}],"is_trial":false,"path_per_floor":["M","M","$","?","M","R","?","$","T","$","R","E","R","?","R","B",null,"M","?","M","M","M","R","M","R","T","R","M","M","R","M","R","B",null,"M","?","?","M","M","R","?","E","T","?","R","$","?","M","R","B",null,"R","$","E","B"],"character_chosen":"DEFECT","items_purchased":["Runic Capacitor","Melter","Gremlin Horn","Loop","Conserve Battery","Dark Shackles","Redo","Sling"],"campfire_rested":1,"item_purchase_floors":[3,8,46,46,46,53,53,53],"current_hp_per_floor":[69,69,69,51,50,50,39,39,39,39,39,14,14,13,50,44,75,74,74,68,56,56,56,51,51,51,51,34,26,26,26,26,11,75,75,75,59,59,44,44,44,6,6,81,81,81,76,60,60,50,81,81,81,13,0],"gold":172,"neow_bonus":"HUNDRED_GOLD","is_prod":false,"is_daily":false,"chose_seed":false,"campfire_upgraded":11,"win_rate":0,"timestamp":1552799896,"path_taken":["M","M","$","?","M","R","?","?","T","$","R","E","R","?","R","BOSS","M","?","M","M","M","R","M","R","T","R","M","?","R","M","R","BOSS","M","?","?","M","M","R","?","E","T","?","R","$","?","M","R","BOSS","R","$","E","BOSS"],"build_version":"2019-01-23","purchased_purges":2,"victory":false,"max_hp_per_floor":[75,75,75,75,75,75,75,75,75,75,75,75,75,75,75,75,75,75,75,75,75,75,75,75,75,75,75,75,75,75,75,75,75,75,75,75,75,75,75,75,75,75,75,81,81,81,81,81,81,81,81,81,81,81,81],"card_choices":[{"not_picked":["Streamline","Lockon"],"picked":"Leap","floor":1},{"not_picked":["Blizzard","Reprogram"],"picked":"Hologram","floor":2},{"not_picked":["Redo","Streamline"],"picked":"Ball Lightning","floor":5},{"not_picked":["Barrage","Capacitor"],"picked":"Loop","floor":12},{"not_picked":["Multi-Cast","FTL"],"picked":"Doom and Gloom","floor":14},{"not_picked":["Buffer","Creative AI"],"picked":"Electrodynamics","floor":16},{"not_picked":["Compile Driver+1","Melter+1"],"picked":"Conserve Battery","floor":18},{"not_picked":["Aggregate","Melter"],"picked":"Consume","floor":20},{"not_picked":["Turbo","Sweeping Beam","Heatsinks"],"picked":"SKIP","floor":21},{"not_picked":["Leap","Auto Shields+1"],"picked":"Cold Snap+1","floor":22},{"not_picked":["Redo","Cold Snap"],"picked":"Conserve Battery+1","floor":24},{"not_picked":["Auto Shields+1","Steam","Melter"],"picked":"SKIP","floor":28},{"not_picked":["Loop","Ball Lightning"],"picked":"Hologram+1","floor":29},{"not_picked":["Beam Cell+1","Reinforced Body"],"picked":"Seek","floor":31},{"not_picked":["Seek","Core Surge"],"picked":"Reboot","floor":33},{"not_picked":["Steam"],"picked":"SKIP","floor":35},{"not_picked":[],"picked":"Turbo+1","floor":37},{"not_picked":[],"picked":"Redo","floor":38},{"not_picked":[],"picked":"Coolheaded+1","floor":39},{"not_picked":[],"picked":"Coolheaded+1","floor":42},{"not_picked":["Storm"],"picked":"SKIP","floor":48},{"not_picked":[],"picked":"Machine Learning","floor":54}],"player_experience":842976,"relics_obtained":[{"floor":9,"key":"Regal Pillow"},{"floor":12,"key":"Bag of Marbles"},{"floor":14,"key":"Odd Mushroom"},{"floor":37,"key":"Torii"},{"floor":42,"key":"Pen Nib"},{"floor":43,"key":"Darkstone Periapt"},{"floor":54,"key":"Anchor"}],"event_choices":[{"damage_healed":0,"gold_gain":0,"player_choice":"Take Damage","damage_taken":18,"relics_obtained":["Golden Idol"],"max_hp_gain":0,"max_hp_loss":0,"event_name":"Golden Idol","floor":4,"gold_loss":0},{"damage_healed":0,"gold_gain":75,"player_choice":"Gather Gold","damage_taken":11,"max_hp_gain":0,"max_hp_loss":0,"event_name":"World of Goop","floor":7,"gold_loss":0},{"damage_healed":0,"gold_gain":0,"player_choice":"Fought Mushrooms","damage_taken":0,"max_hp_gain":0,"max_hp_loss":0,"event_name":"Mushrooms","floor":14,"gold_loss":0},{"cards_removed":["Strike_B"],"damage_healed":0,"gold_gain":0,"player_choice":"Purged","damage_taken":0,"max_hp_gain":0,"max_hp_loss":0,"event_name":"Purifier","floor":19,"gold_loss":0},{"damage_healed":0,"gold_gain":333,"player_choice":"Gave Idol","damage_taken":0,"max_hp_gain":0,"max_hp_loss":0,"event_name":"The Moai Head","floor":36,"relics_lost":["Golden Idol"],"gold_loss":0},{"damage_healed":0,"gold_gain":0,"player_choice":"Fight","damage_taken":0,"max_hp_gain":0,"max_hp_loss":0,"event_name":"Mysterious Sphere","floor":37,"gold_loss":0},{"damage_healed":0,"gold_gain":0,"player_choice":"Ignored","damage_taken":0,"max_hp_gain":0,"max_hp_loss":0,"event_name":"Tomb of Lord Red Mask","floor":41,"gold_loss":0},{"damage_healed":69,"gold_gain":0,"player_choice":"Heal","damage_taken":0,"max_hp_gain":0,"max_hp_loss":0,"event_name":"MindBloom","floor":44,"gold_loss":0,"cards_obtained":["Doubt"]},{"damage_healed":0,"gold_gain":0,"player_choice":"Memory 2","damage_taken":5,"max_hp_gain":0,"max_hp_loss":0,"event_name":"SensoryStone","floor":47,"gold_loss":0}],"is_beta":false,"boss_relics":[{"not_picked":["Ectoplasm","Coffee Dripper"],"picked":"Sozu"},{"not_picked":["White Beast Statue","Inserter"],"picked":"Busted Crown"}],"items_purged_floors":[46,53],"is_endless":false,"potions_floor_spawned":[5,12,18,22,29,31,35,38,48],"killed_by":"The Heart","ascension_level":0}