{"gold_per_floor":[115,134,84,104,104,104,116,131,188,213,226,241,241,255,255,357,357,377,377],"floor_reached":19,"playtime":798,"items_purged":[],"score":251,"play_id":"ffa5ddd9-ba28-4147-9378-8f0454a50ac3","local_time":"20190113201116","is_ascension_mode":true,"campfire_choices":[{"data":"Deadly Poison","floor":6,"key":"SMITH"},{"floor":13,"key":"REST"},{"data":"Footwork","floor":15,"key":"SMITH"}],"neow_cost":"TEN_PERCENT_HP_LOSS","seed_source_timestamp":273605274987700,"circlet_count":0,"master_deck":["Defend_G","Defend_G","Defend_G","Defend_G","Defend_G","Strike_G","Strike_G","Strike_G","Strike_G","Survivor","Neutralize","Unload","PiercingWail","Predator","Deadly Poison+1","Footwork+1","Escape Plan","Noxious Fumes","Deflect","Dodge and Roll","Wraith Form v2","Backflip+1"],"relics":["Ring of the Serpent","Kunai","Tiny Chest","Peace Pipe"],"potions_floor_usage":[12,19],"damage_taken":[{"damage":0,"enemies":"Small Slimes","floor":1,"turns":3},{"damage":0,"enemies":"Jaw Worm","floor":2,"turns":5},{"damage":0,"enemies":"2 Louse","floor":4,"turns":2},{"damage":3,"enemies":"Large Slime","floor":7,"turns":6},{"damage":13,"enemies":"Red Slaver","floor":8,"turns":3},{"damage":32,"enemies":"Gremlin Nob","floor":10,"turns":4},{"damage":4,"enemies":"2 Fungi Beasts","floor":11,"turns":4},{"damage":0,"enemies":"3 Louse","floor":12,"turns":4},{"damage":2,"enemies":"Red Slaver","floor":14,"turns":5},{"damage":29,"enemies":"Slime Boss","floor":16,"turns":15},{"damage":13,"enemies":"Spheric Guardian","floor":18,"turns":6},{"damage":42,"enemies":"Masked Bandits","floor":19,"turns":4}],"seed_played":"5536506110930460166","potions_obtained":[{"floor":2,"key":"SpeedPotion"},{"floor":4,"key":"SpeedPotion"},{"floor":7,"key":"Regen Potion"},{"floor":11,"key":"Energy Potion"},{"floor":16,"key":"Explosive Potion"}],"is_trial":false,"path_per_floor":["M","M","?","M","T","R","M","M","T","E","M","M","R","M","R","B",null,"M","?"],"character_chosen":"THE_SILENT","items_purchased":[],"campfire_rested":1,"item_purchase_floors":[],"current_hp_per_floor":[63,63,63,63,63,63,60,47,47,15,11,25,43,41,41,12,50,37,0],"gold":377,"neow_bonus":"THREE_RARE_CARDS","is_prod":false,"is_daily":false,"chose_seed":false,"campfire_upgraded":2,"win_rate":0,"timestamp":1547406676,"path_taken":["M","M","?","M","?","R","M","M","T","E","M","?","R","M","R","BOSS","M","?"],"build_version":"2019-01-10","purchased_purges":0,"victory":false,"max_hp_per_floor":[63,63,63,63,63,63,63,63,63,63,63,63,63,63,63,63,63,63,63],"card_choices":[{"not_picked":["A Thousand Cuts","Phantasmal Killer"],"picked":"Unload","floor":0},{"not_picked":["Finisher","Dodge and Roll"],"picked":"PiercingWail","floor":1},{"not_picked":["PiercingWail","Blade Dance"],"picked":"Predator","floor":2},{"not_picked":["Heel Hook","Underhanded Strike"],"picked":"Deadly Poison","floor":4},{"not_picked":["Infinite Blades","Slice"],"picked":"Footwork","floor":7},{"not_picked":["Bane","Flying Knee"],"picked":"Escape Plan","floor":8},{"not_picked":["Slice","Accuracy","Eviscerate"],"picked":"SKIP","floor":10},{"not_picked":["PiercingWail","Deadly Poison"],"picked":"Noxious Fumes","floor":11},{"not_picked":["Noxious Fumes","Infinite Blades"],"picked":"Deflect","floor":12},{"not_picked":["Poisoned Stab","Outmaneuver"],"picked":"Dodge and Roll","floor":14},{"not_picked":["Doppelganger","Grand Finale"],"picked":"Wraith Form v2","floor":16},{"not_picked":["Skewer","Sucker Punch+1"],"picked":"Backflip+1","floor":18}],"player_experience":376708,"relics_obtained":[{"floor":5,"key":"Kunai"},{"floor":9,"key":"Tiny Chest"},{"floor":10,"key":"Peace Pipe"}],"event_choices":[{"cards_removed":["Strike_G"],"damage_healed":0,"gold_gain":0,"player_choice":"Card Removal","damage_taken":0,"max_hp_gain":0,"max_hp_loss":0,"event_name":"The Cleric","floor":3,"gold_loss":50},{"damage_healed":0,"gold_gain":0,"player_choice":"Fought Bandits","damage_taken":0,"max_hp_gain":0,"max_hp_loss":0,"event_name":"Masked Bandits","floor":19,"gold_loss":0}],"is_beta":false,"boss_relics":[{"not_picked":["Calling Bell","Velvet Choker"],"picked":"Ring of the Serpent"}],"items_purged_floors":[],"is_endless":false,"potions_floor_spawned":[2,4,7,11,16,18],"killed_by":"Masked Bandits","ascension_level":9}