{"path_per_floor":["M","M","M","M","M","R","M","$","T","M","M","?","$","M","R"],"character_chosen":"IRONCLAD","items_purchased":["Anchor"],"gold_per_floor":[119,137,155,174,194,194,209,52,52,67,81,81,6,17,17],"floor_reached":16,"campfire_rested":0,"playtime":1269,"current_hp_per_floor":[45,50,51,43,34,34,36,36,36,37,43,43,43,45,45],"items_purged":["Strike_R"],"gold":17,"score":98,"play_id":"a0f04bfe-6f0f-4df6-b501-d25091c0a029","is_prod":false,"is_daily":false,"is_ascension_mode":false,"campfire_upgraded":2,"path_taken":["M","M","M","M","M","R","M","$","T","M","M","?","?","M","R","BOSS"],"build_version":"2018-02-22-PROD2","purchased_purges":1,"victory":false,"master_deck":["Strike_R","Strike_R","Strike_R","Strike_R","Defend_R","Defend_R","Defend_R","Defend_R","Bash+1","Limit Break","Sword Boomerang","Shrug It Off","Bloodletting","Havoc","Seeing Red","Armaments+1","Pommel Strike","Offering","True Grit"],"max_hp_per_floor":[80,80,80,80,80,80,80,80,80,80,80,80,80,80,80],"relics":["Burning Blood","Anchor","Champion Belt"],"card_choices":[{"not_picked":["Reaper","Berserk"],"picked":"Limit Break"},{"not_picked":["Anger","Warcry"],"picked":"Sword Boomerang"},{"not_picked":["Ghostly Armor","Dual Wield"],"picked":"Shrug It Off"},{"not_picked":["Metallicize","Wild Strike"],"picked":"Bloodletting"},{"not_picked":["Perfected Strike","Dropkick"],"picked":"Havoc"},{"not_picked":["Battle Trance","Entrench"],"picked":"Seeing Red"},{"not_picked":["Searing Blow","Havoc"],"picked":"Armaments"},{"not_picked":["Twin Strike","Searing Blow"],"picked":"Pommel Strike"},{"not_picked":["Evolve","Havoc"],"picked":"Offering"},{"not_picked":["Anger","Infernal Blade"],"picked":"True Grit"}],"player_experience":169243,"potions_floor_usage":[16,16,16],"damage_taken":[{"damage":1,"enemies":"2 Louse","floor":1,"turns":3},{"damage":1,"enemies":"Cultist","floor":2,"turns":3},{"damage":5,"enemies":"Jaw Worm","floor":3,"turns":5},{"damage":14,"enemies":"Lots of Slimes","floor":4,"turns":6},{"damage":15,"enemies":"Red Slaver","floor":5,"turns":6},{"damage":4,"enemies":"3 Louse","floor":7,"turns":4},{"damage":5,"enemies":"Exordium Wildlife","floor":10,"turns":6},{"damage":0,"enemies":"2 Fungi Beasts","floor":11,"turns":4},{"damage":4,"enemies":"Looter","floor":14,"turns":2},{"damage":49,"enemies":"Hexaghost","floor":16,"turns":10}],"event_choices":[{"event_name":"Liars Game","player_choice":"disagreed","floor":12,"damage_taken":0}],"boss_relics":[],"potions_floor_spawned":[3,5,7,10,14],"seed_played":"-4888927286388987163","killed_by":"Hexaghost","ascension_level":0,"is_trial":false}