{"gold_per_floor":[109,126,136,154,79,79,93,93,146,166,184,184,203,103,103,206,206,224,236,30,46,46,46,46,46,46,64,1,29,42,52,52,52],"floor_reached":33,"playtime":1089,"items_purged":["Strike_R","Strike_R","Strike_R"],"score":326,"play_id":"7840c128-dd9c-4123-a0a1-b825ed53e7f7","local_time":"20190421210805","is_ascension_mode":true,"campfire_choices":[{"data":"Blind","floor":6,"key":"SMITH"},{"data":"Flex","floor":8,"key":"SMITH"},{"data":"Bash","floor":15,"key":"SMITH"},{"data":"Battle Trance","floor":23,"key":"SMITH"},{"floor":25,"key":"REST"},{"data":"Shrug It Off","floor":32,"key":"SMITH"}],"neow_cost":"NONE","seed_source_timestamp":735465203384388,"circlet_count":0,"master_deck":["Strike_R","Defend_R","Defend_R","Defend_R","Defend_R","Bash+1","Blind+1","Flex+1","Inflame","Twin Strike","Twin Strike","Twin Strike","Battle Trance+1","Sword Boomerang","Exhume","Body Slam+1","Whirlwind","True Grit","Pommel Strike","Pommel Strike+1","Shrug It Off+1"],"relics":["Burning Blood","Tiny Chest","Odd Mushroom","Sozu","Membership Card","Gremlin Horn","Vajra"],"potions_floor_usage":[4,7,11,16,29],"damage_taken":[{"damage":2,"enemies":"Cultist","floor":1,"turns":4},{"damage":6,"enemies":"Jaw Worm","floor":2,"turns":4},{"damage":0,"enemies":"Small Slimes","floor":3,"turns":3},{"damage":27,"enemies":"Gremlin Gang","floor":4,"turns":5},{"damage":9,"enemies":"Blue Slaver","floor":7,"turns":4},{"damage":18,"enemies":"The Mushroom Lair","floor":10,"turns":4},{"damage":10,"enemies":"Exordium Wildlife","floor":11,"turns":4},{"damage":14,"enemies":"Lots of Slimes","floor":13,"turns":3},{"damage":18,"enemies":"Slime Boss","floor":16,"turns":7},{"damage":13,"enemies":"Shell Parasite","floor":18,"turns":4},{"damage":6,"enemies":"Spheric Guardian","floor":19,"turns":3},{"damage":20,"enemies":"Shelled Parasite and Fungi","floor":21,"turns":4},{"damage":30,"enemies":"Sentry and Sphere","floor":27,"turns":5},{"damage":23,"enemies":"Slavers","floor":29,"turns":4},{"damage":0,"enemies":"Cultist and Chosen","floor":30,"turns":3},{"damage":1,"enemies":"Chosen and Byrds","floor":31,"turns":3},{"damage":35,"enemies":"Champ","floor":33,"turns":3}],"seed_played":"3303977158374777881","potions_obtained":[{"floor":3,"key":"LiquidBronze"},{"floor":4,"key":"Regen Potion"},{"floor":10,"key":"Poison Potion"},{"floor":13,"key":"Block Potion"},{"floor":16,"key":"Strength Potion"}],"is_trial":false,"path_per_floor":["M","M","M","M","$","R","M","R","T","?","M","?","M","$","R","B",null,"M","M","$","M","$","R","?","R","T","M","$","E","M","M","R","B"],"character_chosen":"IRONCLAD","items_purchased":["Membership Card"],"campfire_rested":1,"item_purchase_floors":[20],"current_hp_per_floor":[80,80,80,59,59,59,68,68,68,56,52,52,44,44,44,32,68,61,61,61,47,47,47,32,57,57,33,33,16,22,27,27,0],"gold":52,"neow_bonus":"RANDOM_COLORLESS","is_prod":false,"is_daily":false,"chose_seed":false,"campfire_upgraded":5,"win_rate":0,"timestamp":1555852085,"path_taken":["M","?","M","M","$","R","M","R","T","?","M","?","M","$","R","BOSS","M","?","$","M","$","R","?","R","T","M","?","E","M","M","R","BOSS"],"build_version":"2019-01-23","purchased_purges":3,"victory":false,"max_hp_per_floor":[80,80,80,80,80,80,80,80,80,80,80,80,80,80,80,80,80,80,80,80,80,80,80,85,85,85,85,85,85,85,85,85,85],"card_choices":[{"not_picked":["Twin Strike","Havoc"],"picked":"Flex","floor":1},{"not_picked":["Juggernaut","Armaments"],"picked":"Inflame","floor":2},{"not_picked":["Fire Breathing","Burning Pact","Perfected Strike"],"picked":"SKIP","floor":3},{"not_picked":["Flex","Dropkick"],"picked":"Twin Strike","floor":4},{"not_picked":["Carnage","Spot Weakness"],"picked":"Twin Strike","floor":7},{"not_picked":["Clothesline","Clash"],"picked":"Twin Strike","floor":10},{"not_picked":["Anger","Warcry"],"picked":"Battle Trance","floor":11},{"not_picked":["Armaments","Corruption"],"picked":"Sword Boomerang","floor":13},{"not_picked":["Juggernaut","Barricade"],"picked":"Exhume","floor":16},{"not_picked":["Twin Strike","Sword Boomerang"],"picked":"Body Slam+1","floor":18},{"not_picked":["Thunderclap","Havoc","Clash+1"],"picked":"SKIP","floor":19},{"not_picked":["Metallicize","Perfected Strike"],"picked":"Whirlwind","floor":21},{"not_picked":["Clothesline","Battle Trance+1"],"picked":"True Grit","floor":27},{"not_picked":["Second Wind","Blood for Blood"],"picked":"Pommel Strike","floor":29},{"not_picked":["Anger","Perfected Strike"],"picked":"Pommel Strike+1","floor":30},{"not_picked":["Anger","Headbutt+1"],"picked":"Shrug It Off","floor":31}],"player_experience":999826,"relics_obtained":[{"floor":9,"key":"Tiny Chest"},{"floor":10,"key":"Odd Mushroom"},{"floor":26,"key":"Gremlin Horn"},{"floor":29,"key":"Vajra"}],"event_choices":[{"damage_healed":0,"gold_gain":0,"player_choice":"Fought Mushrooms","damage_taken":0,"max_hp_gain":0,"max_hp_loss":0,"event_name":"Mushrooms","floor":10,"gold_loss":0},{"cards_removed":["Strike_R"],"damage_healed":0,"gold_gain":0,"player_choice":"Offered Basic","damage_taken":0,"max_hp_gain":0,"max_hp_loss":0,"event_name":"Bonfire Elementals","floor":12,"gold_loss":0},{"damage_healed":0,"gold_gain":0,"player_choice":"Shed Blood","damage_taken":20,"max_hp_gain":5,"max_hp_loss":0,"event_name":"Forgotten Altar","floor":24,"gold_loss":0}],"is_beta":false,"boss_relics":[{"not_picked":["Velvet Choker","White Beast Statue"],"picked":"Sozu"}],"items_purged_floors":[5,14,28],"is_endless":false,"potions_floor_spawned":[3,4,10,13,16,27,29,30,31],"killed_by":"Champ","ascension_level":5}