{"path_per_floor":["M","M","M","M","M","R","$","E","T","R","M","E","R","M","R","B",null,"M","M","?","M","M","R","M","R","T","E","$","?","M","?","R"],"character_chosen":"IRONCLAD","items_purchased":["Twin Strike","Frozen Egg 2","Inflame"],"gold_per_floor":[112,132,147,162,175,175,78,109,109,109,125,160,160,176,176,271,271,283,303,303,318,334,334,345,345,345,375,39,39,53,53,53],"floor_reached":33,"campfire_rested":2,"playtime":3089,"current_hp_per_floor":[80,80,80,78,68,68,68,51,51,51,54,48,48,54,54,20,80,80,80,80,52,36,60,53,53,60,14,14,14,11,11,37],"items_purged":["Strike_R"],"gold":53,"score":281,"play_id":"8ef994a5-272e-4e6e-b9ac-fc11c1cc1495","is_prod":false,"is_daily":false,"is_ascension_mode":false,"campfire_upgraded":4,"path_taken":["M","M","?","M","M","R","$","E","T","R","M","E","R","M","R","BOSS","M","?","?","?","M","R","M","R","T","E","$","?","M","?","R","BOSS"],"build_version":"2018-02-15-PROD1","purchased_purges":1,"victory":false,"master_deck":["Strike_R","Strike_R","Strike_R","Defend_R","Defend_R","Defend_R","Defend_R","Bash","Hemokinesis+1","Pommel Strike+1","Headbutt","Warcry","Dropkick","Twin Strike","Impervious","Shrug It Off","Armaments+1","Twin Strike","Dark Embrace","Metallicize+1","Headbutt+1","Pommel Strike+1","Corruption+1","Pommel Strike+1","Shrug It Off","Anger","Inflame+1","Rupture+1"],"max_hp_per_floor":[80,80,80,80,80,80,80,80,80,80,80,80,80,80,80,80,80,80,80,80,80,80,80,80,80,87,87,87,87,87,87,87],"relics":["Burning Blood","Calipers","Shovel","Anchor","Bottled Lightning","Sozu","Strawberry","Shuriken","Frozen Egg 2"],"card_choices":[{"not_picked":["Blood for Blood","Barricade"],"picked":"Hemokinesis"},{"not_picked":["Headbutt","Battle Trance"],"picked":"Pommel Strike"},{"not_picked":["Flex","Clothesline"],"picked":"Headbutt"},{"not_picked":["Rupture","Sentinel"],"picked":"Warcry"},{"not_picked":["Perfected Strike","Rampage"],"picked":"Dropkick"},{"not_picked":["Infernal Blade","Perfected Strike"],"picked":"Impervious"},{"not_picked":["Sword Boomerang","Havoc"],"picked":"Shrug It Off"},{"not_picked":["Body Slam","Evolve"],"picked":"Armaments"},{"not_picked":["Burning Pact","Wild Strike"],"picked":"Twin Strike"},{"not_picked":["Bludgeon","Brutality"],"picked":"Dark Embrace"},{"not_picked":["Perfected Strike","Havoc"],"picked":"Metallicize"},{"not_picked":["Clothesline","Corruption"],"picked":"Headbutt"},{"not_picked":["Thunderclap","Iron Wave"],"picked":"Corruption"},{"not_picked":["Cleave","Heavy Blade"],"picked":"Pommel Strike"},{"not_picked":["Impervious","Headbutt"],"picked":"Shrug It Off"},{"not_picked":["Reckless Charge","Fiend Fire"],"picked":"Anger"},{"not_picked":["Headbutt","Clothesline"],"picked":"Rupture"}],"player_experience":65859,"potions_floor_usage":[12,16],"damage_taken":[{"damage":1,"enemies":"Cultist","floor":1,"turns":3},{"damage":3,"enemies":"2 Louse","floor":2,"turns":2},{"damage":6,"enemies":"Small Slimes","floor":3,"turns":3},{"damage":8,"enemies":"2 Fungi Beasts","floor":4,"turns":3},{"damage":16,"enemies":"3 Louse","floor":5,"turns":3},{"damage":23,"enemies":"3 Sentries","floor":8,"turns":6},{"damage":3,"enemies":"Exordium Thugs","floor":11,"turns":5},{"damage":12,"enemies":"Lagavulin","floor":12,"turns":5},{"damage":0,"enemies":"Looter","floor":14,"turns":2},{"damage":40,"enemies":"Hexaghost","floor":16,"turns":8},{"damage":6,"enemies":"Shell Parasite","floor":18,"turns":5},{"damage":2,"enemies":"Chosen","floor":19,"turns":4},{"damage":34,"enemies":"Centurion and Healer","floor":21,"turns":9},{"damage":22,"enemies":"Sentry and Sphere","floor":22,"turns":7},{"damage":13,"enemies":"Snake Plant","floor":24,"turns":5},{"damage":52,"enemies":"Book of Stabbing","floor":27,"turns":6},{"damage":9,"enemies":"3 Cultists","floor":30,"turns":4},{"damage":49,"enemies":"Automaton","floor":33,"turns":6}],"event_choices":[{"event_name":"Duplicator","player_choice":"One dupe","floor":20,"damage_taken":0},{"event_name":"Beggar","player_choice":"Ignored","floor":29,"damage_taken":0},{"event_name":"Addict","player_choice":"Ignored","floor":31,"damage_taken":0}],"boss_relics":[{"not_picked":["Orrery","Runic Pyramid"],"picked":"Sozu"}],"potions_floor_spawned":[1,2,11,12,16,27,30],"seed_played":"-6253805323076061098","killed_by":"Automaton","ascension_level":0,"is_trial":false}