{"gold_per_floor":[113,113,113,124,143,143,174,174,174,202,202,23,52,52,52,126,126,137,149,162,77,0,0,12,12,12,12],"floor_reached":27,"playtime":1249,"items_purged":[],"score":401,"play_id":"372e4350-e722-483a-93b0-4c146a29e99c","local_time":"20190217165439","is_ascension_mode":true,"campfire_choices":[{"data":"Well Laid Plans","floor":6,"key":"SMITH"},{"data":"Neutralize","floor":8,"key":"SMITH"},{"floor":11,"key":"REST"},{"data":"Dodge and Roll","floor":15,"key":"SMITH"},{"floor":23,"key":"REST"}],"neow_cost":"NONE","seed_source_timestamp":203713509262400,"circlet_count":0,"master_deck":["AscendersBane","Defend_G","Defend_G","Defend_G","Defend_G","Defend_G","Strike_G","Strike_G","Strike_G","Survivor","Neutralize+1","Flying Knee","Well Laid Plans+1","Dodge and Roll+1","Deadly Poison","Dash","Cloak And Dagger","PiercingWail","Envenom","Bane","Cloak And Dagger","Deflect","Cloak And Dagger+1"],"relics":["Ring of the Snake","Happy Flower","Bottled Flame","Pantograph","Peace Pipe","Snake Skull","Dodecahedron","Sozu","Bronze Scales","Mercury Hourglass"],"potions_floor_usage":[10,13],"damage_taken":[{"damage":0,"enemies":"Small Slimes","floor":1,"turns":4},{"damage":0,"enemies":"Cultist","floor":4,"turns":4},{"damage":0,"enemies":"Jaw Worm","floor":5,"turns":4},{"damage":34,"enemies":"3 Sentries","floor":7,"turns":17},{"damage":18,"enemies":"Gremlin Nob","floor":10,"turns":5},{"damage":6,"enemies":"Lagavulin","floor":13,"turns":8},{"damage":29,"enemies":"Hexaghost","floor":16,"turns":15},{"damage":0,"enemies":"3 Byrds","floor":18,"turns":5},{"damage":16,"enemies":"Shell Parasite","floor":19,"turns":7},{"damage":12,"enemies":"3 Cultists","floor":20,"turns":7},{"damage":18,"enemies":"Snake Plant","floor":24,"turns":5},{"damage":27,"enemies":"Sentry and Sphere","floor":27,"turns":6}],"seed_played":"-7702626123226862609","potions_obtained":[{"floor":1,"key":"Weak Potion"},{"floor":10,"key":"Dexterity Potion"}],"is_trial":false,"path_per_floor":["M","?","?","M","M","R","E","R","T","E","R","$","E","?","R","B",null,"M","M","M","?","?","R","M","?","T","M"],"character_chosen":"THE_SILENT","items_purchased":["Snake Skull","Cloak And Dagger"],"campfire_rested":2,"item_purchase_floors":[12,12],"current_hp_per_floor":[59,59,59,59,59,59,25,25,25,7,26,26,20,20,20,16,54,54,38,26,26,26,45,27,27,27,0],"gold":12,"neow_bonus":"RANDOM_COMMON_RELIC","is_prod":false,"is_daily":false,"chose_seed":false,"campfire_upgraded":3,"win_rate":0,"timestamp":1550418879,"path_taken":["M","?","?","M","?","R","E","R","T","E","R","$","E","?","R","BOSS","M","?","?","?","?","R","M","?","T","?"],"build_version":"2019-01-23","purchased_purges":0,"victory":false,"max_hp_per_floor":[66,66,66,66,66,66,66,66,66,66,66,66,66,66,66,66,66,66,66,66,66,66,66,66,66,66,66],"card_choices":[{"not_picked":["Leg Sweep","Blade Dance"],"picked":"Flying Knee","floor":1},{"not_picked":["Concentrate","Poisoned Stab"],"picked":"Well Laid Plans","floor":4},{"not_picked":["Backflip","Bane"],"picked":"Dodge and Roll","floor":5},{"not_picked":["Deflect","Sucker Punch"],"picked":"Deadly Poison","floor":7},{"not_picked":["Unload","Crippling Poison"],"picked":"Dash","floor":10},{"not_picked":["Blade Dance","Dagger Throw"],"picked":"PiercingWail","floor":13},{"not_picked":["Wraith Form v2","A Thousand Cuts"],"picked":"Envenom","floor":16},{"not_picked":["Accuracy","Setup"],"picked":"Bane","floor":18},{"not_picked":["Underhanded Strike","Sucker Punch"],"picked":"Cloak And Dagger","floor":19},{"not_picked":["Distraction","Concentrate+1"],"picked":"Deflect","floor":20},{"not_picked":["Deadly Poison","Reflex"],"picked":"Cloak And Dagger+1","floor":24}],"player_experience":507676,"relics_obtained":[{"floor":7,"key":"Bottled Flame"},{"floor":9,"key":"Pantograph"},{"floor":10,"key":"Peace Pipe"},{"floor":13,"key":"Dodecahedron"},{"floor":26,"key":"Mercury Hourglass"}],"event_choices":[{"damage_healed":0,"gold_gain":0,"player_choice":"Ignored","damage_taken":0,"max_hp_gain":0,"max_hp_loss":0,"event_name":"Liars Game","floor":2,"gold_loss":0},{"cards_removed":["Strike_G"],"damage_healed":0,"gold_gain":0,"player_choice":"Purged","damage_taken":0,"max_hp_gain":0,"max_hp_loss":0,"event_name":"Purifier","floor":3,"gold_loss":0},{"cards_removed":["Strike_G"],"damage_healed":0,"gold_gain":0,"player_choice":"Card Removal","damage_taken":0,"max_hp_gain":0,"max_hp_loss":0,"event_name":"Wheel of Change","floor":14,"gold_loss":0},{"damage_healed":0,"gold_gain":0,"player_choice":"Obtained Relic","damage_taken":0,"relics_obtained":["Bronze Scales"],"max_hp_gain":0,"max_hp_loss":0,"event_name":"Addict","floor":21,"gold_loss":85},{"damage_healed":0,"gold_gain":0,"player_choice":"Paid Fearfully","damage_taken":0,"max_hp_gain":0,"max_hp_loss":0,"event_name":"Masked Bandits","floor":22,"gold_loss":77},{"damage_healed":0,"gold_gain":0,"player_choice":"Ignored","damage_taken":0,"max_hp_gain":0,"max_hp_loss":0,"event_name":"Cursed Tome","floor":25,"gold_loss":0}],"is_beta":false,"boss_relics":[{"not_picked":["Orrery","Philosopher\u0027s Stone"],"picked":"Sozu"}],"items_purged_floors":[],"is_endless":false,"potions_floor_spawned":[1,10,20],"killed_by":"Sentry and Sphere","ascension_level":15}