{"gold_per_floor":[110,121,138,152,165,198,214,214,238,238,253,280,20,30,30,125,125,144,157,167,167,179,179],"floor_reached":23,"playtime":1580,"items_purged":["Strike_B"],"score":284,"play_id":"cc086106-b401-4278-9dd5-3bcbfbb2254c","local_time":"20181010195057","is_ascension_mode":false,"campfire_choices":[{"data":"Buffer","floor":8,"key":"SMITH"},{"floor":15,"key":"REST"}],"neow_cost":"NONE","seed_source_timestamp":23007581981500,"circlet_count":0,"master_deck":["Strike_B","Strike_B","Defend_B","Defend_B","Defend_B","Zap","Dualcast","Buffer+1","Consume","Conserve Battery","Leap","Capacitor","Electrodynamics","Barrage","Scrape","Conserve Battery","Capacitor","Static Discharge","Buffer","Genetic Algorithm","Leap+1","Amplify"],"relics":["Cracked Core","Ancient Tea Set","Bag of Preparation","Mummified Hand","Omamori","Nuclear Battery"],"potions_floor_usage":[12,14,16,23,23],"damage_taken":[{"damage":0,"enemies":"2 Louse","floor":1,"turns":3},{"damage":1,"enemies":"Cultist","floor":2,"turns":4},{"damage":0,"enemies":"Small Slimes","floor":3,"turns":3},{"damage":22,"enemies":"Exordium Wildlife","floor":4,"turns":7},{"damage":1,"enemies":"3 Louse","floor":5,"turns":5},{"damage":13,"enemies":"Lagavulin","floor":6,"turns":7},{"damage":5,"enemies":"Exordium Thugs","floor":7,"turns":4},{"damage":0,"enemies":"Blue Slaver","floor":11,"turns":3},{"damage":0,"enemies":"3 Sentries","floor":12,"turns":4},{"damage":0,"enemies":"3 Louse","floor":14,"turns":2},{"damage":0,"enemies":"Slime Boss","floor":16,"turns":8},{"damage":0,"enemies":"3 Byrds","floor":18,"turns":1},{"damage":12,"enemies":"Spheric Guardian","floor":19,"turns":6},{"damage":19,"enemies":"Shelled Parasite and Fungi","floor":20,"turns":6},{"damage":10,"enemies":"Chosen and Byrds","floor":22,"turns":6},{"damage":39,"enemies":"Book of Stabbing","floor":23,"turns":5}],"seed_played":"-3976769433629389173","potions_obtained":[{"floor":1,"key":"SteroidPotion"},{"floor":4,"key":"Explosive Potion"},{"floor":7,"key":"SkillPotion"},{"floor":14,"key":"FearPotion"},{"floor":22,"key":"EssenceOfSteel"}],"is_trial":false,"path_per_floor":["M","M","M","M","M","E","M","R","T","?","M","E","$","M","R","B",null,"M","M","M","?","M"],"character_chosen":"DEFECT","items_purchased":["Capacitor","Omamori"],"campfire_rested":1,"item_purchase_floors":[13,13],"current_hp_per_floor":[75,74,74,52,51,38,33,33,33,33,33,33,33,33,55,55,75,75,63,44,44,34,0],"gold":179,"neow_bonus":"ONE_RANDOM_RARE_CARD","is_prod":false,"is_daily":false,"chose_seed":false,"campfire_upgraded":1,"win_rate":1,"timestamp":1539193857,"path_taken":["M","M","M","M","M","E","M","R","T","?","M","E","$","M","R","BOSS","M","M","M","?","M","E"],"build_version":"2018-10-04v2","purchased_purges":1,"victory":false,"max_hp_per_floor":[75,75,75,75,75,75,75,75,75,75,75,75,75,75,75,75,75,75,75,75,75,75,75],"card_choices":[{"not_picked":["Hologram","Scrape"],"picked":"Consume","floor":1},{"not_picked":["Heatsinks","Double Energy"],"picked":"Conserve Battery","floor":2},{"not_picked":["Rebound","Rip and Tear","Undo"],"picked":"SKIP","floor":3},{"not_picked":["Stack","Go for the Eyes"],"picked":"Leap","floor":4},{"not_picked":["Hello World","Leap"],"picked":"Capacitor","floor":5},{"not_picked":["Rebound","Skim"],"picked":"Electrodynamics","floor":6},{"not_picked":["Streamline","Conserve Battery"],"picked":"Barrage","floor":7},{"not_picked":["Gash","Coolheaded","Streamline"],"picked":"SKIP","floor":11},{"not_picked":["Barrage","Rainbow"],"picked":"Conserve Battery","floor":12},{"not_picked":["Coolheaded","Consume"],"picked":"Static Discharge","floor":14},{"not_picked":["Seek","Electrodynamics"],"picked":"Buffer","floor":16},{"not_picked":["Hologram","Cold Snap"],"picked":"Genetic Algorithm","floor":18},{"not_picked":["Capacitor","Consume+1"],"picked":"Leap+1","floor":19},{"not_picked":["Cold Snap+1","Go for the Eyes+1"],"picked":"Amplify","floor":20},{"not_picked":["Fusion","Blizzard","Reinforced Body"],"picked":"SKIP","floor":22}],"player_experience":110108,"relics_obtained":[{"floor":6,"key":"Ancient Tea Set"},{"floor":9,"key":"Bag of Preparation"},{"floor":12,"key":"Mummified Hand"}],"event_choices":[{"event_name":"Transmorgrifier","player_choice":"Transform","floor":10,"damage_taken":0},{"event_name":"Back to Basics","player_choice":"Elegance","floor":21,"damage_taken":0}],"is_beta":false,"boss_relics":[{"not_picked":["Calling Bell","Cursed Key"],"picked":"Nuclear Battery"}],"items_purged_floors":[13],"is_endless":false,"potions_floor_spawned":[1,4,7,14,22],"killed_by":"Book of Stabbing","ascension_level":0}