{"gold_per_floor":[112,132,143,15,290,315,332,193,193,208,208,208,225,245,245,346,346,359,373,393,308,320,345,357,210,210,226,226],"floor_reached":28,"playtime":2003,"items_purged":["Strike_G","Regret","Strike_G"],"score":258,"play_id":"0e14dc88-ee17-47f0-b8f0-bf0b7dbdf5e6","local_time":"20190224012322","is_ascension_mode":true,"campfire_choices":[{"floor":12,"key":"REST"},{"floor":15,"key":"REST"}],"neow_cost":"NONE","seed_source_timestamp":527218250320100,"circlet_count":0,"master_deck":["Defend_G","Defend_G","Defend_G","Defend_G","Defend_G","Strike_G","Strike_G","Survivor","Neutralize","Skewer","Acrobatics","Footwork","Deadly Poison","Dash","Flying Knee","Backstab","Blur","Doppelganger","Noxious Fumes","Leg Sweep","Phantasmal Killer","Terror+1","Dagger Spray","Acrobatics+1","Blade Dance+1","Infinite Blades","Dodge and Roll","Underhanded Strike","Catalyst"],"relics":["Ring of the Snake","NeowsBlessing","Peace Pipe","Fusion Hammer","Matryoshka","Bag of Marbles","FossilizedHelix","Kunai"],"potions_floor_usage":[6,16,19,22,23,23,27,28],"damage_taken":[{"damage":0,"enemies":"Cultist","floor":1,"turns":1},{"damage":0,"enemies":"Small Slimes","floor":2,"turns":1},{"damage":0,"enemies":"Jaw Worm","floor":3,"turns":1},{"damage":25,"enemies":"Gremlin Nob","floor":6,"turns":5},{"damage":13,"enemies":"Lots of Slimes","floor":7,"turns":8},{"damage":5,"enemies":"2 Fungi Beasts","floor":10,"turns":3},{"damage":11,"enemies":"Exordium Wildlife","floor":13,"turns":4},{"damage":7,"enemies":"Gremlin Gang","floor":14,"turns":4},{"damage":40,"enemies":"Slime Boss","floor":16,"turns":15},{"damage":3,"enemies":"Shell Parasite","floor":18,"turns":7},{"damage":0,"enemies":"Spheric Guardian","floor":19,"turns":5},{"damage":11,"enemies":"Snecko","floor":20,"turns":5},{"damage":27,"enemies":"3 Cultists","floor":22,"turns":6},{"damage":10,"enemies":"Slavers","floor":23,"turns":8},{"damage":9,"enemies":"Shelled Parasite and Fungi","floor":24,"turns":5},{"damage":5,"enemies":"Cultist and Chosen","floor":27,"turns":5},{"damage":5,"enemies":"Sentry and Sphere","floor":28,"turns":5}],"seed_played":"-4892643226167069252","potions_obtained":[{"floor":1,"key":"EssenceOfSteel"},{"floor":6,"key":"EssenceOfSteel"},{"floor":10,"key":"SkillPotion"},{"floor":13,"key":"GamblersBrew"},{"floor":16,"key":"FearPotion"},{"floor":18,"key":"GhostInAJar"},{"floor":20,"key":"Dexterity Potion"},{"floor":23,"key":"Swift Potion"},{"floor":24,"key":"Poison Potion"}],"is_trial":false,"path_per_floor":["M","M","M","$","?","E","M","$","T","M","?","R","M","M","R","B",null,"M","M","M","?","M","E","M","$","T","M","M"],"character_chosen":"THE_SILENT","items_purchased":["Deadly Poison","Backstab","Underhanded Strike"],"campfire_rested":2,"item_purchase_floors":[4,8,25],"current_hp_per_floor":[70,70,70,70,70,45,32,32,32,27,27,48,37,30,51,11,70,67,67,56,56,29,19,10,10,10,5,0],"gold":226,"neow_bonus":"THREE_ENEMY_KILL","is_prod":false,"is_daily":false,"chose_seed":false,"campfire_upgraded":0,"win_rate":0,"timestamp":1550967802,"path_taken":["M","M","M","$","?","E","?","$","T","M","?","R","M","M","R","BOSS","M","M","M","?","M","E","M","$","T","M","M"],"build_version":"2019-01-23","purchased_purges":3,"victory":false,"max_hp_per_floor":[70,70,70,70,70,70,70,70,70,70,70,70,70,70,70,70,70,70,70,70,70,70,70,70,70,70,70,70],"card_choices":[{"not_picked":["Riddle With Holes","Deflect"],"picked":"Skewer","floor":1},{"not_picked":["Concentrate","Eviscerate"],"picked":"Acrobatics","floor":2},{"not_picked":["Quick Slash","Endless Agony"],"picked":"Footwork","floor":3},{"not_picked":["Sucker Punch","Flying Knee"],"picked":"Dash","floor":6},{"not_picked":["Eviscerate","Concentrate"],"picked":"Flying Knee","floor":7},{"not_picked":["Dagger Throw","Riddle With Holes"],"picked":"Blur","floor":10},{"not_picked":["Escape Plan","Dagger Spray"],"picked":"Noxious Fumes","floor":13},{"not_picked":["Tactician","Phantasmal Killer"],"picked":"Leg Sweep","floor":14},{"not_picked":["Storm of Steel","Glass Knife"],"picked":"Phantasmal Killer","floor":16},{"not_picked":["PiercingWail","Choke"],"picked":"Terror+1","floor":18},{"not_picked":["Riddle With Holes","Distraction"],"picked":"Dagger Spray","floor":19},{"not_picked":["Flying Knee+1","Tactician"],"picked":"Acrobatics+1","floor":20},{"not_picked":["Acrobatics+1","Dagger Throw"],"picked":"Blade Dance+1","floor":22},{"not_picked":["Blade Dance","Grand Finale"],"picked":"Infinite Blades","floor":23},{"not_picked":["Underhanded Strike","Concentrate"],"picked":"Dodge and Roll","floor":24},{"not_picked":["Prepared","Flying Knee"],"picked":"Catalyst","floor":27}],"player_experience":254972,"relics_obtained":[{"floor":6,"key":"Peace Pipe"},{"floor":23,"key":"Bag of Marbles"},{"floor":26,"key":"FossilizedHelix"},{"floor":26,"key":"Kunai"}],"event_choices":[{"damage_healed":0,"gold_gain":275,"player_choice":"Desecrate","damage_taken":0,"max_hp_gain":0,"max_hp_loss":0,"event_name":"Golden Shrine","floor":5,"gold_loss":0,"cards_obtained":["Regret"]},{"damage_healed":0,"gold_gain":0,"cards_transformed":["Strike_G"],"player_choice":"Change","damage_taken":0,"max_hp_gain":0,"max_hp_loss":0,"event_name":"Living Wall","floor":11,"gold_loss":0,"cards_obtained":["Doppelganger"]},{"damage_healed":0,"gold_gain":0,"player_choice":"Obtained Relic","damage_taken":0,"relics_obtained":["Matryoshka"],"max_hp_gain":0,"max_hp_loss":0,"event_name":"Addict","floor":21,"gold_loss":85}],"is_beta":false,"boss_relics":[{"not_picked":["Coffee Dripper","Orrery"],"picked":"Fusion Hammer"}],"items_purged_floors":[4,8,25],"is_endless":false,"potions_floor_spawned":[1,6,10,13,16,18,20,23,24],"killed_by":"Sentry and Sphere","ascension_level":1}