{"gold_per_floor":[119,135,135,135,147,147,174,174,226,239,16,32,42,56,56,152,152,163,19,33,50,61,61],"floor_reached":23,"playtime":2147,"items_purged":["Decay"],"score":197,"play_id":"81aef3d1-f1cf-43d6-86cd-dceb32105893","local_time":"20190210173844","is_ascension_mode":false,"campfire_choices":[{"data":"Backstab","floor":6,"key":"SMITH"},{"data":"A Thousand Cuts","floor":8,"key":"SMITH"},{"data":"After Image","floor":15,"key":"SMITH"}],"neow_cost":"NONE","seed_source_timestamp":1044852017999600,"circlet_count":0,"master_deck":["Defend_G","Defend_G","Defend_G","Defend_G","Defend_G","Strike_G","Strike_G","Strike_G","Strike_G","Strike_G","Neutralize","Blade Dance","Backstab+1","Terror","A Thousand Cuts+1","Finisher","Bouncing Flask","Heel Hook","Backstab","After Image+1","Burst","Regret","Injury","Outmaneuver","Crippling Poison","Escape Plan+1","Deadly Poison","Expertise"],"relics":["Ring of the Snake","Regal Pillow","Bronze Scales","Snake Skull","Calling Bell","Incense Burner","Matryoshka","Orichalcum"],"potions_floor_usage":[10,12,16,18,21,22,22,23],"damage_taken":[{"damage":0,"enemies":"Small Slimes","floor":1,"turns":3},{"damage":0,"enemies":"2 Louse","floor":2,"turns":4},{"damage":0,"enemies":"Cultist","floor":5,"turns":3},{"damage":11,"enemies":"Gremlin Nob","floor":7,"turns":3},{"damage":0,"enemies":"Gremlin Gang","floor":10,"turns":3},{"damage":0,"enemies":"Looter","floor":12,"turns":2},{"damage":0,"enemies":"3 Louse","floor":13,"turns":2},{"damage":1,"enemies":"Large Slime","floor":14,"turns":4},{"damage":6,"enemies":"Slime Boss","floor":16,"turns":7},{"damage":27,"enemies":"2 Thieves","floor":18,"turns":4},{"damage":3,"enemies":"Chosen","floor":20,"turns":5},{"damage":21,"enemies":"Centurion and Healer","floor":21,"turns":7},{"damage":18,"enemies":"Snecko","floor":22,"turns":6},{"damage":9,"enemies":"Book of Stabbing","floor":23,"turns":4}],"seed_played":"-7171155435371899520","potions_obtained":[{"floor":7,"key":"Explosive Potion"},{"floor":10,"key":"Energy Potion"},{"floor":12,"key":"Poison Potion"},{"floor":13,"key":"SteroidPotion"},{"floor":16,"key":"Strength Potion"},{"floor":18,"key":"FearPotion"},{"floor":21,"key":"GhostInAJar"},{"floor":22,"key":"AttackPotion"}],"is_trial":false,"path_per_floor":["M","M","?","?","M","R","E","R","T","M","$","M","M","M","R","B",null,"M","$","M","M","M","E"],"character_chosen":"THE_SILENT","items_purchased":["Snake Skull","Bouncing Flask","Crippling Poison"],"campfire_rested":0,"item_purchase_floors":[11,11,19],"current_hp_per_floor":[77,77,77,77,77,77,66,66,66,66,66,66,66,65,65,59,77,50,50,47,26,8,0],"gold":61,"neow_bonus":"TEN_PERCENT_HP_BONUS","is_prod":false,"is_daily":false,"chose_seed":false,"campfire_upgraded":3,"win_rate":0.0,"timestamp":1549816724,"path_taken":["M","M","?","?","?","R","E","R","T","M","$","M","M","M","R","BOSS","M","$","M","?","M","E"],"build_version":"2019-01-23","purchased_purges":1,"victory":false,"max_hp_per_floor":[77,77,77,77,77,77,77,77,77,77,77,77,77,77,77,77,77,77,77,77,77,77,77],"card_choices":[{"not_picked":["Deflect","Dagger Spray"],"picked":"Blade Dance","floor":1},{"not_picked":["Leg Sweep","Blade Dance"],"picked":"Backstab","floor":2},{"not_picked":["Die Die Die","PiercingWail"],"picked":"Terror","floor":5},{"not_picked":["Unload","Sucker Punch"],"picked":"A Thousand Cuts","floor":7},{"not_picked":["Sucker Punch","Deadly Poison"],"picked":"Finisher","floor":10},{"not_picked":["Underhanded Strike","Blade Dance"],"picked":"Heel Hook","floor":12},{"not_picked":["PiercingWail","Slice"],"picked":"Backstab","floor":13},{"not_picked":["Quick Slash","Blade Dance"],"picked":"After Image","floor":14},{"not_picked":["Wraith Form v2","Venomology"],"picked":"Burst","floor":16},{"not_picked":["Deadly Poison+1","Backflip"],"picked":"Outmaneuver","floor":18},{"not_picked":["Backstab+1","Terror"],"picked":"Escape Plan+1","floor":20},{"not_picked":["Outmaneuver","Sucker Punch+1"],"picked":"Deadly Poison","floor":21},{"not_picked":["Flechettes","Slice"],"picked":"Expertise","floor":22}],"player_experience":15122,"relics_obtained":[{"floor":7,"key":"Regal Pillow"},{"floor":9,"key":"Bronze Scales"},{"floor":17,"key":"Incense Burner"},{"floor":17,"key":"Matryoshka"},{"floor":17,"key":"Orichalcum"}],"event_choices":[{"damage_healed":0,"gold_gain":0,"player_choice":"Ignored","damage_taken":0,"max_hp_gain":0,"max_hp_loss":0,"event_name":"Liars Game","floor":3,"gold_loss":0},{"cards_removed":["Survivor"],"damage_healed":0,"gold_gain":0,"player_choice":"Offered Basic","damage_taken":0,"max_hp_gain":0,"max_hp_loss":0,"event_name":"Bonfire Elementals","floor":4,"gold_loss":0}],"is_beta":false,"boss_relics":[{"not_picked":["Cursed Key","Velvet Choker"],"picked":"Calling Bell"}],"items_purged_floors":[19],"is_endless":false,"potions_floor_spawned":[7,10,12,13,16,18,21,22],"killed_by":"Book of Stabbing","ascension_level":0}