{"gold_per_floor":[116,126,144,319,338,338,371,393,393,405,405,431,431,451,451,549,549,559,559],"floor_reached":19,"playtime":1006,"items_purged":[],"score":215,"play_id":"556c02d2-fb05-4cf6-bd4c-47a38757aa5a","local_time":"20190330010018","is_ascension_mode":true,"campfire_choices":[{"data":"Neutralize","floor":6,"key":"SMITH"},{"data":"Dodge and Roll","floor":11,"key":"SMITH"},{"floor":15,"key":"REST"}],"neow_cost":"NONE","seed_source_timestamp":30995954274000,"circlet_count":0,"master_deck":["Defend_G","Defend_G","Defend_G","Defend_G","Defend_G","Strike_G","Strike_G","Strike_G","Strike_G","Strike_G","Survivor","Neutralize+1","Dash","Deadly Poison","Dodge and Roll+1","Doubt","Footwork","Bullet Time","Caltrops","Acrobatics","A Thousand Cuts","Noxious Fumes+1"],"relics":["Ring of the Snake","NeowsBlessing","Dodecahedron","Odd Mushroom","Paper Crane","Nunchaku","Black Star"],"potions_floor_usage":[8,19,19,19],"damage_taken":[{"damage":0,"enemies":"Small Slimes","floor":1,"turns":1},{"damage":0,"enemies":"2 Louse","floor":2,"turns":1},{"damage":0,"enemies":"Jaw Worm","floor":3,"turns":1},{"damage":4,"enemies":"Looter","floor":5,"turns":3},{"damage":5,"enemies":"Lagavulin","floor":7,"turns":10},{"damage":8,"enemies":"The Mushroom Lair","floor":8,"turns":6},{"damage":2,"enemies":"2 Fungi Beasts","floor":10,"turns":4},{"damage":33,"enemies":"Gremlin Nob","floor":12,"turns":6},{"damage":2,"enemies":"Blue Slaver","floor":14,"turns":5},{"damage":41,"enemies":"Hexaghost","floor":16,"turns":14},{"damage":0,"enemies":"Shell Parasite","floor":18,"turns":7},{"damage":33,"enemies":"Colosseum Slavers","floor":19,"turns":6},{"damage":38,"enemies":"Colosseum Nobs","floor":19,"turns":3}],"seed_played":"73765950345420010","potions_obtained":[{"floor":1,"key":"Fire Potion"},{"floor":3,"key":"Energy Potion"},{"floor":14,"key":"LiquidBronze"},{"floor":16,"key":"Strength Potion"},{"floor":18,"key":"Explosive Potion"}],"is_trial":false,"path_per_floor":["M","M","M","?","M","R","E","?","T","M","R","E","?","M","R","B",null,"M","?"],"character_chosen":"THE_SILENT","items_purchased":[],"campfire_rested":1,"item_purchase_floors":[],"current_hp_per_floor":[70,70,70,70,66,66,61,53,53,51,51,18,41,39,60,19,70,70,0],"gold":559,"neow_bonus":"THREE_ENEMY_KILL","is_prod":false,"is_daily":false,"chose_seed":false,"campfire_upgraded":2,"win_rate":0,"timestamp":1553904018,"path_taken":["M","M","M","?","M","R","E","?","T","?","R","E","?","M","R","BOSS","M","?"],"build_version":"2019-01-23","purchased_purges":0,"victory":false,"max_hp_per_floor":[70,70,70,70,70,70,70,70,70,70,70,70,70,70,70,70,70,70,70],"card_choices":[{"not_picked":["Dagger Throw","Eviscerate"],"picked":"Dash","floor":1},{"not_picked":["Deflect","Acrobatics"],"picked":"Deadly Poison","floor":2},{"not_picked":["Dagger Throw","Sucker Punch"],"picked":"Dodge and Roll","floor":3},{"not_picked":["Deadly Poison","Outmaneuver"],"picked":"Footwork","floor":5},{"not_picked":["Bouncing Flask","Quick Slash"],"picked":"Bullet Time","floor":7},{"not_picked":["Dodge and Roll","Flechettes"],"picked":"Caltrops","floor":8},{"not_picked":["Heel Hook","Accuracy","Concentrate"],"picked":"SKIP","floor":10},{"not_picked":["Expertise","Flechettes","Prepared"],"picked":"SKIP","floor":12},{"not_picked":["Dagger Throw","Flying Knee"],"picked":"Acrobatics","floor":14},{"not_picked":["Night Terror","Adrenaline"],"picked":"A Thousand Cuts","floor":16},{"not_picked":["Deflect+1","Acrobatics"],"picked":"Noxious Fumes+1","floor":18}],"player_experience":453303,"relics_obtained":[{"floor":7,"key":"Dodecahedron"},{"floor":8,"key":"Odd Mushroom"},{"floor":9,"key":"Paper Crane"},{"floor":12,"key":"Nunchaku"}],"event_choices":[{"damage_healed":0,"gold_gain":175,"player_choice":"AGREE","damage_taken":0,"max_hp_gain":0,"max_hp_loss":0,"event_name":"Liars Game","floor":4,"gold_loss":0,"cards_obtained":["Doubt"]},{"damage_healed":0,"gold_gain":0,"player_choice":"Fought Mushrooms","damage_taken":0,"max_hp_gain":0,"max_hp_loss":0,"event_name":"Mushrooms","floor":8,"gold_loss":0},{"damage_healed":23,"gold_gain":0,"player_choice":"Banana","damage_taken":0,"max_hp_gain":0,"max_hp_loss":0,"event_name":"Big Fish","floor":13,"gold_loss":0},{"damage_healed":0,"gold_gain":0,"player_choice":"Fight","damage_taken":0,"max_hp_gain":0,"max_hp_loss":0,"event_name":"Colosseum","floor":19,"gold_loss":0},{"damage_healed":0,"gold_gain":0,"player_choice":"Fought Nobs","damage_taken":0,"max_hp_gain":0,"max_hp_loss":0,"event_name":"Colosseum","floor":19,"gold_loss":0}],"is_beta":false,"boss_relics":[{"not_picked":["Tiny House","Runic Dome"],"picked":"Black Star"}],"items_purged_floors":[],"is_endless":false,"potions_floor_spawned":[1,3,14,16,18],"killed_by":"Colosseum Nobs","ascension_level":4}