{"gold_per_floor":[117,131,145,145,158,158,158,158,158,46,46,63,63,98,98,203,203,216,235,13,13,0,0,27,46,73,90,90,90],"floor_reached":29,"playtime":1145,"items_purged":["Strike_G"],"score":243,"play_id":"c21aff40-6bae-4f74-b6a5-79a8f5b499e6","local_time":"20190411212009","is_ascension_mode":false,"campfire_choices":[{"data":"Footwork","floor":7,"key":"SMITH"},{"data":"Crippling Poison","floor":11,"key":"SMITH"},{"data":"Prepared","floor":13,"key":"SMITH"},{"floor":15,"key":"REST"},{"data":"RitualDagger","floor":23,"key":"SMITH"}],"neow_cost":"NONE","seed_source_timestamp":183998890838300,"circlet_count":0,"master_deck":["Defend_G","Defend_G","Defend_G","Defend_G","Defend_G","Strike_G","Strike_G","Survivor","Neutralize+1","All Out Attack","Footwork+1","Bane","Bane","Prepared+1","Crippling Poison+1","Dagger Spray","Venomology","Night Terror","Poisoned Stab","PiercingWail+1","Deadly Poison","RitualDagger+1","Blur","Glass Knife+1","Poisoned Stab+1","Corpse Explosion"],"relics":["Ring of the Snake","Shuriken","Sozu","Membership Card","Molten Egg 2","Art of War"],"potions_floor_usage":[5],"damage_taken":[{"damage":2,"enemies":"Jaw Worm","floor":1,"turns":5},{"damage":0,"enemies":"Cultist","floor":2,"turns":4},{"damage":0,"enemies":"Small Slimes","floor":3,"turns":4},{"damage":24,"enemies":"Gremlin Gang","floor":5,"turns":5},{"damage":1,"enemies":"Blue Slaver","floor":12,"turns":4},{"damage":24,"enemies":"Gremlin Nob","floor":14,"turns":4},{"damage":34,"enemies":"Slime Boss","floor":16,"turns":10},{"damage":3,"enemies":"Shell Parasite","floor":18,"turns":7},{"damage":18,"enemies":"2 Thieves","floor":19,"turns":5},{"damage":9,"enemies":"Gremlin Leader","floor":24,"turns":7},{"damage":1,"enemies":"Snake Plant","floor":25,"turns":6},{"damage":10,"enemies":"Centurion and Healer","floor":27,"turns":5},{"damage":24,"enemies":"Snecko","floor":29,"turns":4}],"seed_played":"7325688925009137345","potions_obtained":[{"floor":2,"key":"LiquidBronze"},{"floor":3,"key":"Strength Potion"},{"floor":5,"key":"Energy Potion"}],"is_trial":false,"path_per_floor":["M","M","M","?","M","?","R","$","T","$","R","M","R","E","R","B",null,"M","M","$","?","?","R","E","M","T","M","?","M"],"character_chosen":"THE_SILENT","items_purchased":["Crippling Poison","Deadly Poison","Membership Card"],"campfire_rested":1,"item_purchase_floors":[10,20,20],"current_hp_per_floor":[68,68,68,68,44,44,44,44,44,44,44,43,43,19,40,6,70,67,49,49,43,43,43,34,33,33,23,23,0],"gold":90,"neow_bonus":"REMOVE_CARD","is_prod":false,"is_daily":false,"chose_seed":false,"campfire_upgraded":4,"win_rate":0,"timestamp":1554988809,"path_taken":["M","M","M","?","?","?","R","$","T","$","R","?","R","E","R","BOSS","M","M","$","?","?","R","E","M","T","M","?","?"],"build_version":"2019-01-23","purchased_purges":1,"victory":false,"max_hp_per_floor":[70,70,70,70,70,70,70,70,70,70,70,70,70,70,70,70,70,70,70,70,70,70,70,70,70,70,70,70,70],"card_choices":[{"not_picked":["Prepared","Dodge and Roll"],"picked":"All Out Attack","floor":1},{"not_picked":["PiercingWail","Bouncing Flask"],"picked":"Footwork","floor":2},{"not_picked":["Infinite Blades","Acrobatics"],"picked":"Bane","floor":3},{"not_picked":["Deflect","Acrobatics"],"picked":"Prepared","floor":5},{"not_picked":["Underhanded Strike","Concentrate"],"picked":"Dagger Spray","floor":12},{"not_picked":["Dagger Throw","Caltrops"],"picked":"Venomology","floor":14},{"not_picked":["Venomology","Storm of Steel"],"picked":"Night Terror","floor":16},{"not_picked":["Acrobatics","Leg Sweep"],"picked":"Poisoned Stab","floor":18},{"not_picked":["Sucker Punch","Backflip"],"picked":"PiercingWail+1","floor":19},{"not_picked":["Dagger Spray","Leg Sweep"],"picked":"Blur","floor":24},{"not_picked":["Skewer+1","Expertise"],"picked":"Glass Knife+1","floor":25},{"not_picked":["PiercingWail+1","Acrobatics"],"picked":"Poisoned Stab+1","floor":27}],"player_experience":962894,"relics_obtained":[{"floor":14,"key":"Shuriken"},{"floor":24,"key":"Molten Egg 2"},{"floor":26,"key":"Art of War"}],"event_choices":[{"damage_healed":0,"gold_gain":0,"cards_transformed":["Strike_G"],"player_choice":"Transformed","damage_taken":0,"max_hp_gain":0,"max_hp_loss":0,"event_name":"Transmorgrifier","floor":4,"gold_loss":0,"cards_obtained":["Bane"]},{"damage_healed":0,"gold_gain":0,"player_choice":"Upgraded","damage_taken":0,"max_hp_gain":0,"max_hp_loss":0,"event_name":"Upgrade Shrine","floor":6,"gold_loss":0,"cards_upgraded":["Neutralize"]},{"damage_healed":0,"gold_gain":0,"player_choice":"Joined the Cult","damage_taken":6,"max_hp_gain":0,"max_hp_loss":0,"event_name":"Nest","floor":21,"gold_loss":0,"cards_obtained":["RitualDagger"]},{"damage_healed":0,"gold_gain":0,"player_choice":"Paid Fearfully","damage_taken":0,"max_hp_gain":0,"max_hp_loss":0,"event_name":"Masked Bandits","floor":22,"gold_loss":13},{"damage_healed":0,"gold_gain":0,"player_choice":"1 cards matched","damage_taken":0,"max_hp_gain":0,"max_hp_loss":0,"event_name":"Match and Keep!","floor":28,"gold_loss":0,"cards_obtained":["Corpse Explosion"]}],"is_beta":false,"boss_relics":[{"not_picked":["Runic Dome","Ectoplasm"],"picked":"Sozu"}],"items_purged_floors":[10],"is_endless":false,"potions_floor_spawned":[2,3,5,25,27],"killed_by":"Snecko","ascension_level":0}