{"gold_per_floor":[117,132,149,149,149,149,174,186,186,186,199,43,43,68,68,166,166,179,189,208,223,223,223,235,263,316,316,316,41,55,75,75,75],"floor_reached":33,"playtime":1523,"items_purged":[],"score":444,"play_id":"976349df-fdd9-4112-925d-74c87e8cb7bc","local_time":"20190401235401","is_ascension_mode":true,"campfire_choices":[{"data":"Defragment","floor":6,"key":"SMITH"},{"floor":10,"key":"REST"},{"data":"Loop","floor":13,"key":"SMITH"},{"data":"Zap","floor":15,"key":"SMITH"},{"floor":23,"key":"REST"},{"floor":28,"key":"REST"},{"floor":32,"key":"REST"}],"neow_cost":"NONE","seed_source_timestamp":304913972195668,"circlet_count":0,"master_deck":["Strike_B","Strike_B","Strike_B","Strike_B","Defend_B","Defend_B","Defend_B","Defend_B","Zap+1","Dualcast","Defragment+1","Leap","Ball Lightning","Auto Shields","Glacier","Loop+1","Electrodynamics","Buffer","BootSequence","Defragment","Leap","Self Repair","Core Surge","Cold Snap","Defragment"],"special_seed":0,"relics":["Cracked Core","Pen Nib","Anchor","PreservedInsect","Sundial","Nuclear Battery","Kunai","Bag of Marbles","Letter Opener","Sling"],"potions_floor_usage":[7,18,19,33],"damage_taken":[{"damage":2,"enemies":"Jaw Worm","floor":1,"turns":3},{"damage":0,"enemies":"2 Louse","floor":2,"turns":2},{"damage":1,"enemies":"Cultist","floor":3,"turns":3},{"damage":19,"enemies":"3 Sentries","floor":7,"turns":6},{"damage":5,"enemies":"Blue Slaver","floor":8,"turns":4},{"damage":0,"enemies":"Red Slaver","floor":11,"turns":5},{"damage":6,"enemies":"Lagavulin","floor":14,"turns":5},{"damage":0,"enemies":"Slime Boss","floor":16,"turns":6},{"damage":0,"enemies":"Chosen","floor":18,"turns":4},{"damage":0,"enemies":"Spheric Guardian","floor":19,"turns":3},{"damage":9,"enemies":"Snecko","floor":20,"turns":5},{"damage":33,"enemies":"3 Cultists","floor":21,"turns":5},{"damage":9,"enemies":"Snake Plant","floor":24,"turns":4},{"damage":22,"enemies":"Slavers","floor":25,"turns":5},{"damage":17,"enemies":"Snecko","floor":30,"turns":6},{"damage":0,"enemies":"3 Cultists","floor":31,"turns":4},{"damage":64,"enemies":"Champ","floor":33,"turns":13}],"seed_played":"-1848291504430339307","potions_obtained":[{"floor":3,"key":"Block Potion"},{"floor":7,"key":"Fire Potion"},{"floor":11,"key":"SpeedPotion"},{"floor":18,"key":"Energy Potion"},{"floor":21,"key":"Ancient Potion"},{"floor":30,"key":"SkillPotion"},{"floor":31,"key":"LiquidBronze"}],"is_trial":false,"path_per_floor":["M","M","M","?","?","R","E","M","T","R","M","$","R","E","R","B",null,"M","M","M","M","$","R","M","E","T","?","R","$","M","M","R","B"],"character_chosen":"DEFECT","items_purchased":["PreservedInsect","Defragment","Sling"],"campfire_rested":4,"item_purchase_floors":[12,29,29],"current_hp_per_floor":[66,66,65,65,65,65,46,41,41,63,63,63,63,57,57,57,71,71,71,62,29,29,51,42,27,27,27,49,49,39,39,61,0],"gold":75,"neow_bonus":"THREE_CARDS","is_prod":false,"is_daily":false,"chose_seed":false,"campfire_upgraded":3,"win_rate":0,"timestamp":1554180841,"path_taken":["M","M","M","?","?","R","E","M","T","R","M","?","R","E","R","BOSS","M","M","M","M","$","R","?","E","T","?","R","$","M","?","R","BOSS"],"build_version":"2019-01-23","purchased_purges":0,"victory":false,"max_hp_per_floor":[75,75,75,75,75,75,75,75,75,75,75,75,75,75,75,75,75,75,75,75,75,75,75,75,75,75,75,75,75,75,75,75,75],"card_choices":[{"not_picked":["Sweeping Beam","BootSequence"],"picked":"Defragment","floor":0.0},{"not_picked":["Barrage","Rebound","Hologram"],"picked":"SKIP","floor":1},{"not_picked":["Beam Cell","Recycle"],"picked":"Leap","floor":2},{"not_picked":["Genetic Algorithm","Scrape"],"picked":"Ball Lightning","floor":3},{"not_picked":["Redo","Melter"],"picked":"Auto Shields","floor":7},{"not_picked":["Blizzard","Scrape"],"picked":"Glacier","floor":8},{"not_picked":["Rebound","Beam Cell"],"picked":"Loop","floor":11},{"not_picked":["Coolheaded","Rip and Tear"],"picked":"Electrodynamics","floor":14},{"not_picked":["All For One","Creative AI"],"picked":"Buffer","floor":16},{"not_picked":["Force Field","Streamline"],"picked":"BootSequence","floor":18},{"not_picked":["Redo","Rip and Tear"],"picked":"Defragment","floor":19},{"not_picked":["Go for the Eyes","Reinforced Body"],"picked":"Leap","floor":20},{"not_picked":["Beam Cell","Streamline"],"picked":"Self Repair","floor":21},{"not_picked":["Turbo+1","Sweeping Beam"],"picked":"Core Surge","floor":24},{"not_picked":["Double Energy","Ball Lightning"],"picked":"Cold Snap","floor":25},{"not_picked":["Barrage+1","Hologram","Undo+1"],"picked":"SKIP","floor":30},{"not_picked":["Undo","Steam","Chill"],"picked":"SKIP","floor":31}],"player_experience":389349,"relics_obtained":[{"floor":7,"key":"Pen Nib"},{"floor":9,"key":"Anchor"},{"floor":14,"key":"Sundial"},{"floor":25,"key":"Kunai"},{"floor":26,"key":"Bag of Marbles"}],"event_choices":[{"damage_healed":0,"gold_gain":0,"player_choice":"Ignored","damage_taken":0,"max_hp_gain":0,"max_hp_loss":0,"event_name":"Shining Light","floor":4,"gold_loss":0},{"damage_healed":0,"gold_gain":0,"player_choice":"Ignored","damage_taken":0,"max_hp_gain":0,"max_hp_loss":0,"event_name":"Golden Wing","floor":5,"gold_loss":0},{"damage_healed":0,"gold_gain":0,"player_choice":"Gave Potion","damage_taken":0,"relics_obtained":["Letter Opener"],"max_hp_gain":0,"max_hp_loss":0,"event_name":"WeMeetAgain","floor":27,"gold_loss":0}],"is_beta":false,"boss_relics":[{"not_picked":["Calling Bell","Coffee Dripper"],"picked":"Nuclear Battery"}],"items_purged_floors":[],"is_endless":false,"potions_floor_spawned":[3,7,11,18,21,30,31],"killed_by":"Champ","ascension_level":7}