{"path_per_floor":["M","M","M","M","$","E","?","E","T","R","M","?","E","M","R","B",null,"M","M","?","M","$","R","?","R","T","$","?","M","R","M","R","B",null,"M","?","$","M","M","R","M"],"character_chosen":"IRONCLAD","items_purchased":["Orichalcum","Bag of Preparation","Seeing Red"],"gold_per_floor":[111,122,133,150,3,28,28,53,53,53,72,72,105,121,121,217,217,206,216,216,234,159,159,409,409,409,158,158,174,174,193,193,289,289,300,300,139,158,174,174,190],"floor_reached":42,"campfire_rested":1,"playtime":3569,"current_hp_per_floor":[80,80,80,76,76,65,70,54,54,79,83,83,78,72,72,58,85,85,78,59,55,55,55,55,55,55,55,55,59,59,54,54,51,59,40,40,40,32,33,33,9],"items_purged":["Defend_R","Regret","Writhe"],"gold":190,"score":446,"play_id":"b87b6121-eca8-43ab-8409-ef4a4facdef6","local_time":"20180312004125","is_prod":false,"is_daily":false,"is_ascension_mode":false,"campfire_upgraded":6,"timestamp":1520786485,"path_taken":["M","M","M","M","$","E","?","E","T","R","M","?","E","M","R","BOSS","M","M","?","M","$","R","?","R","T","$","?","M","R","M","R","BOSS","M","?","?","M","M","R","M","M"],"build_version":"2018-03-09","purchased_purges":3,"victory":false,"master_deck":["Bash+1","Spot Weakness","Headbutt","Seeing Red+1","True Grit","Thunderclap","Rupture","Blood for Blood","Pommel Strike+1","Havoc+1","Brutality+1","Havoc+1","Rupture","Bite","Bite","Bite","Bite","Bite","Armaments+1","Burning Pact+1","Armaments+1","Berserk","Body Slam","True Grit+1","Body Slam","Twin Strike+1","Seeing Red","Sword Boomerang+1","Whirlwind+1"],"max_hp_per_floor":[80,80,80,80,80,80,85,85,85,85,85,85,85,85,85,85,85,85,85,59,59,59,59,59,59,59,59,59,59,59,59,59,59,59,59,59,59,59,59,59,59],"relics":["Burning Blood","NeowsBlessing","Orichalcum","Pantograph","Dream Catcher","Gambling Chip","Torii","Mummified Hand","Mark of Pain","Frozen Eye","Bag of Preparation","Kunai","Pandora\u0027s Box"],"card_choices":[{"not_picked":["Hemokinesis","True Grit"],"picked":"Spot Weakness"},{"not_picked":["Power Through","Uppercut"],"picked":"Headbutt"},{"not_picked":["Shrug It Off","Clothesline"],"picked":"Seeing Red"},{"not_picked":["Infernal Blade","Disarm"],"picked":"Immolate"},{"not_picked":["Combust","Clothesline"],"picked":"True Grit"},{"not_picked":["Perfected Strike","Evolve"],"picked":"Thunderclap"},{"not_picked":["Heavy Blade","Perfected Strike"],"picked":"Rupture"},{"not_picked":["Thunderclap","Perfected Strike"],"picked":"Blood for Blood"},{"not_picked":["Havoc","Blood for Blood"],"picked":"Pommel Strike"},{"not_picked":["Second Wind","Anger"],"picked":"Havoc"},{"not_picked":["Impervious","Exhume"],"picked":"Brutality"},{"not_picked":["Twin Strike","Combust"],"picked":"Havoc"},{"not_picked":["Dropkick","Body Slam"],"picked":"Rupture"},{"not_picked":["Perfected Strike","Wild Strike"],"picked":"Armaments"},{"not_picked":["Metallicize","Havoc"],"picked":"Burning Pact"},{"not_picked":["Flex","Anger"],"picked":"Armaments"},{"not_picked":["Immolate","Bludgeon"],"picked":"Berserk"},{"not_picked":["Clash","Feel No Pain"],"picked":"Twin Strike"},{"not_picked":["Burning Pact","Second Wind"],"picked":"Sword Boomerang"},{"not_picked":["Twin Strike","Iron Wave"],"picked":"Whirlwind"}],"player_experience":235765,"potions_floor_usage":[18,38,39,42],"damage_taken":[{"damage":0,"enemies":"Jaw Worm","floor":1,"turns":1},{"damage":0,"enemies":"Cultist","floor":2,"turns":1},{"damage":0,"enemies":"2 Louse","floor":3,"turns":1},{"damage":10,"enemies":"Looter","floor":4,"turns":2},{"damage":17,"enemies":"3 Sentries","floor":6,"turns":6},{"damage":22,"enemies":"Gremlin Nob","floor":8,"turns":5},{"damage":2,"enemies":"Gremlin Gang","floor":11,"turns":5},{"damage":11,"enemies":"3 Sentries","floor":13,"turns":6},{"damage":12,"enemies":"Large Slime","floor":14,"turns":6},{"damage":33,"enemies":"The Guardian","floor":16,"turns":9},{"damage":1,"enemies":"2 Thieves","floor":18,"turns":4},{"damage":13,"enemies":"Spheric Guardian","floor":19,"turns":4},{"damage":18,"enemies":"Snake Plant","floor":21,"turns":4},{"damage":9,"enemies":"Chosen and Byrds","floor":29,"turns":4},{"damage":26,"enemies":"Slaver and Parasite","floor":31,"turns":5},{"damage":36,"enemies":"Automaton","floor":33,"turns":8},{"damage":32,"enemies":"3 Shapes","floor":35,"turns":7},{"damage":39,"enemies":"3 Darklings","floor":38,"turns":5},{"damage":22,"enemies":"Sphere and 2 Shapes","floor":39,"turns":5},{"damage":46,"enemies":"4 Shapes","floor":41,"turns":6},{"damage":26,"enemies":"3 Darklings","floor":42,"turns":2}],"event_choices":[{"event_name":"Big Fish","player_choice":"Donut","floor":7,"damage_taken":0},{"event_name":"Dead Adventurer","player_choice":"Searched \u00272\u0027 times","floor":12,"damage_taken":0},{"event_name":"Vampires","player_choice":"Became a vampire","floor":20,"damage_taken":0},{"event_name":"Golden Shrine","player_choice":"Desecrate","floor":24,"damage_taken":0},{"event_name":"The Mausoleum","player_choice":"Yes","floor":28,"damage_taken":0}],"boss_relics":[{"not_picked":["Runic Dome","Cursed Key"],"picked":"Mark of Pain"},{"not_picked":["Snecko Eye","Eternal Feather"],"picked":"Pandora\u0027s Box"}],"potions_floor_spawned":[1,2,11,13,14,16,18,19,31,33,35,38],"seed_played":"-3455558586945949970","killed_by":"3 Darklings","ascension_level":0,"is_trial":false}