{"gold_per_floor":[216,106,281,293,293,329,329,353,379,403,33,46,46,46,46,46],"floor_reached":16,"playtime":1104,"items_purged":[],"score":100,"play_id":"db683599-3d0f-47f6-b919-e66b49bad84b","local_time":"20190213013553","is_ascension_mode":false,"campfire_choices":[{"floor":7,"key":"REST"},{"floor":13,"key":"REST"},{"data":"Well Laid Plans","floor":15,"key":"SMITH"}],"neow_cost":"NONE","seed_source_timestamp":1247322717284500,"circlet_count":0,"master_deck":["Defend_G","Defend_G","Defend_G","Defend_G","Defend_G","Strike_G","Strike_G","Strike_G","Strike_G","Strike_G","Survivor","Neutralize","Caltrops","Infinite Blades","Endless Agony","Doubt","Well Laid Plans+1","Injury","Caltrops","Prepared","Noxious Fumes","Enlightenment","Prepared","Phantasmal Killer"],"relics":["Ring of the Snake","Golden Idol","Lantern","Juzu Bracelet","Ninja Scroll"],"potions_floor_usage":[12],"damage_taken":[{"damage":0,"enemies":"Jaw Worm","floor":1,"turns":5},{"damage":10,"enemies":"Small Slimes","floor":4,"turns":4},{"damage":52,"enemies":"Gremlin Nob","floor":6,"turns":5},{"damage":2,"enemies":"2 Louse","floor":8,"turns":4},{"damage":2,"enemies":"Large Slime","floor":10,"turns":7},{"damage":10,"enemies":"Exordium Wildlife","floor":12,"turns":4},{"damage":26,"enemies":"The Guardian","floor":16,"turns":9}],"seed_played":"4614913281516555437","potions_obtained":[{"floor":6,"key":"Explosive Potion"},{"floor":10,"key":"Block Potion"},{"floor":12,"key":"Strength Potion"}],"is_trial":false,"path_per_floor":["M","$","?","M","?","E","R","M","T","M","$","M","R","?","R","B"],"character_chosen":"THE_SILENT","items_purchased":["Infinite Blades","Endless Agony","Ninja Scroll","Enlightenment","Prepared"],"campfire_rested":2,"item_purchase_floors":[2,2,11,11,11],"current_hp_per_floor":[70,70,70,60,60,8,29,27,27,25,25,15,36,36,36,10],"gold":46,"neow_bonus":"HUNDRED_GOLD","is_prod":false,"is_daily":false,"chose_seed":false,"campfire_upgraded":1,"win_rate":0.0,"timestamp":1550018153,"path_taken":["M","$","?","M","?","E","R","M","T","M","$","M","R","?","R","BOSS"],"build_version":"2019-01-23","purchased_purges":0,"victory":false,"max_hp_per_floor":[70,70,70,70,70,70,70,70,70,70,70,70,70,70,70,70],"card_choices":[{"not_picked":["Slice","Finisher"],"picked":"Caltrops","floor":1},{"not_picked":["Bouncing Flask","Poisoned Stab"],"picked":"Well Laid Plans","floor":4},{"not_picked":["Slice","Well Laid Plans"],"picked":"Caltrops","floor":6},{"not_picked":["Dagger Throw","Footwork"],"picked":"Prepared","floor":8},{"not_picked":["Masterful Stab","All Out Attack"],"picked":"Noxious Fumes","floor":10},{"not_picked":["Dodge and Roll","Reflex"],"picked":"Phantasmal Killer","floor":12}],"player_experience":75989,"relics_obtained":[{"floor":6,"key":"Lantern"},{"floor":9,"key":"Juzu Bracelet"}],"event_choices":[{"damage_healed":0,"gold_gain":175,"player_choice":"AGREE","damage_taken":0,"max_hp_gain":0,"max_hp_loss":0,"event_name":"Liars Game","floor":3,"gold_loss":0,"cards_obtained":["Doubt"]},{"damage_healed":0,"gold_gain":0,"player_choice":"Take Wound","damage_taken":0,"relics_obtained":["Golden Idol"],"max_hp_gain":0,"max_hp_loss":0,"event_name":"Golden Idol","floor":5,"gold_loss":0,"cards_obtained":["Injury"]},{"damage_healed":0,"gold_gain":0,"player_choice":"Ignored","damage_taken":0,"max_hp_gain":0,"max_hp_loss":0,"event_name":"Golden Wing","floor":14,"gold_loss":0}],"is_beta":false,"boss_relics":[],"items_purged_floors":[],"is_endless":false,"potions_floor_spawned":[6,10,12],"killed_by":"The Guardian","ascension_level":0}