{"gold_per_floor":[359,379,26,45,61,61,61,88,88,88,105,136,154,154,154,251,251,265,35,35,35,52,52,80,80,80,100,112,112,126,126,126,224,224,236,249,296,296,101,101,135,135,135,152,168,181,196,223,223,223],"floor_reached":51,"playtime":4015,"items_purged":["Decay","Strike_G","Pain"],"score":776,"play_id":"9067a9df-e667-4d51-a3bb-bc3107a90c1d","local_time":"20181018205529","is_ascension_mode":true,"campfire_choices":[{"data":"Neutralize","floor":6,"key":"SMITH"},{"floor":10,"key":"REST"},{"floor":15,"key":"REST"},{"floor":23,"key":"REST"},{"data":"Footwork","floor":25,"key":"SMITH"},{"floor":29,"key":"REST"},{"data":"Leg Sweep","floor":32,"key":"SMITH"},{"floor":40,"key":"REST"},{"floor":42,"key":"REST"},{"floor":49,"key":"REST"}],"neow_cost":"CURSE","seed_source_timestamp":646874931253300,"circlet_count":0,"master_deck":["Defend_G","Defend_G","Defend_G","Defend_G","Defend_G","Strike_G","Strike_G","Survivor","Neutralize+1","Quick Slash","Footwork+1","Skewer","Crippling Poison","Dagger Throw","Leg Sweep+1","Die Die Die","Backflip+1","Escape Plan","Backstab+1","Skewer","Prepared","Dagger Throw+1","Infinite Blades+1","After Image+1","Escape Plan+1","Noxious Fumes+1","A Thousand Cuts+1","Footwork+1","Cloak And Dagger+1","Prepared+1","Caltrops+1","Backflip+1"],"relics":["Ring of the Snake","ClockworkSouvenir","Darkstone Periapt","Sundial","Paper Crane","Empty Cage","MutagenicStrength","Nilry\u0027s Codex","Lantern","Frozen Egg 2","Fusion Hammer","Turnip","WarpedTongs","Dream Catcher","WingedGreaves","Mummified Hand"],"potions_floor_usage":[5,13,16,33,33,33,46,48,50,50],"damage_taken":[{"damage":2,"enemies":"Cultist","floor":1,"turns":4},{"damage":2,"enemies":"Small Slimes","floor":2,"turns":5},{"damage":0,"enemies":"Jaw Worm","floor":4,"turns":5},{"damage":13,"enemies":"Lots of Slimes","floor":5,"turns":5},{"damage":28,"enemies":"Gremlin Nob","floor":8,"turns":5},{"damage":0,"enemies":"Looter","floor":11,"turns":4},{"damage":24,"enemies":"Lagavulin","floor":12,"turns":8},{"damage":0,"enemies":"3 Louse","floor":13,"turns":2},{"damage":17,"enemies":"Slime Boss","floor":16,"turns":13},{"damage":11,"enemies":"Chosen","floor":18,"turns":7},{"damage":0,"enemies":"Shell Parasite","floor":22,"turns":5},{"damage":11,"enemies":"Book of Stabbing","floor":24,"turns":9},{"damage":7,"enemies":"Snake Plant","floor":27,"turns":4},{"damage":4,"enemies":"3 Cultists","floor":28,"turns":4},{"damage":0,"enemies":"Chosen and Byrds","floor":30,"turns":6},{"damage":26,"enemies":"Automaton","floor":33,"turns":14},{"damage":0,"enemies":"Orb Walker","floor":35,"turns":3},{"damage":0,"enemies":"3 Darklings","floor":36,"turns":5},{"damage":0,"enemies":"Mysterious Sphere","floor":37,"turns":5},{"damage":1,"enemies":"Nemesis","floor":41,"turns":7},{"damage":0,"enemies":"Maw","floor":44,"turns":7},{"damage":3,"enemies":"Reptomancer","floor":45,"turns":6},{"damage":0,"enemies":"Spire Growth","floor":46,"turns":5},{"damage":0,"enemies":"Transient","floor":47,"turns":5},{"damage":6,"enemies":"2 Orb Walkers","floor":48,"turns":5},{"damage":0,"enemies":"Awakened One","floor":50,"turns":13}],"seed_played":"5577842181351587346","potions_obtained":[{"floor":2,"key":"Poison Potion"},{"floor":5,"key":"Explosive Potion"},{"floor":13,"key":"Block Potion"},{"floor":27,"key":"Regen Potion"},{"floor":28,"key":"Dexterity Potion"},{"floor":33,"key":"Weak Potion"},{"floor":37,"key":"Block Potion"},{"floor":41,"key":"Block Potion"},{"floor":46,"key":"Dexterity Potion"}],"is_trial":false,"path_per_floor":["M","M","$","M","M","R","?","E","T","R","M","E","M","?","R","B",null,"M","$","?","?","M","R","E","R","T","M","M","R","M","?","R","B",null,"M","M","?","?","$","R","E","R","T","M","M","M","M","E","R","B"],"character_chosen":"THE_SILENT","items_purchased":["Footwork","ClockworkSouvenir","Escape Plan","Swift Potion","Noxious Fumes+1"],"campfire_rested":7,"item_purchase_floors":[3,3,19,19,39],"current_hp_per_floor":[68,66,66,66,53,53,53,25,25,46,46,22,22,22,43,26,70,59,59,59,43,43,64,53,53,53,46,42,63,63,50,50,39,75,75,75,75,81,81,81,80,81,81,81,78,78,78,72,81,81],"gold":223,"neow_bonus":"TWO_FIFTY_GOLD","is_prod":false,"is_daily":false,"chose_seed":false,"campfire_upgraded":3,"win_rate":0,"timestamp":1539888929,"path_taken":["M","M","$","M","?","R","?","E","T","R","M","E","?","?","R","BOSS","M","$","?","?","M","R","E","R","T","M","?","R","M","?","R","BOSS","M","M","?","?","$","R","E","R","T","M","M","M","M","E","R","BOSS"],"build_version":"2018-10-11","purchased_purges":3,"victory":true,"max_hp_per_floor":[70,70,70,70,70,70,70,70,70,70,70,70,70,70,70,70,70,70,70,70,70,70,70,70,70,70,70,70,70,70,75,75,75,75,75,75,75,81,81,81,81,81,81,81,81,81,81,81,81,81],"card_choices":[{"not_picked":["Flying Knee","Catalyst"],"picked":"Quick Slash","floor":1},{"not_picked":["Finisher","Quick Slash","Underhanded Strike"],"picked":"SKIP","floor":2},{"not_picked":["Outmaneuver","Bane"],"picked":"Skewer","floor":4},{"not_picked":["Slice","Outmaneuver","Eviscerate"],"picked":"SKIP","floor":5},{"not_picked":["Reflex","Venomology"],"picked":"Crippling Poison","floor":8},{"not_picked":["Crippling Poison","Poisoned Stab","Bane"],"picked":"SKIP","floor":11},{"not_picked":["Eviscerate","Distraction"],"picked":"Dagger Throw","floor":12},{"not_picked":["Catalyst","All Out Attack"],"picked":"Leg Sweep","floor":13},{"not_picked":["Wraith Form v2","Glass Knife"],"picked":"Die Die Die","floor":16},{"not_picked":["Slice","Deflect"],"picked":"Backflip+1","floor":18},{"not_picked":["Acrobatics+1","Dodge and Roll"],"picked":"Backstab+1","floor":22},{"not_picked":["Deadly Poison+1","Flying Knee"],"picked":"Skewer","floor":24},{"not_picked":["PiercingWail","Quick Slash+1"],"picked":"Prepared","floor":27},{"not_picked":["Cloak And Dagger","Dagger Spray"],"picked":"Dagger Throw+1","floor":28},{"not_picked":["Dodge and Roll","Underhanded Strike"],"picked":"Infinite Blades+1","floor":30},{"not_picked":["Unload","Night Terror"],"picked":"After Image+1","floor":33},{"not_picked":["Poisoned Stab","Cloak And Dagger"],"picked":"Escape Plan+1","floor":35},{"not_picked":["Flying Knee","Skewer","Crippling Poison"],"picked":"SKIP","floor":36},{"not_picked":["Sucker Punch+1","Riddle With Holes+1"],"picked":"A Thousand Cuts+1","floor":41},{"not_picked":["All Out Attack+1","Slice+1"],"picked":"Footwork+1","floor":44},{"not_picked":["Finisher+1","Underhanded Strike+1"],"picked":"Cloak And Dagger+1","floor":45},{"not_picked":["Quick Slash","Flying Knee+1"],"picked":"Prepared+1","floor":46},{"not_picked":["Sucker Punch","Dodge and Roll"],"picked":"Caltrops+1","floor":47},{"not_picked":["Flechettes","Riddle With Holes+1"],"picked":"Backflip+1","floor":48}],"player_experience":161260,"relics_obtained":[{"floor":8,"key":"Darkstone Periapt"},{"floor":9,"key":"Sundial"},{"floor":12,"key":"Paper Crane"},{"floor":21,"key":"Nilry\u0027s Codex"},{"floor":24,"key":"Lantern"},{"floor":26,"key":"Frozen Egg 2"},{"floor":37,"key":"Turnip"},{"floor":41,"key":"Dream Catcher"},{"floor":43,"key":"WingedGreaves"},{"floor":48,"key":"Mummified Hand"}],"event_choices":[{"event_name":"Liars Game","player_choice":"disagreed","floor":7,"damage_taken":0},{"event_name":"Match and Keep!","player_choice":"0 cards matched","floor":14,"damage_taken":0},{"event_name":"Drug Dealer","player_choice":"Inject Mutagens","floor":20,"damage_taken":0},{"event_name":"Cursed Tome","player_choice":"Obtained Book","floor":21,"damage_taken":0},{"event_name":"Forgotten Altar","player_choice":"Shed Blood","floor":31,"damage_taken":0},{"event_name":"Mysterious Sphere","player_choice":"Fight","floor":37,"damage_taken":0},{"event_name":"Accursed Blacksmith","player_choice":"Rummage","floor":38,"damage_taken":0}],"is_beta":false,"boss_relics":[{"not_picked":["Coffee Dripper","Velvet Choker"],"picked":"Empty Cage"},{"not_picked":["Philosopher\u0027s Stone","Snecko Eye"],"picked":"Fusion Hammer"}],"items_purged_floors":[3,19,39],"is_endless":false,"potions_floor_spawned":[2,5,13,27,28,33,37,41,46,47],"ascension_level":1}