{"path_per_floor":["M","M","$","M","M","R","M","M","T","R","E","M","R","M","R","B",null,"M","?","M","M","$","R","E","R","T","?","E","R","M","$","R","B",null,"M","M","?","M","$","R","M","?","T","R","M","$","?","M","R","B"],"character_chosen":"IRONCLAD","items_purchased":["Dual Wield","Apotheosis","Feed","Headbutt"],"gold_per_floor":[115,132,95,105,119,119,133,148,197,197,231,246,246,258,258,354,354,365,365,379,399,142,142,172,172,172,172,205,205,217,75,75,178,178,196,210,210,229,82,82,96,96,96,96,113,113,0,19,19,19],"floor_reached":51,"campfire_rested":4,"playtime":4946,"current_hp_per_floor":[80,80,80,80,75,75,74,75,75,75,60,56,56,59,59,24,80,73,73,66,51,51,51,22,46,46,72,35,59,45,45,69,48,84,82,84,84,61,61,61,63,63,63,63,67,67,67,55,81,45],"items_purged":["Strike_R","Strike_R"],"gold":19,"score":516,"play_id":"78163d96-79dd-4816-9269-a3b87b6467f9","is_prod":false,"is_daily":false,"is_ascension_mode":false,"campfire_upgraded":7,"path_taken":["M","?","$","M","M","R","M","M","T","R","E","?","R","M","R","BOSS","M","?","M","M","$","R","E","R","T","?","E","R","M","?","R","BOSS","M","M","?","M","$","R","?","?","T","R","M","$","?","M","R","BOSS"],"build_version":"2018-02-22-PROD2","purchased_purges":4,"victory":true,"master_deck":["Strike_R","Strike_R","Strike_R+1","Defend_R","Defend_R","Defend_R","Defend_R","Bash+1","Shrug It Off","Bloodletting","Dual Wield+1","Impervious","Pommel Strike+1","Pommel Strike+1","Feel No Pain","Intimidate+1","Headbutt","Limit Break","Flex","Rage+1","Body Slam","Apotheosis+1","Spot Weakness+1","Warcry+1","Bloodletting+1","Feed+1","Double Tap","Havoc+1","Havoc+1","Barricade+1","Headbutt+1","Warcry","Heavy Blade+1"],"max_hp_per_floor":[80,80,80,80,80,80,80,80,80,80,80,80,80,80,80,80,80,80,80,80,80,80,80,80,80,80,80,80,80,80,80,80,84,84,84,84,84,84,84,84,84,84,84,84,84,84,84,88,88,88],"relics":["Black Blood","Pen Nib","Oddly Smooth Stone","Sozu","Nloth\u0027s Gift","Thread and Needle","Molten Egg 2","Meat on the Bone","Mummified Hand","Red Mask"],"card_choices":[{"not_picked":["True Grit","Anger"],"picked":"Shrug It Off"},{"not_picked":["Clash","Feel No Pain"],"picked":"Bloodletting"},{"not_picked":["Armaments","Perfected Strike"],"picked":"Impervious"},{"not_picked":["Headbutt","Metallicize"],"picked":"Pommel Strike"},{"not_picked":["Spot Weakness","Iron Wave"],"picked":"Pommel Strike"},{"not_picked":["Disarm","Metallicize"],"picked":"Feel No Pain"},{"not_picked":["Sever Soul","Perfected Strike"],"picked":"Intimidate"},{"not_picked":["Clash","Rage"],"picked":"Headbutt"},{"not_picked":["Inflame","Ghostly Armor"],"picked":"Cleave"},{"not_picked":["Reaper","Barricade"],"picked":"Limit Break"},{"not_picked":["Clothesline","Disarm"],"picked":"Flex"},{"not_picked":["Perfected Strike","Body Slam"],"picked":"Rage"},{"not_picked":["Dark Embrace","True Grit"],"picked":"Body Slam"},{"not_picked":["Carnage","Rupture"],"picked":"Spot Weakness"},{"not_picked":["Cleave","Disarm"],"picked":"Warcry"},{"not_picked":["Wild Strike","Fire Breathing"],"picked":"Bloodletting"},{"not_picked":["Barricade","Juggernaut"],"picked":"Double Tap"},{"not_picked":["Whirlwind","Twin Strike"],"picked":"Havoc"},{"not_picked":["Cleave","Perfected Strike"],"picked":"Havoc"},{"not_picked":["Flex","Twin Strike"],"picked":"Barricade"},{"not_picked":["Clash","Iron Wave"],"picked":"Warcry"},{"not_picked":["Dropkick","Feel No Pain"],"picked":"Heavy Blade"}],"player_experience":92383,"potions_floor_usage":[14,16],"damage_taken":[{"damage":5,"enemies":"Cultist","floor":1,"turns":4},{"damage":1,"enemies":"Jaw Worm","floor":2,"turns":4},{"damage":0,"enemies":"Small Slimes","floor":4,"turns":4},{"damage":11,"enemies":"Blue Slaver","floor":5,"turns":5},{"damage":7,"enemies":"Looter","floor":7,"turns":3},{"damage":5,"enemies":"Exordium Wildlife","floor":8,"turns":5},{"damage":21,"enemies":"Lagavulin","floor":11,"turns":5},{"damage":10,"enemies":"Large Slime","floor":12,"turns":6},{"damage":3,"enemies":"Lots of Slimes","floor":14,"turns":2},{"damage":41,"enemies":"The Guardian","floor":16,"turns":13},{"damage":13,"enemies":"Shell Parasite","floor":18,"turns":6},{"damage":13,"enemies":"Spheric Guardian","floor":20,"turns":4},{"damage":21,"enemies":"3 Cultists","floor":21,"turns":8},{"damage":35,"enemies":"Gremlin Leader","floor":24,"turns":9},{"damage":43,"enemies":"Slavers","floor":28,"turns":8},{"damage":32,"enemies":"Chosen and Byrds","floor":30,"turns":11},{"damage":43,"enemies":"Automaton","floor":33,"turns":7},{"damage":12,"enemies":"3 Darklings","floor":35,"turns":6},{"damage":6,"enemies":"Orb Walker","floor":36,"turns":3},{"damage":33,"enemies":"Sphere and 2 Shapes","floor":38,"turns":6},{"damage":20,"enemies":"3 Darklings","floor":41,"turns":6},{"damage":6,"enemies":"Maw","floor":45,"turns":6},{"damage":26,"enemies":"Sphere and 2 Shapes","floor":48,"turns":5},{"damage":58,"enemies":"Donu and Deca","floor":50,"turns":7}],"event_choices":[{"event_name":"N\u0027loth","player_choice":"Traded a Whetstone","floor":19,"damage_taken":0},{"event_name":"The Library","player_choice":"Heal","floor":27,"damage_taken":0},{"event_name":"Mysterious Sphere","player_choice":"Ignore","floor":37,"damage_taken":0},{"event_name":"Tomb of Lord Red Mask","player_choice":"Paid","floor":47,"damage_taken":0}],"boss_relics":[{"not_picked":["Philosopher\u0027s Stone","Tiny House"],"picked":"Sozu"},{"not_picked":["Eternal Feather","White Beast Statue"],"picked":"Black Blood"}],"potions_floor_spawned":[2,7,12,14,16,20,30,33,36,41,45],"seed_played":"-7068938397518922259","ascension_level":0,"is_trial":false}