{"gold_per_floor":[119,119,131,142,67,67,80,80,126,143,171,171,121,396,396,396],"floor_reached":16,"playtime":3167,"items_purged":["Strike_R"],"score":125,"play_id":"473eae2a-d721-4990-b094-cf6777a402aa","local_time":"20190331012822","is_ascension_mode":true,"campfire_choices":[{"data":"True Grit","floor":6,"key":"SMITH"},{"data":"Uppercut","floor":8,"key":"SMITH"},{"data":"Anger","floor":15,"key":"SMITH"}],"neow_cost":"NONE","seed_source_timestamp":0,"circlet_count":0,"master_deck":["Strike_R","Strike_R","Defend_R","Defend_R","Defend_R","Defend_R","Bash","Shockwave","Anger+1","True Grit+1","Spot Weakness","Uppercut+1","Reaper","Shrug It Off","Regret"],"special_seed":0,"relics":["Burning Blood","Boot","Bag of Marbles"],"potions_floor_usage":[16,16,16],"damage_taken":[{"damage":13,"enemies":"Jaw Worm","floor":1,"turns":6},{"damage":12,"enemies":"2 Louse","floor":3,"turns":3},{"damage":0,"enemies":"Cultist","floor":4,"turns":3},{"damage":11,"enemies":"3 Louse","floor":7,"turns":5},{"damage":3,"enemies":"Looter","floor":10,"turns":3},{"damage":24,"enemies":"Gremlin Nob","floor":11,"turns":4},{"damage":53,"enemies":"Slime Boss","floor":16,"turns":9}],"seed_played":"899811413542274309","potions_obtained":[{"floor":3,"key":"Swift Potion"},{"floor":10,"key":"Fire Potion"},{"floor":11,"key":"EssenceOfSteel"}],"is_trial":false,"path_per_floor":["M","?","M","M","$","R","M","R","T","M","E","?","$","?","R","B"],"character_chosen":"IRONCLAD","items_purchased":["Shrug It Off"],"campfire_rested":0,"item_purchase_floors":[13],"current_hp_per_floor":[73,66,60,66,66,66,61,61,61,64,46,51,51,51,51,0],"gold":396,"neow_bonus":"TRANSFORM_CARD","is_prod":false,"is_daily":false,"chose_seed":false,"campfire_upgraded":3,"win_rate":0,"timestamp":1553992102,"path_taken":["M","?","M","M","$","R","M","R","T","M","E","?","$","?","R","BOSS"],"build_version":"2019-01-23","purchased_purges":1,"victory":false,"max_hp_per_floor":[80,80,80,80,80,80,80,80,80,80,80,85,85,85,85,85],"card_choices":[{"not_picked":["Havoc","Pommel Strike"],"picked":"Anger","floor":1},{"not_picked":["Rupture","Combust"],"picked":"True Grit","floor":3},{"not_picked":["Blood for Blood","Rampage"],"picked":"Spot Weakness","floor":4},{"not_picked":["Anger","Pommel Strike"],"picked":"Uppercut","floor":7},{"not_picked":["Reckless Charge","Bloodletting","Twin Strike"],"picked":"SKIP","floor":10},{"not_picked":["Anger","Bloodletting"],"picked":"Reaper","floor":11}],"player_experience":501843,"relics_obtained":[{"floor":9,"key":"Boot"},{"floor":11,"key":"Bag of Marbles"}],"event_choices":[{"cards_removed":["Strike_R"],"damage_healed":0,"gold_gain":0,"player_choice":"Card Removal","damage_taken":7,"max_hp_gain":0,"max_hp_loss":0,"event_name":"Golden Wing","floor":2,"gold_loss":0},{"damage_healed":0,"gold_gain":0,"player_choice":"Donut","damage_taken":0,"max_hp_gain":5,"max_hp_loss":0,"event_name":"Big Fish","floor":12,"gold_loss":0},{"damage_healed":0,"gold_gain":275,"player_choice":"Desecrate","damage_taken":0,"max_hp_gain":0,"max_hp_loss":0,"event_name":"Golden Shrine","floor":14,"gold_loss":0,"cards_obtained":["Regret"]}],"is_beta":false,"boss_relics":[],"items_purged_floors":[5],"is_endless":false,"potions_floor_spawned":[3,10,11],"killed_by":"Slime Boss","ascension_level":5}