{"gold_per_floor":[209,209,225,245,70,70,105,69,69,69,69,89,89,101,101,198,198,212,20,119,119,137,137],"floor_reached":23,"playtime":987,"items_purged":["Strike_R"],"score":236,"play_id":"620b3e02-d957-469f-9e6e-1931735f1a86","local_time":"20190331173804","is_ascension_mode":true,"campfire_choices":[{"data":"Heavy Blade","floor":6,"key":"SMITH"},{"data":"Uppercut","floor":10,"key":"SMITH"},{"data":"Metallicize","floor":15,"key":"SMITH"}],"neow_cost":"NONE","seed_source_timestamp":173674144152900,"circlet_count":0,"master_deck":["Bash","Iron Wave","Metallicize+1","Inflame","Heavy Blade+1","Whirlwind+1","Uppercut+1","Reaper","Entrench","Sever Soul","Reaper","Fiend Fire","Entrench","Shockwave","Barricade","Combust","Apotheosis","Necronomicurse","Demon Form"],"relics":["Burning Blood","Pantograph","Meat on the Bone","Pandora\u0027s Box","Necronomicon"],"potions_floor_usage":[12,14,16,22,23],"damage_taken":[{"damage":8,"enemies":"Jaw Worm","floor":1,"turns":5},{"damage":1,"enemies":"2 Louse","floor":3,"turns":3},{"damage":4,"enemies":"Small Slimes","floor":4,"turns":4},{"damage":26,"enemies":"Gremlin Nob","floor":7,"turns":4},{"damage":12,"enemies":"3 Louse","floor":12,"turns":3},{"damage":12,"enemies":"Exordium Thugs","floor":14,"turns":4},{"damage":34,"enemies":"Slime Boss","floor":16,"turns":7},{"damage":36,"enemies":"Spheric Guardian","floor":18,"turns":6},{"damage":40,"enemies":"Shell Parasite","floor":22,"turns":6},{"damage":100,"enemies":"Slavers","floor":23,"turns":4}],"seed_played":"2743004721895341247","potions_obtained":[{"floor":3,"key":"BloodPotion"},{"floor":4,"key":"Energy Potion"},{"floor":12,"key":"SpeedPotion"},{"floor":16,"key":"BloodPotion"},{"floor":22,"key":"LiquidBronze"}],"is_trial":false,"path_per_floor":["M","?","M","M","$","R","E","$","T","R","$","M","?","M","R","B",null,"M","$","?","?","M","E"],"character_chosen":"IRONCLAD","items_purchased":["Inflame","Heavy Blade","Uppercut","Apotheosis"],"campfire_rested":0,"item_purchase_floors":[5,5,8,19],"current_hp_per_floor":[78,83,85,85,85,85,65,65,65,65,65,59,59,61,61,57,78,60,60,60,44,30,0],"gold":137,"neow_bonus":"HUNDRED_GOLD","is_prod":false,"is_daily":false,"chose_seed":false,"campfire_upgraded":3,"win_rate":0,"timestamp":1554046684,"path_taken":["M","?","M","M","$","R","E","?","T","R","?","M","?","M","R","BOSS","M","$","?","?","M","E"],"build_version":"2019-01-23","purchased_purges":1,"victory":false,"max_hp_per_floor":[80,85,85,85,85,85,85,85,85,85,85,85,85,85,85,85,85,85,85,85,85,85,85],"card_choices":[{"not_picked":["Perfected Strike","True Grit"],"picked":"Iron Wave","floor":1},{"not_picked":["True Grit","Pummel","Headbutt"],"picked":"SKIP","floor":3},{"not_picked":["Anger","Perfected Strike"],"picked":"Metallicize","floor":4},{"not_picked":["Anger","Iron Wave"],"picked":"Whirlwind","floor":7},{"not_picked":["Combust","Metallicize","Searing Blow"],"picked":"SKIP","floor":12},{"not_picked":["Wild Strike","Heavy Blade","Feel No Pain"],"picked":"SKIP","floor":14},{"not_picked":["Brutality","Berserk"],"picked":"Reaper","floor":16},{"not_picked":["Perfected Strike","Warcry","Body Slam"],"picked":"SKIP","floor":18},{"not_picked":["Twin Strike+1","Rage+1"],"picked":"Demon Form","floor":22}],"player_experience":506354,"relics_obtained":[{"floor":7,"key":"Pantograph"},{"floor":9,"key":"Meat on the Bone"},{"floor":21,"key":"Necronomicon"}],"event_choices":[{"damage_healed":0,"gold_gain":0,"player_choice":"Donut","damage_taken":0,"max_hp_gain":5,"max_hp_loss":0,"event_name":"Big Fish","floor":2,"gold_loss":0},{"damage_healed":0,"gold_gain":0,"player_choice":"Grow","damage_taken":0,"max_hp_gain":0,"max_hp_loss":0,"event_name":"Living Wall","floor":13,"gold_loss":0,"cards_upgraded":["Whirlwind"]},{"damage_healed":0,"gold_gain":99,"player_choice":"Stole From Cult","damage_taken":0,"max_hp_gain":0,"max_hp_loss":0,"event_name":"Nest","floor":20,"gold_loss":0},{"damage_healed":0,"gold_gain":0,"player_choice":"Obtained Book","damage_taken":16,"max_hp_gain":0,"max_hp_loss":0,"event_name":"Cursed Tome","floor":21,"gold_loss":0}],"is_beta":false,"boss_relics":[{"not_picked":["Runic Pyramid","Black Blood"],"picked":"Pandora\u0027s Box"}],"items_purged_floors":[5],"is_endless":false,"potions_floor_spawned":[3,4,12,16,22],"killed_by":"Slavers","ascension_level":5}