{"gold_per_floor":[111,124,104,117,117,117,135,164,164,164],"floor_reached":10,"playtime":398,"items_purged":[],"score":109,"play_id":"a9845762-20d1-42ce-8241-132db0acaa7a","local_time":"20190201120457","is_ascension_mode":true,"campfire_choices":[{"data":"Neutralize","floor":6,"key":"SMITH"}],"neow_cost":"NONE","seed_source_timestamp":678255939359600,"circlet_count":0,"master_deck":["AscendersBane","Defend_G","Defend_G","Defend_G","Defend_G","Defend_G","Strike_G","Strike_G","Strike_G","Strike_G","Strike_G","Survivor","Neutralize+1","Deflect","Dagger Spray","PiercingWail","Deflect","Footwork","Deadly Poison"],"relics":["Ring of the Snake","Pen Nib","Matryoshka"],"potions_floor_usage":[8,8],"damage_taken":[{"damage":11,"enemies":"Jaw Worm","floor":1,"turns":9},{"damage":3,"enemies":"Cultist","floor":2,"turns":7},{"damage":1,"enemies":"2 Louse","floor":4,"turns":4},{"damage":0,"enemies":"2 Fungi Beasts","floor":7,"turns":5},{"damage":48,"enemies":"Lagavulin","floor":8,"turns":11},{"damage":52,"enemies":"Gremlin Nob","floor":10,"turns":5}],"seed_played":"6554227436452925138","potions_obtained":[{"floor":2,"key":"Regen Potion"},{"floor":3,"key":"Poison Potion"}],"is_trial":false,"path_per_floor":["M","M","?","M","?","R","M","E","T","E"],"character_chosen":"THE_SILENT","items_purchased":[],"campfire_rested":0,"item_purchase_floors":[],"current_hp_per_floor":[52,49,49,48,70,70,70,37,37,0],"gold":164,"neow_bonus":"THREE_CARDS","is_prod":false,"is_daily":false,"chose_seed":false,"campfire_upgraded":1,"win_rate":0,"timestamp":1549019097,"path_taken":["M","M","?","?","?","R","M","E","T","E"],"build_version":"2019-01-23","purchased_purges":0,"victory":false,"max_hp_per_floor":[70,70,70,70,70,70,70,70,70,70],"card_choices":[{"not_picked":["Terror","Blade Dance"],"picked":"Deflect","floor":0},{"not_picked":["Dagger Throw","Poisoned Stab"],"picked":"Dagger Spray","floor":1},{"not_picked":["Blade Dance","Accuracy"],"picked":"PiercingWail","floor":2},{"not_picked":["Distraction","Catalyst"],"picked":"Deflect","floor":4},{"not_picked":["Calculated Gamble","Dagger Spray"],"picked":"Footwork","floor":7},{"not_picked":["Venomology","Backflip"],"picked":"Deadly Poison","floor":8}],"player_experience":431940,"relics_obtained":[{"floor":8,"key":"Pen Nib"},{"floor":9,"key":"Matryoshka"}],"event_choices":[{"damage_healed":0,"gold_gain":0,"player_choice":"Bought 1 Potion","damage_taken":0,"max_hp_gain":0,"max_hp_loss":0,"event_name":"The Woman in Blue","floor":3,"gold_loss":0},{"damage_healed":23,"gold_gain":0,"player_choice":"Banana","damage_taken":0,"max_hp_gain":0,"max_hp_loss":0,"event_name":"Big Fish","floor":5,"gold_loss":0}],"is_beta":false,"boss_relics":[],"items_purged_floors":[],"is_endless":false,"potions_floor_spawned":[2,7],"killed_by":"Gremlin Nob","ascension_level":12}