{"gold_per_floor":[217,232,242,258,275,275,304,317,317,317,335,335,350,136,136,234,234,252,352,365,365,380,380,390,390,390,390,192,192,102,132,132,232,232,242,67,78,92,102,133,133,144,144,160,177,177,196,4,4,4],"floor_reached":51,"playtime":2889,"items_purged":["Strike_R","Strike_R","Strike_R"],"score":705,"play_id":"9a9b2cb5-7982-4b69-96bb-cc02972de65b","local_time":"20190308003532","is_ascension_mode":false,"campfire_choices":[{"data":"Bash","floor":6,"key":"SMITH"},{"data":"Cleave","floor":10,"key":"SMITH"},{"data":"Body Slam","floor":12,"key":"SMITH"},{"data":"Shrug It Off","floor":15,"key":"SMITH"},{"data":"Pommel Strike","floor":23,"key":"SMITH"},{"data":"Pommel Strike","floor":25,"key":"SMITH"},{"data":"1","floor":27,"key":"LIFT"},{"data":"Armaments","floor":32,"key":"SMITH"},{"data":"Limit Break","floor":41,"key":"SMITH"},{"data":"2","floor":46,"key":"LIFT"},{"data":"3","floor":49,"key":"LIFT"}],"neow_cost":"NONE","seed_source_timestamp":1070190148210438,"circlet_count":0,"master_deck":["Defend_R","Defend_R","Defend_R","Defend_R","Bash+1","Pommel Strike+1","Body Slam+1","Cleave+1","Spot Weakness","Body Slam+1","Iron Wave","Pommel Strike+1","Panacea","Shrug It Off+1","Limit Break+1","Shrug It Off","Battle Trance","Armaments+1","Reaper","Sword Boomerang","Parasite","Dual Wield","Flex","Limit Break+1"],"relics":["Burning Blood","Happy Flower","Singing Bowl","Busted Crown","Girya","Ornamental Fan","Ancient Tea Set","Black Star","Unceasing Top","Bottled Flame","Red Skull","DollysMirror"],"potions_floor_usage":[7,16,16,19,22,31,37,40,40,40,40,50],"damage_taken":[{"damage":0,"enemies":"Small Slimes","floor":1,"turns":3},{"damage":5,"enemies":"2 Louse","floor":2,"turns":3},{"damage":1,"enemies":"Cultist","floor":3,"turns":4},{"damage":13,"enemies":"Red Slaver","floor":4,"turns":4},{"damage":12,"enemies":"Large Slime","floor":5,"turns":6},{"damage":31,"enemies":"Lagavulin","floor":7,"turns":6},{"damage":21,"enemies":"Gremlin Gang","floor":8,"turns":4},{"damage":7,"enemies":"2 Fungi Beasts","floor":11,"turns":3},{"damage":0,"enemies":"Large Slime","floor":13,"turns":3},{"damage":26,"enemies":"Hexaghost","floor":16,"turns":9},{"damage":0,"enemies":"3 Byrds","floor":18,"turns":4},{"damage":15,"enemies":"Colosseum Slavers","floor":19,"turns":3},{"damage":36,"enemies":"Colosseum Nobs","floor":19,"turns":6},{"damage":8,"enemies":"Shell Parasite","floor":20,"turns":3},{"damage":11,"enemies":"Snake Plant","floor":22,"turns":3},{"damage":1,"enemies":"Sentry and Sphere","floor":24,"turns":4},{"damage":2,"enemies":"Gremlin Leader","floor":31,"turns":5},{"damage":16,"enemies":"Collector","floor":33,"turns":6},{"damage":0,"enemies":"3 Shapes","floor":35,"turns":4},{"damage":0,"enemies":"3 Darklings","floor":37,"turns":3},{"damage":9,"enemies":"Writhing Mass","floor":38,"turns":6},{"damage":21,"enemies":"4 Shapes","floor":39,"turns":4},{"damage":22,"enemies":"Reptomancer","floor":40,"turns":6},{"damage":0,"enemies":"Sphere and 2 Shapes","floor":42,"turns":4},{"damage":0,"enemies":"Transient","floor":44,"turns":5},{"damage":27,"enemies":"Maw","floor":45,"turns":7},{"damage":3,"enemies":"Sphere and 2 Shapes","floor":47,"turns":4},{"damage":58,"enemies":"Time Eater","floor":50,"turns":6}],"seed_played":"-3495658727519867285","potions_obtained":[{"floor":1,"key":"Energy Potion"},{"floor":4,"key":"Weak Potion"},{"floor":8,"key":"Regen Potion"},{"floor":13,"key":"Regen Potion"},{"floor":16,"key":"Block Potion"},{"floor":19,"key":"Energy Potion"},{"floor":20,"key":"Energy Potion"},{"floor":33,"key":"Weak Potion"},{"floor":35,"key":"SkillPotion"},{"floor":38,"key":"EntropicBrew"},{"floor":40,"key":"SteroidPotion"},{"floor":42,"key":"PowerPotion"}],"is_trial":false,"path_per_floor":["M","M","M","M","M","R","E","M","T","R","M","R","M","$","R","B",null,"M","?","M","?","M","R","M","R","T","R","$","?","?","E","R","B",null,"M","$","M","M","M","E","R","M","T","M","M","R","M","$","R","B",null],"character_chosen":"IRONCLAD","items_purchased":["Panacea","Shrug It Off","Shrug It Off","Battle Trance","Sword Boomerang","DollysMirror"],"campfire_rested":0,"item_purchase_floors":[14,14,28,28,36,48],"current_hp_per_floor":[80,80,80,73,67,67,42,27,27,27,28,28,34,34,34,34,82,84,47,47,47,44,44,51,51,51,51,51,51,51,55,55,94,94,96,96,98,100,100,102,102,104,104,104,85,85,97,97,97,108],"gold":4,"neow_bonus":"HUNDRED_GOLD","is_prod":false,"is_daily":false,"chose_seed":false,"campfire_upgraded":8,"win_rate":0,"timestamp":1551976532,"path_taken":["M","M","M","M","M","R","E","M","T","R","M","R","M","$","R","BOSS","M","?","M","?","?","R","M","R","T","R","?","?","?","E","R","BOSS","M","$","M","M","M","E","R","M","T","M","M","R","M","$","R","BOSS"],"build_version":"2019-01-23","purchased_purges":3,"victory":true,"max_hp_per_floor":[80,80,80,80,80,80,80,80,80,80,82,82,82,82,82,82,82,84,86,88,88,90,90,92,92,92,92,92,92,92,92,92,94,94,96,96,98,100,100,102,102,104,104,104,106,106,108,108,108,108],"card_choices":[{"not_picked":["Reckless Charge","Infernal Blade"],"picked":"Pommel Strike","floor":1},{"not_picked":["Clash","Havoc"],"picked":"Body Slam","floor":2},{"not_picked":["Iron Wave","Second Wind"],"picked":"Cleave","floor":3},{"not_picked":["Dual Wield","Pummel"],"picked":"Spot Weakness","floor":4},{"not_picked":["Searing Blow","Corruption"],"picked":"Body Slam","floor":5},{"not_picked":["Havoc","Power Through"],"picked":"Iron Wave","floor":7},{"not_picked":["Carnage","Body Slam","Combust"],"picked":"SKIP","floor":8},{"not_picked":["True Grit","Pummel","Heavy Blade"],"picked":"Singing Bowl","floor":11},{"not_picked":["Searing Blow","Berserk"],"picked":"Pommel Strike","floor":13},{"not_picked":["Dark Embrace","Brutality"],"picked":"Limit Break","floor":16},{"not_picked":["Clothesline"],"picked":"Singing Bowl","floor":18},{"not_picked":["Clothesline"],"picked":"Singing Bowl","floor":19},{"not_picked":["Clash"],"picked":"Singing Bowl","floor":20},{"not_picked":["Rampage+1"],"picked":"Singing Bowl","floor":22},{"not_picked":["Sentinel"],"picked":"Singing Bowl","floor":24},{"not_picked":[],"picked":"Reaper","floor":31},{"not_picked":["Berserk"],"picked":"Singing Bowl","floor":33},{"not_picked":["Cleave"],"picked":"Singing Bowl","floor":35},{"not_picked":["Havoc+1"],"picked":"Singing Bowl","floor":37},{"not_picked":["Havoc+1"],"picked":"Singing Bowl","floor":38},{"not_picked":[],"picked":"Dual Wield","floor":39},{"not_picked":["Cleave"],"picked":"Singing Bowl","floor":40},{"not_picked":["Clothesline"],"picked":"Singing Bowl","floor":42},{"not_picked":[],"picked":"Flex","floor":44},{"not_picked":["Ghostly Armor"],"picked":"Singing Bowl","floor":45},{"not_picked":["Feed"],"picked":"Singing Bowl","floor":47}],"player_experience":762783,"relics_obtained":[{"floor":7,"key":"Happy Flower"},{"floor":9,"key":"Singing Bowl"},{"floor":19,"key":"Girya"},{"floor":19,"key":"Ornamental Fan"},{"floor":31,"key":"Ancient Tea Set"},{"floor":40,"key":"Unceasing Top"},{"floor":40,"key":"Bottled Flame"},{"floor":43,"key":"Red Skull"}],"event_choices":[{"damage_healed":0,"gold_gain":0,"player_choice":"Fight","damage_taken":0,"max_hp_gain":0,"max_hp_loss":0,"event_name":"Colosseum","floor":19,"gold_loss":0},{"damage_healed":0,"gold_gain":0,"player_choice":"Fought Nobs","damage_taken":0,"max_hp_gain":0,"max_hp_loss":0,"event_name":"Colosseum","floor":19,"gold_loss":0},{"cards_removed":["Strike_R"],"damage_healed":0,"gold_gain":0,"player_choice":"Purged","damage_taken":0,"max_hp_gain":0,"max_hp_loss":0,"event_name":"Purifier","floor":21,"gold_loss":0},{"damage_healed":0,"gold_gain":0,"player_choice":"Read","damage_taken":0,"max_hp_gain":0,"max_hp_loss":0,"event_name":"The Library","floor":29,"gold_loss":0,"cards_obtained":["Armaments"]},{"cards_removed":["Strike_R"],"damage_healed":0,"gold_gain":0,"player_choice":"Upgrade and Remove","damage_taken":0,"max_hp_gain":0,"max_hp_loss":0,"event_name":"Designer","floor":30,"gold_loss":90,"cards_upgraded":["Body Slam"]}],"is_beta":false,"boss_relics":[{"not_picked":["Runic Dome","Cursed Key"],"picked":"Busted Crown"},{"not_picked":["Pandora\u0027s Box","Orrery"],"picked":"Black Star"}],"items_purged_floors":[14,28,36],"is_endless":false,"potions_floor_spawned":[1,4,8,13,16,19,19,20,33,35,38,40,42],"ascension_level":0}