{"gold_per_floor":[117,23,23,38,57,57,84,84,84,84,98,113,113,128,128,231,231,248,264,264,71,71,71,81,98,121,133,157,169,210,242,254,366,378,409,432,141,241,261,287,287,313,382,382,402,422,422,422,422,422],"floor_reached":51,"playtime":3143,"items_purged":["Strike_G"],"score":1094,"play_id":"308cbed6-35b8-4ddc-8c5f-d6a3bfd50135","local_time":"20190126211834","is_ascension_mode":true,"campfire_choices":[{"data":"Envenom","floor":6,"key":"SMITH"},{"data":"Footwork","floor":8,"key":"SMITH"},{"data":"1","floor":10,"key":"LIFT"},{"data":"Skewer","floor":13,"key":"SMITH"},{"data":"Bane","floor":15,"key":"SMITH"},{"floor":23,"key":"REST"},{"floor":29,"key":"REST"},{"floor":32,"key":"REST"},{"floor":41,"key":"REST"},{"data":"Leg Sweep","floor":44,"key":"SMITH"},{"floor":47,"key":"REST"},{"data":"Footwork","floor":49,"key":"SMITH"}],"neow_cost":"NONE","seed_source_timestamp":190125834683700,"circlet_count":0,"master_deck":["AscendersBane","Defend_G","Defend_G","Defend_G","Defend_G","Defend_G","Strike_G","Strike_G","Strike_G","Survivor","PiercingWail","Dagger Spray","Skewer+1","Dodge and Roll","Envenom+1","Footwork+1","Flying Knee","Escape Plan","Backflip","Deflect","Leg Sweep+1","Bane+1","Adrenaline","Footwork+1","Riddle With Holes+1","Predator","Footwork","Noxious Fumes","Bullet Time","Dodge and Roll+1","Skewer","Blur+1","Skewer+1","Parasite","Noxious Fumes+1"],"relics":["Ring of the Snake","Girya","Prayer Wheel","Snecko Eye","TwistedFunnel","Enchiridion","MawBank","Smiling Mask","Busted Crown","Mango","FossilizedHelix","Shuriken","Kunai"],"potions_floor_usage":[7,19,33,33,33,35,42,50,50,50],"damage_taken":[{"damage":0,"enemies":"Cultist","floor":1,"turns":4},{"damage":0,"enemies":"2 Louse","floor":4,"turns":4},{"damage":0,"enemies":"Small Slimes","floor":5,"turns":5},{"damage":22,"enemies":"3 Sentries","floor":7,"turns":11},{"damage":0,"enemies":"Exordium Wildlife","floor":11,"turns":3},{"damage":0,"enemies":"Looter","floor":12,"turns":5},{"damage":0,"enemies":"Blue Slaver","floor":14,"turns":4},{"damage":28,"enemies":"The Guardian","floor":16,"turns":14},{"damage":6,"enemies":"Spheric Guardian","floor":18,"turns":4},{"damage":19,"enemies":"2 Thieves","floor":19,"turns":5},{"damage":1,"enemies":"Cultist and Chosen","floor":24,"turns":6},{"damage":1,"enemies":"Snecko","floor":25,"turns":5},{"damage":28,"enemies":"Snake Plant","floor":28,"turns":4},{"damage":4,"enemies":"Gremlin Leader","floor":30,"turns":6},{"damage":7,"enemies":"Chosen and Byrds","floor":31,"turns":5},{"damage":30,"enemies":"Collector","floor":33,"turns":9},{"damage":0,"enemies":"Orb Walker","floor":35,"turns":3},{"damage":0,"enemies":"3 Shapes","floor":36,"turns":5},{"damage":0,"enemies":"Mind Bloom Boss Battle","floor":38,"turns":4},{"damage":4,"enemies":"Jaw Worm Horde","floor":39,"turns":4},{"damage":6,"enemies":"Giant Head","floor":40,"turns":7},{"damage":32,"enemies":"Nemesis","floor":42,"turns":9},{"damage":0,"enemies":"Writhing Mass","floor":45,"turns":7},{"damage":0,"enemies":"Maw","floor":46,"turns":7},{"damage":9,"enemies":"Time Eater","floor":50,"turns":12}],"seed_played":"-5935371419875387411","potions_obtained":[{"floor":1,"key":"Block Potion"},{"floor":11,"key":"Poison Potion"},{"floor":16,"key":"Fire Potion"},{"floor":25,"key":"FearPotion"},{"floor":30,"key":"Weak Potion"},{"floor":33,"key":"GamblersBrew"},{"floor":42,"key":"SmokeBomb"},{"floor":45,"key":"LiquidBronze"}],"is_trial":false,"path_per_floor":["M","$","?","M","M","R","E","R","T","R","M","M","R","M","R","B",null,"M","M","?","$","?","R","M","M","T","$","M","R","E","M","R","B",null,"M","M","$","?","M","E","R","E","T","R","M","M","R","?","R","B",null],"character_chosen":"THE_SILENT","items_purchased":["Skewer","Dodge and Roll","TwistedFunnel","PowerPotion","SkillPotion","EssenceOfSteel","Skewer"],"campfire_rested":5,"item_purchase_floors":[2,2,21,37,37,37,37],"current_hp_per_floor":[63,63,63,63,63,63,41,41,41,41,41,41,41,41,41,13,56,50,31,31,31,15,36,35,34,34,34,6,27,23,16,37,7,54,54,54,54,68,64,58,83,51,51,51,51,51,76,76,76,67],"gold":422,"neow_bonus":"THREE_CARDS","is_prod":false,"is_daily":false,"chose_seed":false,"campfire_upgraded":6,"win_rate":0,"timestamp":1548533914,"path_taken":["M","?","?","M","?","R","E","R","T","R","M","M","R","M","R","BOSS","M","M","?","$","?","R","M","M","T","?","M","R","E","M","R","BOSS","M","M","$","?","M","E","R","E","T","R","M","M","R","?","R","BOSS"],"build_version":"2019-01-23","purchased_purges":1,"victory":true,"max_hp_per_floor":[70,70,70,70,70,70,70,70,70,70,70,70,70,70,70,70,70,70,70,70,70,70,70,70,70,70,70,70,70,70,70,70,70,70,70,70,70,84,84,84,84,84,84,84,84,84,84,84,84,84],"card_choices":[{"not_picked":["Quick Slash","Heel Hook"],"picked":"PiercingWail","floor":0},{"not_picked":["Terror","Deflect"],"picked":"Dagger Spray","floor":1},{"not_picked":["Backstab","Cloak And Dagger"],"picked":"Footwork","floor":4},{"not_picked":["Outmaneuver","Underhanded Strike"],"picked":"Flying Knee","floor":5},{"not_picked":["Envenom","Acrobatics"],"picked":"Escape Plan","floor":7},{"not_picked":["Reflex","Sucker Punch"],"picked":"Backflip","floor":11},{"not_picked":["Finisher","Concentrate","Underhanded Strike"],"picked":"SKIP","floor":11},{"not_picked":["Reflex","Slice"],"picked":"Deflect","floor":12},{"not_picked":["A Thousand Cuts","Underhanded Strike","Outmaneuver"],"picked":"SKIP","floor":12},{"not_picked":["Blade Dance","Flying Knee"],"picked":"Leg Sweep","floor":14},{"not_picked":["Skewer","Dagger Throw"],"picked":"Bane","floor":14},{"not_picked":["Unload","Envenom"],"picked":"Adrenaline","floor":16},{"not_picked":["Sucker Punch+1","Dagger Throw","Deflect+1"],"picked":"SKIP","floor":18},{"not_picked":["Caltrops","Slice+1","All Out Attack"],"picked":"SKIP","floor":18},{"not_picked":["Expertise","Backflip"],"picked":"Footwork","floor":19},{"not_picked":["Skewer","Prepared+1"],"picked":"Riddle With Holes+1","floor":19},{"not_picked":["Backflip","Deflect+1"],"picked":"Predator","floor":24},{"not_picked":["Dagger Spray","Finisher","Quick Slash"],"picked":"SKIP","floor":24},{"not_picked":["Quick Slash+1","Concentrate","PiercingWail"],"picked":"SKIP","floor":25},{"not_picked":["Dagger Throw","Finisher+1","Calculated Gamble"],"picked":"SKIP","floor":25},{"not_picked":["Poisoned Stab+1","Flying Knee","Bane"],"picked":"SKIP","floor":28},{"not_picked":["Dagger Throw+1","Outmaneuver","Blade Dance"],"picked":"SKIP","floor":28},{"not_picked":["Flying Knee","Well Laid Plans","Masterful Stab"],"picked":"SKIP","floor":30},{"not_picked":["Backflip","Phantasmal Killer"],"picked":"Footwork","floor":31},{"not_picked":["Backflip","Masterful Stab+1"],"picked":"Noxious Fumes","floor":31},{"not_picked":["Night Terror","Doppelganger"],"picked":"Bullet Time","floor":33},{"not_picked":[],"picked":"Dodge and Roll+1","floor":35},{"not_picked":["Masterful Stab"],"picked":"SKIP","floor":35},{"not_picked":["Reflex"],"picked":"SKIP","floor":36},{"not_picked":["Tactician"],"picked":"SKIP","floor":36},{"not_picked":[],"picked":"Blur+1","floor":38},{"not_picked":[],"picked":"Skewer+1","floor":39},{"not_picked":["Well Laid Plans+1"],"picked":"SKIP","floor":39},{"not_picked":["Bane"],"picked":"SKIP","floor":40},{"not_picked":["Prepared"],"picked":"SKIP","floor":42},{"not_picked":["Deadly Poison"],"picked":"SKIP","floor":45},{"not_picked":["Dagger Spray"],"picked":"SKIP","floor":45},{"not_picked":[],"picked":"Noxious Fumes+1","floor":46},{"not_picked":["Reflex+1"],"picked":"SKIP","floor":46}],"player_experience":391558,"relics_obtained":[{"floor":7,"key":"Girya"},{"floor":9,"key":"Prayer Wheel"},{"floor":22,"key":"Enchiridion"},{"floor":26,"key":"MawBank"},{"floor":30,"key":"Smiling Mask"},{"floor":38,"key":"Mango"},{"floor":40,"key":"FossilizedHelix"},{"floor":42,"key":"Shuriken"},{"floor":43,"key":"Kunai"}],"event_choices":[{"damage_healed":0,"gold_gain":0,"cards_transformed":["Strike_G"],"player_choice":"Transformed","damage_taken":0,"max_hp_gain":0,"max_hp_loss":0,"event_name":"Transmorgrifier","floor":3,"gold_loss":0,"cards_obtained":["Envenom"]},{"damage_healed":0,"gold_gain":0,"player_choice":"Ignored","damage_taken":0,"max_hp_gain":0,"max_hp_loss":0,"event_name":"Ghosts","floor":20,"gold_loss":0},{"damage_healed":0,"gold_gain":0,"player_choice":"Obtained Book","damage_taken":16,"max_hp_gain":0,"max_hp_loss":0,"event_name":"Cursed Tome","floor":22,"gold_loss":0},{"damage_healed":0,"gold_gain":0,"player_choice":"Fight","damage_taken":0,"max_hp_gain":0,"max_hp_loss":0,"event_name":"MindBloom","floor":38,"gold_loss":0},{"cards_removed":["Neutralize"],"damage_healed":0,"gold_gain":0,"player_choice":"Removed Attack","damage_taken":0,"max_hp_gain":0,"max_hp_loss":0,"event_name":"Falling","floor":48,"gold_loss":0}],"is_beta":false,"boss_relics":[{"not_picked":["Astrolabe","Lizard Tail"],"picked":"Snecko Eye"},{"not_picked":["Ring of the Serpent","WristBlade"],"picked":"Busted Crown"}],"items_purged_floors":[37],"is_endless":false,"potions_floor_spawned":[1,11,16,25,30,33,39,42,45,46],"ascension_level":10}