{"gold_per_floor":[110,285,285,20,95,109,125,156,156,190,200,200,217,235,235,330,330,341,355,280,299,106,106],"floor_reached":23,"playtime":2418,"items_purged":["Doubt","Strike_R"],"score":213,"play_id":"4640adb7-daaa-4c46-81ba-9d6186de1c5f","local_time":"20190222165559","is_ascension_mode":true,"campfire_choices":[{"floor":15,"key":"REST"}],"neow_cost":"PERCENT_DAMAGE","seed_source_timestamp":571030447905742,"circlet_count":0,"master_deck":["Strike_R","Strike_R","Strike_R","Defend_R","Defend_R","Defend_R","Defend_R","Bash","Jack Of All Trades","Good Instincts","Cleave","Pommel Strike","Infernal Blade","Barricade","Entrench","Pommel Strike","Feed","Body Slam","Armaments","Shrug It Off+1"],"relics":["Burning Blood","Champion Belt","Membership Card","Girya","Nunchaku","Letter Opener","Meat on the Bone","Philosopher\u0027s Stone","Prayer Wheel"],"potions_floor_usage":[10,13,14],"damage_taken":[{"damage":0,"enemies":"Small Slimes","floor":1,"turns":3},{"damage":8,"enemies":"Jaw Worm","floor":6,"turns":4},{"damage":0,"enemies":"2 Louse","floor":7,"turns":3},{"damage":26,"enemies":"3 Sentries","floor":8,"turns":7},{"damage":16,"enemies":"Lagavulin","floor":10,"turns":5},{"damage":11,"enemies":"Exordium Wildlife","floor":11,"turns":5},{"damage":0,"enemies":"Blue Slaver","floor":13,"turns":2},{"damage":3,"enemies":"Gremlin Gang","floor":14,"turns":2},{"damage":48,"enemies":"The Guardian","floor":16,"turns":16},{"damage":31,"enemies":"Shell Parasite","floor":18,"turns":6},{"damage":23,"enemies":"3 Byrds","floor":19,"turns":5},{"damage":14,"enemies":"Snecko","floor":21,"turns":6},{"damage":58,"enemies":"Gremlin Leader","floor":23,"turns":4}],"seed_played":"-6237313555087264980","potions_obtained":[{"floor":1,"key":"SkillPotion"},{"floor":7,"key":"SteroidPotion"},{"floor":8,"key":"Fire Potion"},{"floor":19,"key":"Ancient Potion"}],"is_trial":false,"path_per_floor":["M","?","?","$","?","M","M","E","T","E","M","?","M","M","R","B",null,"M","M","?","M","$","E"],"character_chosen":"IRONCLAD","items_purchased":["Membership Card","Inflame","Prayer Wheel"],"campfire_rested":1,"item_purchase_floors":[4,4,22],"current_hp_per_floor":[62,62,55,55,44,42,48,28,28,18,13,13,31,46,70,40,80,55,53,53,57,57,0],"gold":106,"neow_bonus":"RANDOM_COLORLESS_2","is_prod":false,"is_daily":false,"chose_seed":false,"campfire_upgraded":0,"win_rate":0,"timestamp":1550876159,"path_taken":["M","?","?","?","?","M","M","E","T","E","?","?","M","M","R","BOSS","M","?","?","M","$","E"],"build_version":"2019-01-23","purchased_purges":2,"victory":false,"max_hp_per_floor":[80,80,80,80,80,80,80,80,80,80,80,80,80,80,80,80,80,80,83,83,83,83,83],"card_choices":[{"not_picked":["Heavy Blade","Havoc"],"picked":"Cleave","floor":1},{"not_picked":["Perfected Strike","Intimidate"],"picked":"Pommel Strike","floor":6},{"not_picked":["Uppercut","True Grit","Sentinel"],"picked":"SKIP","floor":7},{"not_picked":["Rampage","Thunderclap"],"picked":"Infernal Blade","floor":8},{"not_picked":["Headbutt","Rage"],"picked":"Barricade","floor":10},{"not_picked":["Clash","Armaments"],"picked":"Entrench","floor":11},{"not_picked":["Clothesline","Intimidate"],"picked":"Pommel Strike","floor":13},{"not_picked":["Intimidate","True Grit","Carnage"],"picked":"SKIP","floor":14},{"not_picked":["Dark Embrace","Fiend Fire"],"picked":"Feed","floor":16},{"not_picked":["Battle Trance","Anger"],"picked":"Body Slam","floor":18},{"not_picked":["Twin Strike","Headbutt"],"picked":"Armaments","floor":19},{"not_picked":["Clash","Perfected Strike"],"picked":"Shrug It Off+1","floor":21}],"player_experience":171996,"relics_obtained":[{"floor":8,"key":"Girya"},{"floor":9,"key":"Nunchaku"},{"floor":10,"key":"Letter Opener"}],"event_choices":[{"damage_healed":0,"gold_gain":175,"player_choice":"AGREE","damage_taken":0,"max_hp_gain":0,"max_hp_loss":0,"event_name":"Liars Game","floor":2,"gold_loss":0,"cards_obtained":["Doubt"]},{"damage_healed":0,"gold_gain":0,"player_choice":"Success","damage_taken":7,"relics_obtained":["Champion Belt"],"max_hp_gain":0,"max_hp_loss":0,"event_name":"Scrap Ooze","floor":3,"gold_loss":0},{"damage_healed":0,"gold_gain":75,"player_choice":"Gather Gold","damage_taken":11,"max_hp_gain":0,"max_hp_loss":0,"event_name":"World of Goop","floor":5,"gold_loss":0},{"cards_removed":["Inflame"],"damage_healed":0,"gold_gain":0,"player_choice":"Gave Card","damage_taken":0,"relics_obtained":["Meat on the Bone"],"max_hp_gain":0,"max_hp_loss":0,"event_name":"WeMeetAgain","floor":12,"gold_loss":0},{"cards_removed":["Strike_R"],"damage_healed":0,"gold_gain":0,"player_choice":"Gave Gold","damage_taken":0,"max_hp_gain":0,"max_hp_loss":0,"event_name":"Beggar","floor":20,"gold_loss":75}],"is_beta":false,"boss_relics":[{"not_picked":["Coffee Dripper","Black Star"],"picked":"Philosopher\u0027s Stone"}],"items_purged_floors":[4,22],"is_endless":false,"potions_floor_spawned":[1,7,8,19],"killed_by":"Gremlin Leader","ascension_level":1}