{"gold_per_floor":[119,99,111,126,144,144,170,180,232,232,243,243,243,243,243,347,347,363,363,379,117,131,131,131,142,142,160,59,78,78,111,111,216,216,228,117,132,1131,1141,1141,1176,1176,1225,1244,1244,1263,1263,1263],"floor_reached":48,"playtime":5328,"items_purged":["Strike_G"],"score":631,"play_id":"84a4dc64-7756-4e42-ba8e-8410a192b087","local_time":"20190330124217","is_ascension_mode":true,"campfire_choices":[{"data":"Crippling Poison","floor":6.0,"key":"SMITH"},{"data":"Infinite Blades","floor":12,"key":"SMITH"},{"floor":15,"key":"REST"},{"floor":23,"key":"REST"},{"floor":30,"key":"REST"},{"floor":32,"key":"REST"},{"data":"Cloak And Dagger","floor":40,"key":"SMITH"},{"floor":42,"key":"REST"}],"neow_cost":"NONE","seed_source_timestamp":0,"circlet_count":0,"master_deck":["Defend_G+1","Defend_G","Defend_G","Defend_G+1","Defend_G","Strike_G","Survivor","Neutralize","Crippling Poison+1","Flying Knee+1","PiercingWail","Infinite Blades+1","Dodge and Roll","Poisoned Stab","Corpse Explosion","Dagger Spray","Accuracy","Bouncing Flask","Infinite Blades","Backstab+1","Footwork","Backflip","Blade Dance","After Image","A Thousand Cuts","Leg Sweep+1","Storm of Steel+1","Slice+1","Crippling Poison+1","Footwork","Blur+1","Normality","Normality","Cloak And Dagger+1","Catalyst","Deadly Poison+1","Dodge and Roll+1","Parasite"],"special_seed":0,"relics":["Ring of the Snake","NeowsBlessing","Mummified Hand","Juzu Bracelet","Dodecahedron","WristBlade","Vajra","Whetstone","War Paint","Astrolabe","Ninja Scroll","Regal Pillow"],"potions_floor_usage":[11,16,16,25,33,33,39,41],"damage_taken":[{"damage":0.0,"enemies":"Small Slimes","floor":1.0,"turns":1.0},{"damage":0.0,"enemies":"Cultist","floor":3.0,"turns":1.0},{"damage":0.0,"enemies":"Jaw Worm","floor":4.0,"turns":1.0},{"damage":5.0,"enemies":"Blue Slaver","floor":5.0,"turns":5.0},{"damage":33.0,"enemies":"Lagavulin","floor":7.0,"turns":9.0},{"damage":7,"enemies":"3 Louse","floor":8,"turns":4},{"damage":3,"enemies":"Large Slime","floor":11,"turns":7},{"damage":38,"enemies":"The Guardian","floor":16,"turns":14},{"damage":5,"enemies":"3 Byrds","floor":18,"turns":3},{"damage":22,"enemies":"Shell Parasite","floor":20,"turns":7},{"damage":15,"enemies":"Cultist and Chosen","floor":22,"turns":6},{"damage":10,"enemies":"Snecko","floor":25,"turns":4},{"damage":0,"enemies":"Snake Plant","floor":27,"turns":4},{"damage":8,"enemies":"Cultist and Chosen","floor":29,"turns":3},{"damage":37,"enemies":"Book of Stabbing","floor":31,"turns":5},{"damage":24,"enemies":"Collector","floor":33,"turns":9},{"damage":0,"enemies":"Orb Walker","floor":35,"turns":4},{"damage":1,"enemies":"3 Shapes","floor":37,"turns":4},{"damage":21,"enemies":"Maw","floor":39,"turns":7},{"damage":28,"enemies":"Nemesis","floor":41,"turns":7},{"damage":21,"enemies":"Transient","floor":44,"turns":5},{"damage":6,"enemies":"3 Darklings","floor":46,"turns":2},{"damage":30,"enemies":"Writhing Mass","floor":48,"turns":5}],"seed_played":"7323132600992616005","potions_obtained":[{"floor":2.0,"key":"Fire Potion"},{"floor":5.0,"key":"SpeedPotion"},{"floor":7.0,"key":"Explosive Potion"},{"floor":11,"key":"Block Potion"},{"floor":22,"key":"Block Potion"},{"floor":29,"key":"PowerPotion"},{"floor":31,"key":"SteroidPotion"},{"floor":33,"key":"Energy Potion"},{"floor":39,"key":"Block Potion"},{"floor":45,"key":"Ancient Potion"},{"floor":45,"key":"FairyPotion"},{"floor":45,"key":"GhostInAJar"}],"is_trial":false,"path_per_floor":["M","?","M","M","M","R","E","M","T","?","M","R","?","?","R","B",null,"M","?","M","$","M","R","$","M","T","M","$","M","R","E","R","B",null,"M","$","M","?","M","R","E","R","T","M","?","M","?","M"],"character_chosen":"THE_SILENT","items_purchased":["Accuracy","Bouncing Flask","Vajra","Backflip","Footwork","Backstab"],"campfire_rested":5,"item_purchase_floors":[21,21,21,28,36,36],"current_hp_per_floor":[70,70,70,70,65,65,32,25,25,42,39,39,39,39,59,21,67,62,62,40,40,25,45,45,35,35,35,35,27,47,10,30,6,67,67,67,66,66,45,45,17,37,37,16,16,10,10,0],"gold":1263,"neow_bonus":"THREE_ENEMY_KILL","is_prod":false,"is_daily":false,"chose_seed":false,"campfire_upgraded":3,"win_rate":0,"timestamp":1553946137,"path_taken":["M","?","M","M","M","R","E","M","T","?","M","R","?","?","R","BOSS","M","?","M","$","M","R","$","M","T","M","$","M","R","E","R","BOSS","M","$","M","?","M","R","E","R","T","M","?","M","?","M"],"build_version":"2019-01-23","purchased_purges":1,"victory":false,"max_hp_per_floor":[70,70,70,70,70,70,70,70,70,70,70,70,70,67,67,67,67,67,67,67,67,67,67,67,67,67,67,67,67,67,67,67,67,67,67,67,67,67,67,67,67,67,67,67,67,67,67,67],"card_choices":[{"not_picked":["PiercingWail","Deadly Poison"],"picked":"Crippling Poison","floor":1.0},{"not_picked":["Heel Hook","Slice"],"picked":"Flying Knee","floor":3.0},{"not_picked":["Outmaneuver","Slice","Underhanded Strike"],"picked":"SKIP","floor":4.0},{"not_picked":["Flying Knee","Dagger Throw"],"picked":"PiercingWail","floor":5.0},{"not_picked":["Deadly Poison","Eviscerate"],"picked":"Infinite Blades","floor":7.0},{"not_picked":["Quick Slash","Flying Knee"],"picked":"Dodge and Roll","floor":8},{"not_picked":["Dagger Spray","Dodge and Roll"],"picked":"Poisoned Stab","floor":11},{"not_picked":["Storm of Steel","Grand Finale"],"picked":"Corpse Explosion","floor":16},{"not_picked":["Sucker Punch","Quick Slash","Flying Knee"],"picked":"SKIP","floor":18},{"not_picked":["Expertise","Slice"],"picked":"Dagger Spray","floor":20},{"not_picked":["Slice","Expertise"],"picked":"Infinite Blades","floor":22},{"not_picked":["Quick Slash","Dagger Throw"],"picked":"Backstab","floor":25},{"not_picked":["Reflex","Quick Slash"],"picked":"Footwork","floor":27},{"not_picked":["Skewer+1","Bane"],"picked":"Blade Dance","floor":29},{"not_picked":["Tactician","Prepared"],"picked":"After Image","floor":31},{"not_picked":["Storm of Steel","Unload"],"picked":"A Thousand Cuts","floor":33},{"not_picked":["Leg Sweep+1","Expertise"],"picked":"Crippling Poison+1","floor":35},{"not_picked":["Slice+1","Dodge and Roll"],"picked":"Blur+1","floor":37},{"not_picked":["Deflect","Dagger Spray+1"],"picked":"Cloak And Dagger","floor":39},{"not_picked":["Slice+1","Dagger Spray"],"picked":"Catalyst","floor":41},{"not_picked":["Catalyst","Endless Agony"],"picked":"Deadly Poison+1","floor":44},{"not_picked":["Poisoned Stab","Tactician+1"],"picked":"Dodge and Roll+1","floor":46}],"player_experience":458683,"relics_obtained":[{"floor":7.0,"key":"Mummified Hand"},{"floor":9,"key":"Juzu Bracelet"},{"floor":26,"key":"Whetstone"},{"floor":31,"key":"War Paint"},{"floor":41,"key":"Ninja Scroll"},{"floor":43,"key":"Regal Pillow"}],"event_choices":[{"damage_healed":0.0,"max_hp_gain":0.0,"max_hp_loss":0.0,"gold_gain":0.0,"event_name":"The Woman in Blue","player_choice":"Bought 1 Potion","floor":2.0,"gold_loss":0.0,"damage_taken":0.0},{"damage_healed":17,"gold_gain":0,"player_choice":"Healed and dodged fight","damage_taken":0,"max_hp_gain":0,"max_hp_loss":0,"event_name":"Mushrooms","floor":10,"gold_loss":0,"cards_obtained":["Parasite"]},{"damage_healed":0,"gold_gain":0,"player_choice":"Searched \u00272\u0027 times","damage_taken":0,"relics_obtained":["Dodecahedron"],"max_hp_gain":0,"max_hp_loss":0,"event_name":"Dead Adventurer","floor":13,"gold_loss":0},{"cards_removed":["Parasite"],"damage_healed":0,"gold_gain":0,"player_choice":"Forget","damage_taken":0,"max_hp_gain":0,"max_hp_loss":0,"event_name":"Living Wall","floor":14,"gold_loss":0},{"damage_healed":0,"gold_gain":0,"player_choice":"Ignored","damage_taken":0,"max_hp_gain":0,"max_hp_loss":0,"event_name":"Ghosts","floor":19,"gold_loss":0},{"damage_healed":0,"gold_gain":999,"player_choice":"Gold","damage_taken":0,"max_hp_gain":0,"max_hp_loss":0,"event_name":"MindBloom","floor":38,"gold_loss":0,"cards_obtained":["Normality","Normality"]},{"damage_healed":0,"gold_gain":0,"player_choice":"Got Potions","damage_taken":0,"max_hp_gain":0,"max_hp_loss":0,"event_name":"Lab","floor":45,"gold_loss":0},{"cards_removed":["Backstab"],"damage_healed":0,"gold_gain":0,"player_choice":"Removed Attack","damage_taken":0,"max_hp_gain":0,"max_hp_loss":0,"event_name":"Falling","floor":47,"gold_loss":0}],"is_beta":false,"boss_relics":[{"not_picked":["Pandora\u0027s Box","Fusion Hammer"],"picked":"WristBlade"},{"not_picked":["Sozu","Eternal Feather"],"picked":"Astrolabe"}],"items_purged_floors":[28],"is_endless":false,"potions_floor_spawned":[5,7,11,22,29,31,33,39,46],"killed_by":"Writhing Mass","ascension_level":4}