{"gold_per_floor":[116,116,96,21,21,62,80,80,80,94,168,168,168,168,168,296,296,316,316,337,358,382,382,400,300,300,300,225,21,46,46,46,169,169,184,78,106,118,151,163,175],"floor_reached":41,"playtime":1854,"items_purged":["Strike_B","Strike_B","Strike_B"],"score":504,"play_id":"64fe9303-c2e1-4ef8-97a9-b53051a68a85","local_time":"20181030210910","is_ascension_mode":true,"campfire_choices":[{"floor":8,"key":"REST"},{"data":"Auto Shields","floor":12,"key":"SMITH"},{"data":"Barrage","floor":15,"key":"SMITH"},{"data":"Rainbow","floor":23,"key":"SMITH"},{"floor":27,"key":"REST"},{"data":"Leap","floor":32,"key":"SMITH"},{"data":"Echo Form","floor":40,"key":"SMITH"}],"neow_cost":"NONE","seed_source_timestamp":1690578406546400,"circlet_count":0,"master_deck":["Defend_B","Defend_B","Defend_B","Zap+1","Dualcast+1","Barrage+1","Leap+1","Auto Shields+1","Capacitor+1","Rainbow+1","Chill","Compile Driver+1","Compile Driver+1","FTL+1","Self Repair","Coolheaded+1","Echo Form+1","Doubt","Regret","Darkness+1","Force Field+1"],"relics":["Cracked Core","War Paint","Golden Idol","Symbiotic Virus","Pear","Tiny Chest","Bottled Tornado","Nuclear Battery","Omamori","Mummified Hand","Calling Bell","Vajra","Toxic Egg 2","Mango","MawBank"],"potions_floor_usage":[6,6,33,33,35],"damage_taken":[{"damage":5,"enemies":"2 Louse","floor":1,"turns":2},{"damage":22,"enemies":"Lagavulin","floor":6,"turns":6},{"damage":0,"enemies":"Jaw Worm","floor":7,"turns":3},{"damage":0,"enemies":"Cultist","floor":10,"turns":3},{"damage":5,"enemies":"3 Sentries","floor":11,"turns":5},{"damage":1,"enemies":"The Guardian","floor":16,"turns":11},{"damage":1,"enemies":"Chosen","floor":18,"turns":5},{"damage":0,"enemies":"Spheric Guardian","floor":20,"turns":3},{"damage":16,"enemies":"Snake Plant","floor":21,"turns":4},{"damage":10,"enemies":"Snecko","floor":22,"turns":4},{"damage":1,"enemies":"Centurion and Healer","floor":24,"turns":5},{"damage":11,"enemies":"Cultist and Chosen","floor":30,"turns":5},{"damage":12,"enemies":"Champ","floor":33,"turns":7},{"damage":19,"enemies":"3 Shapes","floor":35,"turns":4},{"damage":1,"enemies":"Orb Walker","floor":37,"turns":2},{"damage":18,"enemies":"Maw","floor":39,"turns":7},{"damage":80,"enemies":"Nemesis","floor":41,"turns":6}],"seed_played":"-4457523751953402682","potions_obtained":[{"floor":3,"key":"EntropicBrew"},{"floor":10,"key":"Fire Potion"},{"floor":30,"key":"AttackPotion"},{"floor":33,"key":"Block Potion"},{"floor":39,"key":"LiquidBronze"}],"is_trial":false,"path_per_floor":["M","?","?","$","?","E","M","R","T","M","E","R","T","?","R","B",null,"M","?","M","M","M","R","M","$","T","R","?","$","M","?","R","B",null,"M","?","M","?","M","R"],"character_chosen":"DEFECT","items_purchased":["Self Repair"],"campfire_rested":2,"item_purchase_floors":[29],"current_hp_per_floor":[70,52,52,52,52,44,44,66,76,76,71,71,71,71,71,70,85,84,84,84,68,58,58,57,57,57,82,82,82,78,78,78,73,99,80,80,79,79,68,68,0],"gold":175,"neow_bonus":"RANDOM_COMMON_RELIC","is_prod":false,"is_daily":false,"chose_seed":false,"campfire_upgraded":5,"win_rate":0,"timestamp":1540930150,"path_taken":["M","?","?","$","?","E","?","R","T","M","E","R","?","?","R","BOSS","M","?","M","?","M","R","M","$","T","R","?","$","?","?","R","BOSS","M","?","M","?","M","R","E"],"build_version":"2018-10-25v2","purchased_purges":3,"victory":false,"max_hp_per_floor":[75,75,75,75,75,75,75,75,85,85,85,85,85,85,85,85,85,85,85,85,85,85,85,85,85,85,85,85,85,85,85,85,85,99,99,99,99,99,99,99,99],"card_choices":[{"not_picked":["Ball Lightning","Undo"],"picked":"Barrage","floor":1},{"not_picked":["Steam","Streamline"],"picked":"Leap","floor":6},{"not_picked":["Barrage","Leap","Beam Cell"],"picked":"SKIP","floor":7},{"not_picked":["Buffer","Rebound"],"picked":"Auto Shields","floor":10},{"not_picked":["Go for the Eyes","Conserve Battery"],"picked":"Capacitor","floor":11},{"not_picked":["All For One","Biased Cognition"],"picked":"Rainbow","floor":16},{"not_picked":["Leap+1","Conserve Battery"],"picked":"Chill","floor":18},{"not_picked":["Turbo","Rebound"],"picked":"Compile Driver+1","floor":20},{"not_picked":["Cold Snap","Leap","Blizzard+1"],"picked":"SKIP","floor":21},{"not_picked":["Go for the Eyes","Capacitor"],"picked":"Compile Driver+1","floor":22},{"not_picked":["Genetic Algorithm","Rip and Tear+1"],"picked":"FTL+1","floor":24},{"not_picked":["Hologram","Aggregate"],"picked":"Coolheaded+1","floor":30},{"not_picked":["Core Surge","All For One"],"picked":"Echo Form","floor":33},{"not_picked":["Genetic Algorithm+1","Melter"],"picked":"Darkness+1","floor":35},{"not_picked":["Compile Driver","Stack+1"],"picked":"Force Field+1","floor":37},{"not_picked":["Undo+1","Lockon+1","Auto Shields+1"],"picked":"SKIP","floor":39}],"player_experience":189086,"relics_obtained":[{"floor":6,"key":"Symbiotic Virus"},{"floor":9,"key":"Pear"},{"floor":11,"key":"Tiny Chest"},{"floor":13,"key":"Bottled Tornado"},{"floor":26,"key":"Omamori"},{"floor":34,"key":"Vajra"},{"floor":34,"key":"Toxic Egg 2"},{"floor":34,"key":"Mango"}],"event_choices":[{"damage_healed":0,"gold_gain":0,"player_choice":"Take Damage","damage_taken":18,"relics_obtained":["Golden Idol"],"max_hp_gain":0,"max_hp_loss":0,"event_name":"Golden Idol","floor":2,"gold_loss":0},{"damage_healed":0,"gold_gain":0,"player_choice":"Bought 1 Potion","damage_taken":0,"max_hp_gain":0,"max_hp_loss":0,"event_name":"The Woman in Blue","floor":3,"gold_loss":0},{"damage_healed":0,"gold_gain":0,"player_choice":"Ignored","damage_taken":0,"max_hp_gain":0,"max_hp_loss":0,"event_name":"Liars Game","floor":5,"gold_loss":0},{"damage_healed":0,"gold_gain":0,"player_choice":"Upgraded","damage_taken":0,"max_hp_gain":0,"max_hp_loss":0,"event_name":"Upgrade Shrine","floor":14,"gold_loss":0,"cards_upgraded":["Capacitor"]},{"damage_healed":0,"gold_gain":0,"player_choice":"Ignored","damage_taken":0,"max_hp_gain":0,"max_hp_loss":0,"event_name":"Ghosts","floor":19,"gold_loss":0},{"cards_removed":["Strike_B"],"damage_healed":0,"gold_gain":0,"player_choice":"Gave Gold","damage_taken":0,"max_hp_gain":0,"max_hp_loss":0,"event_name":"Beggar","floor":28,"gold_loss":75},{"damage_healed":0,"gold_gain":0,"player_choice":"Opened","damage_taken":0,"relics_obtained":["Mummified Hand"],"max_hp_gain":0,"max_hp_loss":0,"event_name":"The Mausoleum","floor":31,"gold_loss":0,"cards_obtained":["Writhe"]},{"damage_healed":0,"gold_gain":0,"player_choice":"Paid Gold","damage_taken":0,"relics_obtained":["MawBank"],"max_hp_gain":0,"max_hp_loss":0,"event_name":"WeMeetAgain","floor":36,"gold_loss":106},{"cards_removed":["Defend_B"],"damage_healed":0,"gold_gain":0,"player_choice":"Removed Skill","damage_taken":0,"max_hp_gain":0,"max_hp_loss":0,"event_name":"Falling","floor":38,"gold_loss":0}],"is_beta":false,"boss_relics":[{"not_picked":["Lizard Tail","Busted Crown"],"picked":"Nuclear Battery"},{"not_picked":["Snecko Eye","White Beast Statue"],"picked":"Calling Bell"}],"items_purged_floors":[4,25,29],"is_endless":false,"potions_floor_spawned":[10,16,30,33,39],"killed_by":"Nemesis","ascension_level":4}