{"path_per_floor":["M","?","M","M","M","R","E","R","T","R","M","M","R","M","R","B",null,"M","$","M","M","?","E","?","?","T","?","$","R","M"],"character_chosen":"IRONCLAD","items_purchased":["Limit Break"],"gold_per_floor":[117,117,136,149,160,160,187,187,187,187,205,225,225,237,237,337,337,348,273,285,297,297,329,329,329,377,277,14,14,27],"floor_reached":31,"campfire_rested":0,"playtime":1632,"current_hp_per_floor":[80,80,80,80,80,80,51,51,51,51,52,64,64,68,68,66,80,69,69,66,54,54,18,18,18,18,18,18,18,9],"items_purged":["Defend_R","Strike_R"],"gold":27,"score":257,"play_id":"b79f7c7b-f362-4531-b966-906e1003b21d","local_time":"20180316004708","is_prod":false,"is_daily":false,"is_ascension_mode":false,"campfire_upgraded":6,"timestamp":1521132428,"path_taken":["M","?","M","M","M","R","E","R","T","R","M","?","R","M","R","BOSS","M","$","M","M","?","E","?","?","T","?","$","R","M","M"],"build_version":"2018-03-09","purchased_purges":2,"victory":false,"master_deck":["Strike_R","Strike_R","Strike_R","Defend_R+1","Defend_R+1","Bash+1","Thunderclap","Armaments+1","Metallicize+1","Clash","Heavy Blade+1","Reaper","Rupture+1","Shrug It Off+1","Offering","Armaments+1","Shrug It Off+1","Fiend Fire","Flame Barrier","J.A.X.","Limit Break+1","Spot Weakness"],"max_hp_per_floor":[80,80,80,80,80,80,80,80,80,80,80,80,80,80,80,80,80,80,80,80,80,80,80,80,80,80,80,80,80,80],"relics":["Burning Blood","War Paint","Pen Nib","Runic Cube","Charon\u0027s Ashes","Matryoshka","Frozen Egg 2","Dream Catcher"],"card_choices":[{"not_picked":["Flame Barrier","Shrug It Off"],"picked":"Armaments"},{"not_picked":["Armaments","Twin Strike"],"picked":"Metallicize"},{"not_picked":["Evolve","Sword Boomerang"],"picked":"Clash"},{"not_picked":["Havoc","Anger"],"picked":"Heavy Blade"},{"not_picked":["Pummel","Metallicize"],"picked":"Reaper"},{"not_picked":["Body Slam","Clothesline"],"picked":"Rupture"},{"not_picked":["Heavy Blade","Entrench"],"picked":"Shrug It Off"},{"not_picked":["Bludgeon","Double Tap"],"picked":"Offering"},{"not_picked":["Wild Strike","Fire Breathing"],"picked":"Armaments"},{"not_picked":["Fire Breathing","Sword Boomerang"],"picked":"Shrug It Off"},{"not_picked":["Twin Strike","Disarm"],"picked":"Fiend Fire"},{"not_picked":["Body Slam","Intimidate"],"picked":"Spot Weakness"}],"player_experience":304889,"potions_floor_usage":[16,16,30,30,30],"damage_taken":[{"damage":0,"enemies":"2 Louse","floor":1,"turns":3},{"damage":5,"enemies":"Cultist","floor":3,"turns":4},{"damage":3,"enemies":"Jaw Worm","floor":4,"turns":5},{"damage":4,"enemies":"2 Fungi Beasts","floor":5,"turns":3},{"damage":35,"enemies":"Gremlin Nob","floor":7,"turns":5},{"damage":5,"enemies":"Looter","floor":11,"turns":3},{"damage":2,"enemies":"Exordium Wildlife","floor":12,"turns":4},{"damage":6,"enemies":"Red Slaver","floor":14,"turns":5},{"damage":27,"enemies":"Slime Boss","floor":16,"turns":9},{"damage":17,"enemies":"Spheric Guardian","floor":18,"turns":5},{"damage":17,"enemies":"3 Byrds","floor":20,"turns":6},{"damage":18,"enemies":"Slaver and Parasite","floor":21,"turns":10},{"damage":57,"enemies":"Gremlin Leader","floor":23,"turns":8},{"damage":23,"enemies":"Centurion and Healer","floor":30,"turns":4},{"damage":10,"enemies":"Snake Plant","floor":31,"turns":3}],"event_choices":[{"event_name":"Accursed Blacksmith","player_choice":"Forge","floor":2,"damage_taken":0},{"event_name":"The Mausoleum","player_choice":"Yes","floor":22,"damage_taken":0},{"event_name":"Upgrade Shrine","player_choice":"Upgraded","floor":24,"damage_taken":0},{"event_name":"Transmorgrifier","player_choice":"Transform","floor":25,"damage_taken":0},{"event_name":"Drug Dealer","player_choice":"Got JAXXED","floor":27,"damage_taken":0}],"boss_relics":[{"not_picked":["Pandora\u0027s Box","Ectoplasm"],"picked":"Runic Cube"}],"potions_floor_spawned":[1,4,5,11,20,23],"seed_played":"-376929196938055834","killed_by":"Snake Plant","ascension_level":0,"is_trial":false}