{"gold_per_floor":[111,128,128,128,53,53,63,92,161,194,206,206,37,37,37,133,133,151,76,23,35,51,51,66,66,66,77,77,77,77,89,89,189,189,209,229,104,124,140,140,174,185,256,256,276,53,79,79,79,79],"floor_reached":51,"playtime":3826,"items_purged":["Strike_R","Strike_R","Pain","Shame"],"score":895,"play_id":"d8712c79-622c-438b-b363-ffe647ffd07e","local_time":"20190331231718","is_ascension_mode":true,"campfire_choices":[{"data":"Bash","floor":6.0,"key":"SMITH"},{"data":"Uppercut","floor":12.0,"key":"SMITH"},{"data":"Rampage","floor":15.0,"key":"SMITH"},{"data":"Entrench","floor":23.0,"key":"SMITH"},{"floor":25.0,"key":"REST"},{"data":"Double Tap","floor":28.0,"key":"SMITH"},{"data":"Shrug It Off","floor":30.0,"key":"SMITH"},{"floor":32.0,"key":"REST"},{"floor":40.0,"key":"REST"},{"floor":44,"key":"REST"},{"floor":49,"key":"REST"}],"neow_cost":"NONE","seed_source_timestamp":0,"circlet_count":0,"master_deck":["Strike_R","Strike_R","Strike_R","Defend_R","Defend_R","Defend_R","Defend_R","Bash+1","Shrug It Off+1","Thunderclap+1","Uppercut+1","Entrench+1","Juggernaut","Rampage+1","Double Tap+1","Body Slam+1","Headbutt","Immolate","True Grit+1","Inflame+1","Sentinel+1","Reaper","Flame Barrier+1","Battle Trance","Seeing Red+1","Whirlwind+1","Demon Form","Normality"],"special_seed":0,"relics":["Burning Blood","Oddly Smooth Stone","Dead Branch","Sundial","PreservedInsect","Cursed Key","Shuriken","WarpedTongs","Fusion Hammer","Bottled Flame","Molten Egg 2","Centennial Puzzle","Spirit Poop"],"potions_floor_usage":[50,50],"damage_taken":[{"damage":14.0,"enemies":"Small Slimes","floor":1.0,"turns":4.0},{"damage":0.0,"enemies":"2 Louse","floor":2.0,"turns":3.0},{"damage":0.0,"enemies":"Cultist","floor":7.0,"turns":3.0},{"damage":17.0,"enemies":"3 Sentries","floor":8.0,"turns":10.0},{"damage":32.0,"enemies":"Lagavulin","floor":10.0,"turns":9.0},{"damage":24.0,"enemies":"Large Slime","floor":11.0,"turns":8.0},{"damage":51.0,"enemies":"Hexaghost","floor":16.0,"turns":10.0},{"damage":16.0,"enemies":"Shell Parasite","floor":18.0,"turns":5.0},{"damage":17.0,"enemies":"2 Thieves","floor":21.0,"turns":4.0},{"damage":0.0,"enemies":"Centurion and Healer","floor":22.0,"turns":3.0},{"damage":11.0,"enemies":"Snake Plant","floor":24.0,"turns":5.0},{"damage":0.0,"enemies":"3 Cultists","floor":27.0,"turns":3.0},{"damage":40.0,"enemies":"Shelled Parasite and Fungi","floor":31.0,"turns":4.0},{"damage":64.0,"enemies":"Collector","floor":33.0,"turns":7.0},{"damage":8.0,"enemies":"3 Shapes","floor":35.0,"turns":2.0},{"damage":8.0,"enemies":"Orb Walker","floor":36.0,"turns":4.0},{"damage":6.0,"enemies":"Transient","floor":38.0,"turns":5.0},{"damage":26.0,"enemies":"Sphere and 2 Shapes","floor":39.0,"turns":4.0},{"damage":16.0,"enemies":"Giant Head","floor":41.0,"turns":6.0},{"damage":25.0,"enemies":"Maw","floor":42.0,"turns":8.0},{"damage":19,"enemies":"Spire Growth","floor":45,"turns":4},{"damage":81,"enemies":"Awakened One","floor":50,"turns":9}],"seed_played":"7077603053234636854","potions_obtained":[{"floor":1.0,"key":"EssenceOfSteel"},{"floor":11.0,"key":"SmokeBomb"},{"floor":16.0,"key":"Weak Potion"},{"floor":21.0,"key":"SkillPotion"},{"floor":24.0,"key":"Energy Potion"},{"floor":27.0,"key":"LiquidBronze"},{"floor":31.0,"key":"Fire Potion"},{"floor":33.0,"key":"Swift Potion"},{"floor":35.0,"key":"PowerPotion"},{"floor":39.0,"key":"Block Potion"}],"is_trial":false,"path_per_floor":["M","M","?","?","$","R","M","E","T","E","M","R","$","?","R","B",null,"M","?","$","M","M","R","M","R","T","M","R","?","R","M","R","B",null,"M","M","$","M","M","R","E","M","T","R","M","$","T","?","R","B",null],"character_chosen":"IRONCLAD","items_purchased":["Rampage","Headbutt","Demon Form"],"campfire_rested":5,"item_purchase_floors":[13,20,46],"current_hp_per_floor":[80,86,86,86,86,86,88,77,77,51,33,33,33,55,55,10,69,59,59,59,48,54,54,49,74,74,80,80,80,80,46,71,13,67,65,73,73,85,65,85,75,56,56,81,68,68,68,68,85,35],"gold":79,"neow_bonus":"TEN_PERCENT_HP_BONUS","is_prod":false,"is_daily":false,"chose_seed":false,"campfire_upgraded":6,"win_rate":0,"timestamp":1554067038,"path_taken":["M","M","?","?","$","R","?","E","T","E","M","R","$","?","R","BOSS","M","?","$","M","M","R","M","R","T","M","R","?","R","?","R","BOSS","M","M","$","M","M","R","E","M","T","R","M","$","?","?","R","BOSS"],"build_version":"2019-01-23","purchased_purges":4,"victory":true,"max_hp_per_floor":[88,88,88,88,88,88,88,88,88,88,88,88,88,88,88,88,88,88,85,85,85,85,85,85,85,85,85,85,85,85,85,85,85,85,85,85,85,85,85,85,85,85,85,85,85,85,85,85,85,85],"card_choices":[{"not_picked":["Shockwave","Pommel Strike"],"picked":"Shrug It Off","floor":1.0},{"not_picked":["Pommel Strike","Havoc"],"picked":"Thunderclap","floor":2.0},{"not_picked":["Heavy Blade","Blood for Blood","Rupture"],"picked":"SKIP","floor":7.0},{"not_picked":["Clash","Cleave"],"picked":"Uppercut","floor":8.0},{"not_picked":["Carnage","Heavy Blade"],"picked":"Entrench","floor":10.0},{"not_picked":["Feel No Pain","Disarm"],"picked":"Juggernaut","floor":11.0},{"not_picked":["Offering","Fiend Fire"],"picked":"Double Tap","floor":16.0},{"not_picked":["True Grit+1","Flex"],"picked":"Body Slam+1","floor":18.0},{"not_picked":["Rupture","Second Wind"],"picked":"Immolate","floor":21.0},{"not_picked":["Heavy Blade","Iron Wave"],"picked":"True Grit+1","floor":22.0},{"not_picked":["Armaments","Disarm"],"picked":"Inflame+1","floor":24.0},{"not_picked":["Wild Strike","Sword Boomerang","Pommel Strike"],"picked":"SKIP","floor":27.0},{"not_picked":["Clothesline","Thunderclap+1"],"picked":"Sentinel+1","floor":31.0},{"not_picked":["Brutality","Offering"],"picked":"Reaper","floor":33.0},{"not_picked":["Sword Boomerang","Cleave"],"picked":"Flame Barrier+1","floor":35.0},{"not_picked":["Iron Wave","Perfected Strike","Pommel Strike+1"],"picked":"SKIP","floor":36.0},{"not_picked":["Sword Boomerang","Searing Blow"],"picked":"Battle Trance","floor":38.0},{"not_picked":["Armaments","Rupture+1"],"picked":"Seeing Red+1","floor":39.0},{"not_picked":["Iron Wave","Sword Boomerang","Clash+1"],"picked":"SKIP","floor":41.0},{"not_picked":["Seeing Red","Flex"],"picked":"Whirlwind+1","floor":42.0},{"not_picked":["Sword Boomerang+1","Flex","Headbutt+1"],"picked":"SKIP","floor":45}],"player_experience":512447,"relics_obtained":[{"floor":8.0,"key":"Dead Branch"},{"floor":9.0,"key":"Sundial"},{"floor":10.0,"key":"PreservedInsect"},{"floor":26.0,"key":"Shuriken"},{"floor":41.0,"key":"Bottled Flame"},{"floor":43,"key":"Molten Egg 2"},{"floor":47,"key":"Centennial Puzzle"}],"event_choices":[{"damage_healed":0.0,"max_hp_gain":0.0,"max_hp_loss":0.0,"gold_gain":0.0,"event_name":"Living Wall","player_choice":"Grow","floor":3.0,"gold_loss":0.0,"damage_taken":0.0,"cards_upgraded":["Thunderclap"]},{"damage_healed":0.0,"max_hp_gain":0.0,"max_hp_loss":0.0,"gold_gain":0.0,"event_name":"WeMeetAgain","player_choice":"Gave Potion","floor":4.0,"gold_loss":0.0,"damage_taken":0.0,"relics_obtained":["Oddly Smooth Stone"]},{"damage_healed":22.0,"max_hp_gain":0.0,"max_hp_loss":0.0,"gold_gain":0.0,"event_name":"Mushrooms","player_choice":"Healed and dodged fight","floor":14.0,"gold_loss":0.0,"damage_taken":0.0,"cards_obtained":["Parasite"]},{"cards_removed":["Parasite"],"damage_healed":0.0,"max_hp_gain":0.0,"max_hp_loss":0.0,"gold_gain":0.0,"event_name":"Beggar","player_choice":"Gave Gold","floor":19.0,"gold_loss":75.0,"damage_taken":0.0},{"damage_healed":0.0,"max_hp_gain":0.0,"max_hp_loss":0.0,"gold_gain":0.0,"event_name":"Accursed Blacksmith","player_choice":"Rummage","floor":29.0,"gold_loss":0.0,"damage_taken":0.0,"relics_obtained":["WarpedTongs"],"cards_obtained":["Pain"]},{"cards_removed":["Decay"],"damage_healed":0,"gold_gain":0,"player_choice":"Offered Curse","damage_taken":0,"relics_obtained":["Spirit Poop"],"max_hp_gain":0,"max_hp_loss":0,"event_name":"Bonfire Elementals","floor":48,"gold_loss":0}],"is_beta":false,"boss_relics":[{"not_picked":["Calling Bell","Runic Dome"],"picked":"Cursed Key"},{"not_picked":["Tiny House","Runic Cube"],"picked":"Fusion Hammer"}],"items_purged_floors":[5,13,37,46],"is_endless":false,"potions_floor_spawned":[1,11,16,21,24,27,31,33,35,39],"ascension_level":5}