{"path_per_floor":["M","$","?","M","M","R","?","R","T","M","M","E","$","M","R","B",null,"M","?","$","M","$","R","?","M","T","?","M","R","?","M","R","B",null,"M","$","?","M","?","R","E","?","T","$","M","?","?"],"character_chosen":"IRONCLAD","items_purchased":["Pommel Strike","Iron Wave","Armaments","Uppercut","Entrench","Body Slam","Lantern","Bloodletting","Dexterity Potion","Weak Potion"],"gold_per_floor":[112,37,37,48,68,68,168,168,213,227,243,272,79,96,96,191,191,175,265,118,133,92,92,92,110,193,193,208,208,208,227,227,329,329,341,69,69,87,87,87,120,120,144,5,16,16,16],"floor_reached":48,"campfire_rested":2,"playtime":3934,"current_hp_per_floor":[76,76,76,79,80,80,80,80,80,73,69,48,48,46,70,54,80,65,33,33,37,37,37,37,25,25,25,16,40,40,39,39,11,80,78,78,78,50,50,50,29,18,18,18,17,17,17],"items_purged":["Defend_R","Strike_R","Strike_R"],"gold":16,"score":482,"play_id":"5b40656b-7d42-482e-a883-7af0100a4f5c","is_prod":false,"is_daily":false,"is_ascension_mode":false,"campfire_upgraded":5,"path_taken":["M","$","?","M","M","R","?","R","T","M","M","E","?","?","R","BOSS","M","?","$","M","?","R","?","?","T","?","M","R","?","M","R","BOSS","M","$","?","?","?","R","E","?","T","$","M","?","?","M"],"build_version":"2018-02-22-PROD2","purchased_purges":4,"victory":false,"master_deck":["Defend_R","Defend_R","Defend_R","Bash+1","Berserk+1","Metallicize","Spot Weakness","Warcry","Pommel Strike","Ghostly Armor","Pommel Strike","Iron Wave","Ghostly Armor","Brutality","Sword Boomerang","Bandage Up","Bandage Up","Armaments+1","Body Slam+1","Uppercut","True Grit","Barricade+1","Entrench","Bash","Dual Wield+1","Sentinel","Fiend Fire","Juggernaut+1","Anger+1","Reckless Charge+1","Metallicize","Entrench","Body Slam+1","Dual Wield+1","Power Through","Madness","Madness","Bloodletting","True Grit+1","Armaments+1","Decay"],"max_hp_per_floor":[80,80,80,80,80,80,80,80,80,80,80,80,80,80,80,80,80,80,80,80,80,80,80,80,80,80,80,80,80,80,80,80,80,80,80,80,80,80,80,80,87,87,87,87,87,87,87],"relics":["Burning Blood","Bag of Marbles","Bronze Scales","Runic Cube","Tiny Chest","Bag of Preparation","Astrolabe","Lantern","Spirit Poop","Strawberry","Juzu Bracelet"],"card_choices":[{"not_picked":["Headbutt","Perfected Strike"],"picked":"Metallicize"},{"not_picked":["Berserk","Wild Strike"],"picked":"Spot Weakness"},{"not_picked":["Combust","Body Slam"],"picked":"Sword Boomerang"},{"not_picked":["Thunderclap","Sword Boomerang"],"picked":"Warcry"},{"not_picked":["Sentinel","Havoc"],"picked":"Pommel Strike"},{"not_picked":["Wild Strike","Anger"],"picked":"Ghostly Armor"},{"not_picked":["Dual Wield","Infernal Blade"],"picked":"Ghostly Armor"},{"not_picked":["Barricade","Fiend Fire"],"picked":"Brutality"},{"not_picked":["Body Slam","Thunderclap"],"picked":"Sword Boomerang"},{"not_picked":["Thunderclap","Feel No Pain"],"picked":"Body Slam"},{"not_picked":["Clash","Thunderclap"],"picked":"True Grit"},{"not_picked":["Combust","Flex"],"picked":"Dual Wield"},{"not_picked":["Spot Weakness","Iron Wave"],"picked":"Sentinel"},{"not_picked":["Reaper","Brutality"],"picked":"Fiend Fire"},{"not_picked":["Warcry","Disarm"],"picked":"Metallicize"},{"not_picked":["Anger","Clash"],"picked":"Dual Wield"},{"not_picked":["Reckless Charge","Pommel Strike"],"picked":"Power Through"},{"not_picked":["Warcry","Flex"],"picked":"True Grit"}],"player_experience":160584,"potions_floor_usage":[12,12,21,25,25,33],"damage_taken":[{"damage":10,"enemies":"Jaw Worm","floor":1,"turns":4},{"damage":3,"enemies":"2 Louse","floor":4,"turns":4},{"damage":1,"enemies":"Cultist","floor":5,"turns":3},{"damage":13,"enemies":"3 Louse","floor":10,"turns":4},{"damage":10,"enemies":"Exordium Wildlife","floor":11,"turns":4},{"damage":27,"enemies":"Gremlin Nob","floor":12,"turns":5},{"damage":8,"enemies":"Exordium Thugs","floor":14,"turns":4},{"damage":22,"enemies":"The Guardian","floor":16,"turns":9},{"damage":21,"enemies":"2 Thieves","floor":18,"turns":4},{"damage":10,"enemies":"Spheric Guardian","floor":21,"turns":5},{"damage":26,"enemies":"Centurion and Healer","floor":25,"turns":4},{"damage":23,"enemies":"Slaver and Parasite","floor":28,"turns":5},{"damage":11,"enemies":"Snecko","floor":31,"turns":4},{"damage":57,"enemies":"Automaton","floor":33,"turns":12},{"damage":12,"enemies":"Orb Walker","floor":35,"turns":3},{"damage":40,"enemies":"3 Darklings","floor":38,"turns":9},{"damage":42,"enemies":"Nemesis","floor":41,"turns":9},{"damage":17,"enemies":"4 Shapes","floor":45,"turns":9},{"damage":25,"enemies":"Sphere and 2 Shapes","floor":48,"turns":5}],"event_choices":[{"event_name":"The Cleric","player_choice":"Leave","floor":3,"damage_taken":0},{"event_name":"Golden Shrine","player_choice":"Pray","floor":7,"damage_taken":0},{"event_name":"Knowing Skull","player_choice":"CARD GOLD CARD ","floor":19,"damage_taken":0},{"event_name":"Drug Dealer","player_choice":"Ignored","floor":24,"damage_taken":0},{"event_name":"Match and Keep!","player_choice":"3 cards matched","floor":27,"damage_taken":0},{"event_name":"The Mausoleum","player_choice":"Yes","floor":30,"damage_taken":0},{"event_name":"Bonfire Elementals","player_choice":"CURSE","floor":37,"damage_taken":0},{"event_name":"Purifier","player_choice":"One Purge","floor":39,"damage_taken":0},{"event_name":"Winding Halls","player_choice":"Embrace Madness","floor":42,"damage_taken":0},{"event_name":"Duplicator","player_choice":"One dupe","floor":46,"damage_taken":0},{"event_name":"Wheel of Change","player_choice":"Curse","floor":47,"damage_taken":0}],"boss_relics":[{"not_picked":["Calling Bell","Black Blood"],"picked":"Runic Cube"},{"not_picked":["Tiny House","Orrery"],"picked":"Astrolabe"}],"potions_floor_spawned":[4,5,12,18,21,31,41],"seed_played":"-299254402064239959","killed_by":"Sphere and 2 Shapes","ascension_level":0,"is_trial":false}