{"gold_per_floor":[109,122,47,58,75,100,100,133,159,159,109,120,138,165,165,267,267,253,59,71,90,0,25,25,44,68,79,79,114,114,114,114,214,214,227,227,1226,666,666,666,697,697],"floor_reached":42,"playtime":5439,"items_purged":["Defend_G"],"score":570,"play_id":"cf9bd68f-a2da-44f0-ad5e-33030cc190f4","local_time":"20190316153319","is_ascension_mode":true,"campfire_choices":[{"data":"Footwork","floor":7,"key":"SMITH"},{"data":"Poisoned Stab","floor":10,"key":"SMITH"},{"floor":15,"key":"REST"},{"floor":24,"key":"REST"},{"floor":28,"key":"REST"},{"floor":32,"key":"REST"},{"floor":40,"key":"REST"}],"neow_cost":"NONE","seed_source_timestamp":1179968345586700,"circlet_count":0,"master_deck":["Defend_G","Defend_G","Defend_G","Survivor","Neutralize","Infinite Blades","Dodge and Roll","Footwork+1","After Image","Backflip","Footwork","Caltrops","Escape Plan","Bouncing Flask","Burst","Skewer","Catalyst+1","Slice+1","Catalyst","PiercingWail","Dagger Spray","Envenom","Die Die Die+1","Backflip+1","Heel Hook+1","Sucker Punch+1","Tools of the Trade","Madness","Madness","Noxious Fumes"],"relics":["Lizard Tail","PreservedInsect","Orichalcum","Omamori","Odd Mushroom","Fusion Hammer","Lee\u0027s Waffle","Potion Belt","Vajra","Bag of Preparation","Astrolabe","HandDrill","Tiny Chest","Regal Pillow"],"potions_floor_usage":[8,12,16,18,27,27,29,42],"damage_taken":[{"damage":14,"enemies":"Jaw Worm","floor":1,"turns":6},{"damage":0,"enemies":"2 Louse","floor":2,"turns":4},{"damage":0,"enemies":"Small Slimes","floor":4,"turns":5},{"damage":8,"enemies":"Gremlin Gang","floor":5,"turns":6},{"damage":11,"enemies":"Lagavulin","floor":6,"turns":11},{"damage":6,"enemies":"Gremlin Nob","floor":8,"turns":5},{"damage":8,"enemies":"Looter","floor":12,"turns":4},{"damage":12,"enemies":"3 Louse","floor":13,"turns":5},{"damage":19,"enemies":"The Mushroom Lair","floor":14,"turns":6},{"damage":9,"enemies":"Slime Boss","floor":16,"turns":13},{"damage":22,"enemies":"2 Thieves","floor":18,"turns":4},{"damage":4,"enemies":"Shell Parasite","floor":20,"turns":5},{"damage":16,"enemies":"Snecko","floor":21,"turns":6},{"damage":47,"enemies":"Gremlin Leader","floor":23,"turns":10},{"damage":28,"enemies":"Snake Plant","floor":25,"turns":4},{"damage":31,"enemies":"Sentry and Sphere","floor":27,"turns":7},{"damage":13,"enemies":"Book of Stabbing","floor":29,"turns":4},{"damage":15,"enemies":"Champ","floor":33,"turns":11},{"damage":2,"enemies":"3 Shapes","floor":35,"turns":4},{"damage":72,"enemies":"Reptomancer","floor":41,"turns":8},{"damage":8,"enemies":"3 Darklings","floor":42,"turns":1}],"seed_played":"-7215560014068515627","potions_obtained":[{"floor":2,"key":"SpeedPotion"},{"floor":6,"key":"Regen Potion"},{"floor":12,"key":"Strength Potion"},{"floor":13,"key":"Strength Potion"},{"floor":18,"key":"Dexterity Potion"},{"floor":21,"key":"Ancient Potion"},{"floor":23,"key":"AttackPotion"},{"floor":33,"key":"FearPotion"},{"floor":35,"key":"Dexterity Potion"},{"floor":41,"key":"SpeedPotion"}],"is_trial":false,"path_per_floor":["M","M","$","M","M","E","R","E","T","R","?","M","M","?","R","B",null,"M","$","M","M","?","E","R","M","T","M","R","E","?","?","R","B",null,"M","?","?","$","?","R","E","M"],"character_chosen":"THE_SILENT","items_purchased":["Footwork","Lee\u0027s Waffle","Tools of the Trade","HandDrill","Tiny Chest"],"campfire_rested":5,"item_purchase_floors":[3,19,38,38,38],"current_hp_per_floor":[56,56,56,56,48,37,37,31,31,31,31,35,23,4,25,16,70,48,77,73,57,57,10,33,5,5,16,39,26,26,26,49,34,77,75,75,75,75,65,77,5,0],"gold":697,"neow_bonus":"BOSS_RELIC","is_prod":false,"is_daily":false,"chose_seed":false,"campfire_upgraded":2,"win_rate":0,"timestamp":1552746799,"path_taken":["M","M","$","M","M","E","R","E","T","R","?","M","M","?","R","BOSS","M","$","M","M","?","E","R","M","T","?","R","E","?","?","R","BOSS","M","?","?","$","?","R","E","M"],"build_version":"2019-01-23","purchased_purges":1,"victory":false,"max_hp_per_floor":[70,70,70,70,70,70,70,70,70,70,70,70,70,70,70,70,70,70,77,77,77,77,77,77,77,77,77,77,77,77,77,77,77,77,77,77,77,77,77,77,77,77],"card_choices":[{"not_picked":["Slice","Deadly Poison"],"picked":"Infinite Blades","floor":1},{"not_picked":["Distraction","Dagger Throw"],"picked":"Dodge and Roll","floor":2},{"not_picked":["Acrobatics","Infinite Blades"],"picked":"Poisoned Stab","floor":4},{"not_picked":["Underhanded Strike","PiercingWail"],"picked":"After Image","floor":5},{"not_picked":["Prepared","Quick Slash"],"picked":"Backflip","floor":6},{"not_picked":["Underhanded Strike","Sucker Punch"],"picked":"Footwork","floor":8},{"not_picked":["Slice","Prepared"],"picked":"Caltrops","floor":12},{"not_picked":["Backstab","Concentrate"],"picked":"Escape Plan","floor":13},{"not_picked":["Finisher","Skewer"],"picked":"Bouncing Flask","floor":14},{"not_picked":["Unload","Storm of Steel"],"picked":"Burst","floor":16},{"not_picked":["Outmaneuver","Bane"],"picked":"Skewer","floor":18},{"not_picked":["Riddle With Holes","Prepared","Bane"],"picked":"SKIP","floor":20},{"not_picked":["Deadly Poison","All Out Attack"],"picked":"Catalyst","floor":21},{"not_picked":["Burst","Poisoned Stab"],"picked":"Slice+1","floor":23},{"not_picked":["Blade Dance","Slice+1"],"picked":"Catalyst","floor":25},{"not_picked":["Deflect","Eviscerate+1","Poisoned Stab"],"picked":"SKIP","floor":27},{"not_picked":["Backflip","Dagger Spray"],"picked":"PiercingWail","floor":29},{"not_picked":["Adrenaline","Wraith Form v2"],"picked":"Envenom","floor":33},{"not_picked":["Dagger Throw+1","Escape Plan"],"picked":"Sucker Punch+1","floor":35},{"not_picked":["Phantasmal Killer","Outmaneuver"],"picked":"Noxious Fumes","floor":41}],"player_experience":383107,"relics_obtained":[{"floor":6,"key":"PreservedInsect"},{"floor":8,"key":"Orichalcum"},{"floor":9,"key":"Omamori"},{"floor":14,"key":"Odd Mushroom"},{"floor":23,"key":"Potion Belt"},{"floor":26,"key":"Vajra"},{"floor":29,"key":"Bag of Preparation"},{"floor":41,"key":"Regal Pillow"}],"event_choices":[{"cards_removed":["Defend_G"],"damage_healed":0,"gold_gain":0,"player_choice":"Card Removal","damage_taken":0,"max_hp_gain":0,"max_hp_loss":0,"event_name":"The Cleric","floor":11,"gold_loss":50},{"damage_healed":0,"gold_gain":0,"player_choice":"Fought Mushrooms","damage_taken":0,"max_hp_gain":0,"max_hp_loss":0,"event_name":"Mushrooms","floor":14,"gold_loss":0},{"cards_removed":["Strike_G"],"damage_healed":0,"gold_gain":0,"player_choice":"Upgrade and Remove","damage_taken":0,"max_hp_gain":0,"max_hp_loss":0,"event_name":"Designer","floor":22,"gold_loss":90,"cards_upgraded":["Catalyst"]},{"damage_healed":0,"gold_gain":0,"cards_transformed":["Strike_G","Strike_G"],"player_choice":"Became Test Subject","damage_taken":0,"max_hp_gain":0,"max_hp_loss":0,"event_name":"Drug Dealer","floor":30,"gold_loss":0,"cards_obtained":["Dagger Spray","Underhanded Strike"]},{"damage_healed":0,"gold_gain":0,"player_choice":"Ignored","damage_taken":0,"max_hp_gain":0,"max_hp_loss":0,"event_name":"Vampires","floor":31,"gold_loss":0},{"cards_removed":["Poisoned Stab"],"damage_healed":0,"gold_gain":0,"player_choice":"Removed Attack","damage_taken":0,"max_hp_gain":0,"max_hp_loss":0,"event_name":"Falling","floor":36,"gold_loss":0},{"damage_healed":0,"gold_gain":999,"player_choice":"Gold","damage_taken":0,"max_hp_gain":0,"max_hp_loss":0,"event_name":"MindBloom","floor":37,"gold_loss":0,"cards_obtained":["Normality","Normality"]},{"damage_healed":0,"gold_gain":0,"player_choice":"Embrace Madness","damage_taken":10,"max_hp_gain":0,"max_hp_loss":0,"event_name":"Winding Halls","floor":39,"gold_loss":0,"cards_obtained":["Madness","Madness"]}],"is_beta":false,"boss_relics":[{"not_picked":["White Beast Statue","Velvet Choker"],"picked":"Fusion Hammer"},{"not_picked":["WristBlade","HoveringKite"],"picked":"Astrolabe"}],"items_purged_floors":[38],"is_endless":false,"potions_floor_spawned":[2,6,12,13,18,21,23,33,35,41],"killed_by":"3 Darklings","ascension_level":3}