{"gold_per_floor":[114,129,144,319,319,319,319,319,319,334,349,379,151,166,166,266,266,281,16,16,16,31,31,46,61,61,76,91,106,136,151,151,251,251,266,281,296,311,311,341,41,56,56,81,93,105,132,159,171,183],"floor_reached":51,"playtime":4702,"items_purged":["Doubt","Decay"],"score":682,"play_id":"ea3a1812-0fe5-4341-bbd4-f88ce4101923","local_time":"20190225015808","daily_mods":["Shiny","Uncertain Future","Night Terrors"],"is_ascension_mode":false,"campfire_choices":[{"data":"Fission","floor":6.0,"key":"SMITH"},{"data":"Turbo","floor":8.0,"key":"SMITH"},{"data":"Seek","floor":15.0,"key":"SMITH"},{"data":"Amplify","floor":23.0,"key":"SMITH"},{"floor":32.0,"key":"REST"},{"data":"Hyperbeam","floor":46,"key":"SMITH"},{"floor":49,"key":"REST"}],"neow_cost":"","seed_source_timestamp":769618557144456,"circlet_count":0,"master_deck":["Multi-Cast","Hyperbeam+1","Thunder Strike","Biased Cognition","Machine Learning","Electrodynamics","Buffer","Rainbow+1","Seek+1","Meteor Strike","Echo Form","All For One","Amplify+1","Creative AI","Fission+1","Core Surge","Leap","Turbo+1","Redo","Conserve Battery","Coolheaded","Leap+1","Good Instincts","Force Field","Meteor Strike","Undo","Heatsinks+1","Lockon+1","Ball Lightning+1","Buffer","Streamline+1","Streamline+1","Writhe","Streamline+1"],"special_seed":17952,"relics":["Cracked Core","Sundial","Symbiotic Virus","Art of War","Velvet Choker","Molten Egg 2","War Paint","Nuclear Battery","Ancient Tea Set","Lee\u0027s Waffle","Potion Belt","MawBank"],"potions_floor_usage":[40,48,50,50,50],"damage_taken":[{"damage":0.0,"enemies":"2 Louse","floor":1.0,"turns":1.0},{"damage":11.0,"enemies":"Jaw Worm","floor":2.0,"turns":2.0},{"damage":0.0,"enemies":"Cultist","floor":3.0,"turns":2.0},{"damage":2.0,"enemies":"2 Fungi Beasts","floor":10.0,"turns":3.0},{"damage":0.0,"enemies":"Lots of Slimes","floor":11.0,"turns":1.0},{"damage":0.0,"enemies":"Gremlin Nob","floor":12.0,"turns":2.0},{"damage":0.0,"enemies":"Blue Slaver","floor":14.0,"turns":1.0},{"damage":36.0,"enemies":"Hexaghost","floor":16.0,"turns":7.0},{"damage":1.0,"enemies":"Chosen","floor":18.0,"turns":4.0},{"damage":2.0,"enemies":"3 Byrds","floor":22.0,"turns":2.0},{"damage":2.0,"enemies":"3 Cultists","floor":24.0,"turns":3.0},{"damage":0.0,"enemies":"Cultist and Chosen","floor":25.0,"turns":3.0},{"damage":0.0,"enemies":"Snecko","floor":27.0,"turns":4.0},{"damage":16.0,"enemies":"Centurion and Healer","floor":28.0,"turns":6.0},{"damage":7.0,"enemies":"Chosen and Byrds","floor":29.0,"turns":4.0},{"damage":12.0,"enemies":"Gremlin Leader","floor":30.0,"turns":4.0},{"damage":23.0,"enemies":"Snake Plant","floor":31.0,"turns":3.0},{"damage":15.0,"enemies":"Champ","floor":33.0,"turns":9.0},{"damage":3.0,"enemies":"3 Shapes","floor":35.0,"turns":3.0},{"damage":2.0,"enemies":"3 Darklings","floor":36.0,"turns":2.0},{"damage":26.0,"enemies":"4 Shapes","floor":37.0,"turns":4.0},{"damage":10.0,"enemies":"Sphere and 2 Shapes","floor":38.0,"turns":4.0},{"damage":23,"enemies":"Giant Head","floor":40,"turns":9},{"damage":0,"enemies":"Maw","floor":42,"turns":7},{"damage":0,"enemies":"Transient","floor":47,"turns":5},{"damage":32,"enemies":"3 Darklings","floor":48,"turns":3},{"damage":96,"enemies":"Time Eater","floor":50,"turns":13}],"seed_played":"-6516255005524469742","potions_obtained":[{"floor":3.0,"key":"Swift Potion"},{"floor":11.0,"key":"FearPotion"},{"floor":12.0,"key":"SteroidPotion"},{"floor":25.0,"key":"Regen Potion"},{"floor":28.0,"key":"Swift Potion"},{"floor":31.0,"key":"LiquidBronze"},{"floor":35.0,"key":"Ancient Potion"},{"floor":40,"key":"SkillPotion"},{"floor":48,"key":"Regen Potion"}],"is_trial":false,"path_per_floor":["M","M","M","?","?","R","?","R","T","M","M","E","$","M","R","B",null,"M","$","$","?","M","R","M","M","T","M","M","M","E","M","R","B",null,"M","M","M","M","?","E","$","M","T","T","?","R","M","M","R","B",null],"character_chosen":"DEFECT","items_purchased":["Fruit Juice","Leap","Good Instincts","Meteor Strike","Swift Potion","Lee\u0027s Waffle"],"campfire_rested":2,"item_purchase_floors":[13,13,13,19,19,41],"current_hp_per_floor":[75,64,64,64,46,46,85,85,85,83,83,83,88,88,88,52,90,89,89,89,89,87,87,85,85,85,85,69,62,62,39,85,70,85,82,80,54,44,44,21,92,92,92,92,92,92,92,60,87,4],"gold":195,"neow_bonus":"","is_prod":false,"is_daily":true,"chose_seed":false,"campfire_upgraded":5,"win_rate":0,"timestamp":1551081488,"path_taken":["M","M","M","?","?","R","?","R","T","M","M","E","$","M","R","BOSS","M","?","$","?","M","R","?","M","T","M","M","M","E","M","R","BOSS","M","M","M","M","?","E","$","M","T","?","?","R","M","M","R","BOSS"],"build_version":"2019-01-23","purchased_purges":2,"victory":true,"max_hp_per_floor":[75,75,75,75,75,75,85,85,85,85,85,85,90,90,90,90,90,90,90,90,90,90,90,90,90,90,90,90,90,90,90,85,85,85,85,85,85,85,85,85,92,92,92,92,92,92,92,92,87,87],"card_choices":[{"not_picked":["Stack","Tempest"],"picked":"Leap","floor":1.0},{"not_picked":["Streamline","Force Field"],"picked":"Turbo","floor":2.0},{"not_picked":["Go for the Eyes","Rebound"],"picked":"Redo","floor":3.0},{"not_picked":["White Noise","Rebound"],"picked":"Conserve Battery","floor":10.0},{"not_picked":["Sweeping Beam","Capacitor","Compile Driver"],"picked":"SKIP","floor":11.0},{"not_picked":["Barrage","Core Surge"],"picked":"Coolheaded","floor":12.0},{"not_picked":["Melter","Capacitor"],"picked":"Force Field","floor":14.0},{"not_picked":["Beam Cell","Gash","Leap"],"picked":"SKIP","floor":18.0},{"not_picked":["Cold Snap","Leap","Gash+1"],"picked":"SKIP","floor":22.0},{"not_picked":["Conserve Battery","Leap"],"picked":"Undo","floor":24.0},{"not_picked":["Sweeping Beam+1","Hologram","Steam+1"],"picked":"SKIP","floor":25.0},{"not_picked":["Beam Cell+1","Steam Power","Coolheaded"],"picked":"SKIP","floor":27.0},{"not_picked":["Turbo+1","Coolheaded+1"],"picked":"Heatsinks+1","floor":28.0},{"not_picked":["Force Field","Thunder Strike+1"],"picked":"Lockon+1","floor":29.0},{"not_picked":["White Noise","Go for the Eyes+1"],"picked":"Ball Lightning+1","floor":30.0},{"not_picked":["Sweeping Beam+1","Gash+1","Steam"],"picked":"SKIP","floor":31.0},{"not_picked":["Thunder Strike+1","Echo Form"],"picked":"Buffer","floor":33.0},{"not_picked":["Coolheaded","Stack+1","Aggregate+1"],"picked":"SKIP","floor":35.0},{"not_picked":["Capacitor","Conserve Battery+1","Chill"],"picked":"SKIP","floor":36.0},{"not_picked":["Rebound+1","Hello World+1"],"picked":"Streamline+1","floor":37.0},{"not_picked":["Redo","Beam Cell+1","Sweeping Beam+1"],"picked":"SKIP","floor":38.0},{"not_picked":["Leap","Conserve Battery+1"],"picked":"Streamline+1","floor":40},{"not_picked":["Turbo","Gash+1","Ball Lightning+1"],"picked":"SKIP","floor":42},{"not_picked":["Cold Snap+1","Doom and Gloom+1","Barrage+1"],"picked":"SKIP","floor":47},{"not_picked":["Undo+1","Go for the Eyes+1"],"picked":"Streamline+1","floor":48}],"player_experience":209647,"relics_obtained":[{"floor":9.0,"key":"Symbiotic Virus"},{"floor":12.0,"key":"Art of War"},{"floor":26.0,"key":"Molten Egg 2"},{"floor":30.0,"key":"War Paint"},{"floor":40,"key":"Ancient Tea Set"},{"floor":43,"key":"Potion Belt"},{"floor":44,"key":"MawBank"}],"event_choices":[{"damage_healed":0.0,"max_hp_gain":0.0,"max_hp_loss":0.0,"gold_gain":175.0,"event_name":"Liars Game","player_choice":"AGREE","floor":4.0,"gold_loss":0.0,"damage_taken":0.0,"cards_obtained":["Doubt"]},{"damage_healed":0.0,"max_hp_gain":0.0,"max_hp_loss":0.0,"gold_gain":0.0,"event_name":"Scrap Ooze","player_choice":"Success","floor":5.0,"gold_loss":0.0,"damage_taken":18.0,"relics_obtained":["Sundial"]},{"cards_removed":["Reboot"],"damage_healed":29.0,"max_hp_gain":10.0,"max_hp_loss":0.0,"gold_gain":0.0,"event_name":"Bonfire Elementals","player_choice":"Offered Rare","floor":7.0,"gold_loss":0.0,"damage_taken":0.0},{"damage_healed":0.0,"max_hp_gain":0.0,"max_hp_loss":0.0,"gold_gain":0.0,"event_name":"Wheel of Change","player_choice":"Cursed","floor":21.0,"gold_loss":0.0,"damage_taken":0.0,"cards_obtained":["Decay"]},{"damage_healed":0.0,"max_hp_gain":0.0,"max_hp_loss":0.0,"gold_gain":0.0,"event_name":"SensoryStone","player_choice":"Memory 1","floor":39.0,"gold_loss":0.0,"damage_taken":0.0},{"damage_healed":23,"gold_gain":0,"player_choice":"Writhe","damage_taken":0,"max_hp_gain":0,"max_hp_loss":0,"event_name":"Winding Halls","floor":45,"gold_loss":0,"cards_obtained":["Writhe"]}],"is_beta":false,"boss_relics":[{"not_picked":["Runic Pyramid","Orrery"],"picked":"Velvet Choker"},{"not_picked":["FrozenCore","Lizard Tail"],"picked":"Nuclear Battery"}],"items_purged_floors":[19,41],"is_endless":false,"potions_floor_spawned":[3,11,12,25,27,28,31,33,35,37,40,48],"ascension_level":0}