{"gold_per_floor":[109,121,1,1,18,18,29,43,43,43,58,58,76,87,87,188,188,208,208,220,25,38,38,38],"floor_reached":24,"playtime":986,"items_purged":[],"score":202,"play_id":"ce30d52b-455b-433b-9a7d-c2ca0453d51b","local_time":"20190323003140","is_ascension_mode":true,"campfire_choices":[{"data":"Catalyst","floor":6,"key":"SMITH"},{"data":"Noxious Fumes","floor":10,"key":"SMITH"},{"data":"Catalyst","floor":12,"key":"SMITH"},{"data":"Backflip","floor":15,"key":"SMITH"},{"floor":23,"key":"REST"}],"neow_cost":"NONE","seed_source_timestamp":176335584752271,"circlet_count":0,"master_deck":["Defend_G","Defend_G","Defend_G","Defend_G","Defend_G","Strike_G","Strike_G","Strike_G","Strike_G","Survivor","Neutralize+1","Catalyst+1","Flying Knee","Catalyst+1","Flying Knee","Quick Slash","Noxious Fumes+1","Flying Knee","Bane","Backflip+1","Doppelganger","PiercingWail","Catalyst"],"relics":["Ring of the Snake","NeowsBlessing","White Beast Statue","Strange Spoon"],"potions_floor_usage":[8,18,20,22,24,24],"damage_taken":[{"damage":0,"enemies":"Cultist","floor":1,"turns":1},{"damage":0,"enemies":"2 Louse","floor":2,"turns":1},{"damage":0,"enemies":"Small Slimes","floor":5,"turns":1},{"damage":2,"enemies":"3 Louse","floor":7,"turns":4},{"damage":9,"enemies":"Gremlin Gang","floor":8,"turns":6},{"damage":0,"enemies":"Exordium Wildlife","floor":11,"turns":4},{"damage":7,"enemies":"Blue Slaver","floor":13,"turns":4},{"damage":2,"enemies":"Looter","floor":14,"turns":3},{"damage":41,"enemies":"Slime Boss","floor":16,"turns":8},{"damage":12,"enemies":"Shell Parasite","floor":18,"turns":6},{"damage":24,"enemies":"2 Thieves","floor":20,"turns":5},{"damage":8,"enemies":"Cultist and Chosen","floor":22,"turns":5},{"damage":53,"enemies":"Slavers","floor":24,"turns":4}],"seed_played":"4610773263093349292","potions_obtained":[{"floor":1,"key":"Fire Potion"},{"floor":2,"key":"Swift Potion"},{"floor":11,"key":"SkillPotion"},{"floor":13,"key":"PowerPotion"},{"floor":18,"key":"GamblersBrew"},{"floor":20,"key":"SteroidPotion"},{"floor":22,"key":"Swift Potion"}],"is_trial":false,"path_per_floor":["M","M","$","?","M","R","M","M","T","R","M","R","M","M","R","B",null,"M","?","M","$","M","R","E"],"character_chosen":"THE_SILENT","items_purchased":["Catalyst","Poison Potion","Strange Spoon"],"campfire_rested":1,"item_purchase_floors":[3,3,21],"current_hp_per_floor":[70,70,70,70,70,70,68,59,59,59,59,59,52,50,50,9,70,58,58,34,34,26,47,0],"gold":38,"neow_bonus":"THREE_ENEMY_KILL","is_prod":false,"is_daily":false,"chose_seed":false,"campfire_upgraded":4,"win_rate":0,"timestamp":1553272300,"path_taken":["M","?","?","?","M","R","M","M","T","R","M","R","?","?","R","BOSS","M","?","M","$","M","R","E"],"build_version":"2019-01-23","purchased_purges":0,"victory":false,"max_hp_per_floor":[70,70,70,70,70,70,70,70,70,70,70,70,70,70,70,70,70,70,70,70,70,70,70,70],"card_choices":[{"not_picked":["Outmaneuver","Deflect"],"picked":"Catalyst","floor":1},{"not_picked":["Concentrate","Caltrops"],"picked":"Flying Knee","floor":2},{"not_picked":["Outmaneuver","Distraction"],"picked":"Flying Knee","floor":5},{"not_picked":["Slice","Deflect"],"picked":"Quick Slash","floor":7},{"not_picked":["Well Laid Plans","Finisher"],"picked":"Noxious Fumes","floor":8},{"not_picked":["Dagger Spray","Leg Sweep"],"picked":"Flying Knee","floor":11},{"not_picked":["Dash","Deflect"],"picked":"Bane","floor":13},{"not_picked":["Cloak And Dagger","Grand Finale"],"picked":"Backflip","floor":14},{"not_picked":["Envenom","Wraith Form v2"],"picked":"Doppelganger","floor":16},{"not_picked":["Eviscerate","Sucker Punch"],"picked":"PiercingWail","floor":18},{"not_picked":["Outmaneuver","Crippling Poison"],"picked":"Catalyst","floor":20},{"not_picked":["Underhanded Strike","Slice","Cloak And Dagger+1"],"picked":"SKIP","floor":22}],"player_experience":899879,"relics_obtained":[],"event_choices":[{"damage_healed":0,"gold_gain":0,"player_choice":"Upgraded","damage_taken":0,"max_hp_gain":0,"max_hp_loss":0,"event_name":"Upgrade Shrine","floor":4,"gold_loss":0,"cards_upgraded":["Neutralize"]},{"cards_removed":["Strike_G"],"damage_healed":0,"gold_gain":0,"player_choice":"Purged","damage_taken":0,"max_hp_gain":0,"max_hp_loss":0,"event_name":"Purifier","floor":19,"gold_loss":0}],"is_beta":false,"boss_relics":[{"not_picked":["Philosopher\u0027s Stone","Eternal Feather"],"picked":"White Beast Statue"}],"items_purged_floors":[],"is_endless":false,"potions_floor_spawned":[1,2,7,11,13,18,20,22],"killed_by":"Slavers","ascension_level":1}