{"gold_per_floor":[114,389,403,418,493,493,493,517,572,582,857,868,880,310,310,407,407,420,420,420,434,452,452,467,467,492,503,513,533,551,451,451,553,553,572,104,104,29,42,42,42,57,80,80,96,113,113,25,25,25],"floor_reached":50,"playtime":1235,"items_purged":["Regret","Strike_R+1","Strike_R+1","Strike_R+1","Strike_R+1"],"score":463,"play_id":"493c01cb-0fea-4293-9581-d7a76d5f112b","local_time":"20190420043253","is_ascension_mode":false,"campfire_choices":[{"data":"Bash","floor":6.0,"key":"SMITH"},{"floor":15.0,"key":"REST"},{"data":"Flex","floor":23.0,"key":"SMITH"},{"data":"Uppercut","floor":25.0,"key":"SMITH"},{"floor":32.0,"key":"REST"},{"data":"Demon Form","floor":40,"key":"SMITH"},{"data":"Double Tap","floor":47,"key":"SMITH"},{"data":"Double Tap","floor":49,"key":"SMITH"}],"neow_cost":"NONE","seed_source_timestamp":9797336105019,"circlet_count":0,"master_deck":["Defend_R+1","Defend_R+1","Defend_R+1","Defend_R+1","Bash+1","Sword Boomerang","Heavy Blade","Flex+1","Twin Strike","Uppercut+1","Disarm","Shrug It Off","Double Tap+1","Flex+1","Metallicize","Double Tap+1","Demon Form+1","Demon Form+1","Heavy Blade"],"special_seed":0,"relics":["Sozu","Odd Mushroom","Strawberry","Ice Cream","Velvet Choker","PreservedInsect","Eternal Feather","Membership Card","Meat on the Bone","Centennial Puzzle"],"potions_floor_usage":[],"damage_taken":[{"damage":1.0,"enemies":"2 Louse","floor":1.0,"turns":3.0},{"damage":2.0,"enemies":"Cultist","floor":3.0,"turns":4.0},{"damage":1.0,"enemies":"Small Slimes","floor":4.0,"turns":3.0},{"damage":33.0,"enemies":"The Mushroom Lair","floor":8.0,"turns":6.0},{"damage":9.0,"enemies":"3 Louse","floor":10.0,"turns":3.0},{"damage":4.0,"enemies":"2 Fungi Beasts","floor":12.0,"turns":3.0},{"damage":16.0,"enemies":"Exordium Thugs","floor":13.0,"turns":4.0},{"damage":9.0,"enemies":"Hexaghost","floor":16.0,"turns":11.0},{"damage":0.0,"enemies":"3 Byrds","floor":18.0,"turns":6.0},{"damage":8.0,"enemies":"Spheric Guardian","floor":21.0,"turns":4.0},{"damage":2.0,"enemies":"3 Cultists","floor":22.0,"turns":5.0},{"damage":3.0,"enemies":"Centurion and Healer","floor":24.0,"turns":5.0},{"damage":18.0,"enemies":"Snake Plant","floor":27.0,"turns":4.0},{"damage":0.0,"enemies":"Cultist and Chosen","floor":28.0,"turns":5.0},{"damage":1.0,"enemies":"Shelled Parasite and Fungi","floor":29.0,"turns":3.0},{"damage":1.0,"enemies":"Snecko","floor":30.0,"turns":4.0},{"damage":40.0,"enemies":"Champ","floor":33.0,"turns":12.0},{"damage":7.0,"enemies":"Orb Walker","floor":35.0,"turns":3.0},{"damage":7,"enemies":"3 Shapes","floor":39,"turns":6},{"damage":21,"enemies":"Jaw Worm Horde","floor":42,"turns":5},{"damage":7,"enemies":"Maw","floor":45,"turns":6},{"damage":20,"enemies":"Spire Growth","floor":46,"turns":4},{"damage":69,"enemies":"Awakened One","floor":50,"turns":4}],"seed_played":"7557297239249154846","potions_obtained":[],"is_trial":false,"path_per_floor":["M","?","M","M","?","R","?","?","T","M","?","M","M","$","R","B",null,"M","?","?","M","M","R","M","R","T","M","M","M","M","$","R","B",null,"M","$","?","$","M","R","?","M","T","?","M","M","R","$","R","B"],"character_chosen":"IRONCLAD","items_purchased":["Ice Cream","Uppercut","Disarm","Shrug It Off","Membership Card","Meat on the Bone","Demon Form"],"campfire_rested":2,"item_purchase_floors":[14,14,14,14,36,36,36],"current_hp_per_floor":[79,79,77,76,65,65,58,25,32,23,23,19,3,3,29,20,87,87,87,87,79,77,77,74,74,74,56,56,55,54,54,80,40,87,80,80,80,80,73,82,82,61,61,61,54,46,58,58,67,0],"gold":25,"neow_bonus":"BOSS_RELIC","is_prod":false,"is_daily":false,"chose_seed":false,"campfire_upgraded":6,"win_rate":0,"timestamp":1555756373,"path_taken":["M","?","M","?","?","R","?","?","T","M","?","?","M","$","R","BOSS","M","?","?","M","M","R","?","R","T","M","M","M","M","$","R","BOSS","M","$","?","$","?","R","?","M","T","?","M","M","R","$","R","BOSS"],"build_version":"2019-01-23","purchased_purges":5,"victory":false,"max_hp_per_floor":[80,80,80,80,80,80,80,80,87,87,87,87,87,87,87,87,87,87,87,87,87,87,87,87,87,87,87,87,87,87,87,87,87,87,87,87,87,87,87,87,87,87,87,87,87,87,87,87,87,87],"card_choices":[{"not_picked":["Clothesline","Rupture"],"picked":"Sword Boomerang","floor":1.0},{"not_picked":["Cleave","Fire Breathing","Searing Blow"],"picked":"SKIP","floor":3.0},{"not_picked":["Shrug It Off","Cleave","Berserk"],"picked":"SKIP","floor":4.0},{"not_picked":["Rage","Power Through"],"picked":"Heavy Blade","floor":8.0},{"not_picked":["Combust","Shrug It Off"],"picked":"Flex","floor":10.0},{"not_picked":["Pommel Strike","Clash"],"picked":"Twin Strike","floor":12.0},{"not_picked":["Blood for Blood","Clothesline","Warcry"],"picked":"SKIP","floor":13.0},{"not_picked":["Exhume","Juggernaut"],"picked":"Double Tap","floor":16.0},{"not_picked":["Rage","Clash+1","Warcry"],"picked":"SKIP","floor":18.0},{"not_picked":["Fire Breathing","Metallicize"],"picked":"Flex+1","floor":21.0},{"not_picked":["Pommel Strike","Corruption","Clothesline+1"],"picked":"SKIP","floor":22.0},{"not_picked":["Warcry","Infernal Blade"],"picked":"Metallicize","floor":24.0},{"not_picked":["Cleave","Sever Soul","Searing Blow+1"],"picked":"SKIP","floor":27.0},{"not_picked":["Perfected Strike+1","Pommel Strike","Thunderclap+1"],"picked":"SKIP","floor":28.0},{"not_picked":["Clash","Heavy Blade","Armaments"],"picked":"SKIP","floor":29.0},{"not_picked":["Hemokinesis","Anger","Body Slam"],"picked":"SKIP","floor":30.0},{"not_picked":["Berserk","Reaper"],"picked":"Double Tap","floor":33.0},{"not_picked":["Searing Blow","Warcry+1","Cleave"],"picked":"SKIP","floor":35.0},{"not_picked":["True Grit","Rampage","Shrug It Off"],"picked":"SKIP","floor":39},{"not_picked":["Armaments+1","Spot Weakness"],"picked":"Heavy Blade","floor":42},{"not_picked":["Evolve","Exhume","Pommel Strike+1"],"picked":"SKIP","floor":45},{"not_picked":["Cleave","Armaments","Anger"],"picked":"SKIP","floor":46}],"player_experience":1265181,"relics_obtained":[{"floor":8.0,"key":"Odd Mushroom"},{"floor":9.0,"key":"Strawberry"},{"floor":26.0,"key":"PreservedInsect"},{"floor":43,"key":"Centennial Puzzle"}],"event_choices":[{"damage_healed":0.0,"max_hp_gain":0.0,"max_hp_loss":0.0,"gold_gain":275.0,"event_name":"Golden Shrine","player_choice":"Desecrate","floor":2.0,"gold_loss":0.0,"damage_taken":0.0,"cards_obtained":["Regret"]},{"damage_healed":0.0,"max_hp_gain":0.0,"max_hp_loss":0.0,"gold_gain":75.0,"event_name":"World of Goop","player_choice":"Gather Gold","floor":5.0,"gold_loss":0.0,"damage_taken":11.0},{"cards_removed":["Regret"],"damage_healed":0.0,"max_hp_gain":0.0,"max_hp_loss":0.0,"gold_gain":0.0,"event_name":"Golden Wing","player_choice":"Card Removal","floor":7.0,"gold_loss":0.0,"damage_taken":7.0},{"damage_healed":0.0,"max_hp_gain":0.0,"max_hp_loss":0.0,"gold_gain":0.0,"event_name":"Mushrooms","player_choice":"Fought Mushrooms","floor":8.0,"gold_loss":0.0,"damage_taken":0.0},{"damage_healed":0.0,"max_hp_gain":0.0,"max_hp_loss":0.0,"gold_gain":275.0,"event_name":"Golden Shrine","player_choice":"Desecrate","floor":11.0,"gold_loss":0.0,"damage_taken":0.0,"cards_obtained":["Regret"]},{"damage_healed":0.0,"max_hp_gain":0.0,"max_hp_loss":0.0,"gold_gain":0.0,"event_name":"Back to Basics","player_choice":"Simplicity","floor":19.0,"gold_loss":0.0,"damage_taken":0.0,"cards_upgraded":["Strike_R","Strike_R","Strike_R","Strike_R","Strike_R","Defend_R","Defend_R","Defend_R","Defend_R"]},{"cards_removed":["Strike_R"],"damage_healed":0.0,"max_hp_gain":0.0,"max_hp_loss":0.0,"gold_gain":0.0,"event_name":"Bonfire Elementals","player_choice":"Offered Basic","floor":20.0,"gold_loss":0.0,"damage_taken":0.0},{"damage_healed":0.0,"max_hp_gain":0.0,"max_hp_loss":0.0,"gold_gain":0.0,"event_name":"Duplicator","player_choice":"Copied","floor":37.0,"gold_loss":0.0,"damage_taken":0.0,"cards_obtained":["Demon Form"]},{"damage_healed":0,"gold_gain":0,"player_choice":"Ignored","damage_taken":0,"max_hp_gain":0,"max_hp_loss":0,"event_name":"Mysterious Sphere","floor":41,"gold_loss":0},{"damage_healed":0,"gold_gain":0,"player_choice":"Forge","damage_taken":0,"max_hp_gain":0,"max_hp_loss":0,"event_name":"Accursed Blacksmith","floor":44,"gold_loss":0,"cards_upgraded":["Demon Form"]}],"is_beta":false,"boss_relics":[{"not_picked":["White Beast Statue","Fusion Hammer"],"picked":"Velvet Choker"},{"not_picked":["Mark of Pain","Snecko Eye"],"picked":"Eternal Feather"}],"items_purged_floors":[14,31,36,38,48],"is_endless":false,"potions_floor_spawned":[8,10,12,13,18,22,28,39,42],"killed_by":"Awakened One","ascension_level":0}