{"gold_per_floor":[219,237,254,269,194,194,204,234,286,361,361,376,393,408,408,505,505,524,534,163,177,188,188,188,188,242,257,257,257,269,286,286,286],"floor_reached":33,"playtime":1415,"items_purged":["Strike_B","Strike_B"],"score":280,"play_id":"1c41c4e2-4407-4906-802e-56ecd1d2e1d9","local_time":"20190303184612","is_ascension_mode":false,"campfire_choices":[{"data":"Go for the Eyes","floor":6,"key":"SMITH"},{"floor":11,"key":"REST"},{"floor":15,"key":"REST"},{"floor":23,"key":"REST"},{"data":"Lockon","floor":28,"key":"SMITH"},{"floor":32,"key":"REST"}],"neow_cost":"NONE","seed_source_timestamp":705139483600178,"circlet_count":0,"master_deck":["Defend_B","Defend_B","Defend_B","Defend_B","Zap","Dualcast","Go for the Eyes+1","Streamline","Hologram","Defragment","Rebound","Reinforced Body","Ball Lightning","Hologram","Lockon+1","Ball Lightning","Multi-Cast","Beam Cell+1","Sweeping Beam","Defragment","Static Discharge","Sweeping Beam+1","Bite","Bite","Bite","Bite","Bite","Purity","Auto Shields","White Noise+1","Self Repair"],"relics":["Cracked Core","Torii","Dream Catcher","Velvet Choker","MealTicket","Blood Vial"],"potions_floor_usage":[8,8,31,33,33,33],"damage_taken":[{"damage":1,"enemies":"Cultist","floor":1,"turns":4},{"damage":1,"enemies":"Jaw Worm","floor":2,"turns":3},{"damage":2,"enemies":"2 Louse","floor":3,"turns":3},{"damage":11,"enemies":"Red Slaver","floor":4,"turns":4},{"damage":1,"enemies":"Blue Slaver","floor":7,"turns":4},{"damage":28,"enemies":"Gremlin Nob","floor":8,"turns":4},{"damage":2,"enemies":"Gremlin Gang","floor":12,"turns":4},{"damage":8,"enemies":"Large Slime","floor":13,"turns":3},{"damage":1,"enemies":"3 Louse","floor":14,"turns":2},{"damage":15,"enemies":"Hexaghost","floor":16,"turns":7},{"damage":2,"enemies":"Shell Parasite","floor":18,"turns":3},{"damage":14,"enemies":"3 Byrds","floor":19,"turns":4},{"damage":22,"enemies":"Snake Plant","floor":21,"turns":4},{"damage":25,"enemies":"Centurion and Healer","floor":22,"turns":6},{"damage":9,"enemies":"Cultist and Chosen","floor":27,"turns":4},{"damage":9,"enemies":"Snecko","floor":30,"turns":4},{"damage":21,"enemies":"Snake Plant","floor":31,"turns":3},{"damage":41,"enemies":"Collector","floor":33,"turns":3}],"seed_played":"-2215509900661462283","potions_obtained":[{"floor":3,"key":"AttackPotion"},{"floor":7,"key":"Strength Potion"},{"floor":14,"key":"Energy Potion"},{"floor":16,"key":"GamblersBrew"},{"floor":30,"key":"FearPotion"},{"floor":31,"key":"Weak Potion"}],"is_trial":false,"path_per_floor":["M","M","M","M","$","R","M","E","T","?","R","M","M","M","R","B",null,"M","M","$","M","M","R","?","?","T","M","R","?","M","M","R","B"],"character_chosen":"DEFECT","items_purchased":["MealTicket","Defragment"],"campfire_rested":4,"item_purchase_floors":[20,20],"current_hp_per_floor":[74,73,71,60,60,60,59,31,31,20,42,40,32,31,53,38,75,73,59,59,37,12,34,34,34,34,37,37,25,26,13,28,0],"gold":286,"neow_bonus":"HUNDRED_GOLD","is_prod":false,"is_daily":false,"chose_seed":false,"campfire_upgraded":2,"win_rate":0,"timestamp":1551609972,"path_taken":["M","?","M","M","$","R","M","E","T","?","R","M","M","M","R","BOSS","M","M","$","M","M","R","?","?","T","?","R","?","M","M","R","BOSS"],"build_version":"2019-01-23","purchased_purges":2,"victory":false,"max_hp_per_floor":[75,75,75,75,75,75,75,75,75,75,75,75,75,75,75,75,75,75,75,75,75,75,75,52,52,52,52,52,52,52,52,52,52],"card_choices":[{"not_picked":["Cold Snap","Streamline"],"picked":"Go for the Eyes","floor":1},{"not_picked":["Steam Power","Consume"],"picked":"Streamline","floor":2},{"not_picked":["Leap","Undo"],"picked":"Hologram","floor":3},{"not_picked":["Steam","All For One"],"picked":"Defragment","floor":4},{"not_picked":["Storm","Blizzard"],"picked":"Rebound","floor":7},{"not_picked":["Cold Snap","Hologram"],"picked":"Reinforced Body","floor":8},{"not_picked":["Double Energy","Gash"],"picked":"Ball Lightning","floor":11},{"not_picked":["Go for the Eyes","Redo"],"picked":"Hologram","floor":12},{"not_picked":["Glacier","Rip and Tear"],"picked":"Lockon","floor":13},{"not_picked":["Scrape","Go for the Eyes","Gash"],"picked":"SKIP","floor":14},{"not_picked":["Compile Driver","Skim"],"picked":"Ball Lightning","floor":15},{"not_picked":["Rainbow","Meteor Strike"],"picked":"Multi-Cast","floor":16},{"not_picked":["Skim","Hologram"],"picked":"Beam Cell+1","floor":18},{"not_picked":["Storm","Ball Lightning"],"picked":"Sweeping Beam","floor":19},{"not_picked":["Ball Lightning","Cold Snap"],"picked":"Static Discharge","floor":21},{"not_picked":["Barrage","Go for the Eyes","Fusion"],"picked":"SKIP","floor":22},{"not_picked":["Stack","Double Energy"],"picked":"Sweeping Beam+1","floor":23},{"not_picked":["Heatsinks","Doom and Gloom+1","Cold Snap"],"picked":"SKIP","floor":27},{"not_picked":["Darkness","Barrage"],"picked":"Auto Shields","floor":30},{"not_picked":["Coolheaded+1","Force Field"],"picked":"White Noise+1","floor":31},{"not_picked":["Rebound","Reinforced Body"],"picked":"Self Repair","floor":32}],"player_experience":732273,"relics_obtained":[{"floor":8,"key":"Torii"},{"floor":9,"key":"Dream Catcher"},{"floor":26,"key":"Blood Vial"}],"event_choices":[{"damage_healed":0,"gold_gain":75,"player_choice":"Gather Gold","damage_taken":11,"max_hp_gain":0,"max_hp_loss":0,"event_name":"World of Goop","floor":10,"gold_loss":0},{"damage_healed":0,"gold_gain":0,"player_choice":"Became a vampire","damage_taken":0,"max_hp_gain":0,"max_hp_loss":23,"event_name":"Vampires","floor":24,"gold_loss":0,"cards_obtained":["Bite","Bite","Bite","Bite","Bite"]},{"damage_healed":0,"gold_gain":0,"player_choice":"Ignored","damage_taken":0,"max_hp_gain":0,"max_hp_loss":0,"event_name":"N\u0027loth","floor":25,"gold_loss":0},{"damage_healed":0,"gold_gain":0,"player_choice":"CARD ","damage_taken":12,"max_hp_gain":0,"max_hp_loss":0,"event_name":"Knowing Skull","floor":29,"potions_obtained":[],"gold_loss":0,"cards_obtained":["Purity"]}],"is_beta":false,"boss_relics":[{"not_picked":["Inserter","Black Star"],"picked":"Velvet Choker"}],"items_purged_floors":[5,20],"is_endless":false,"potions_floor_spawned":[3,7,14,16,30,31],"killed_by":"Collector","ascension_level":0}