{"path_per_floor":["M","?","?","$","?","E","R","M","T","R","M","E","$","M","R","B",null,"M","M","M","?","?","R","M","?","T","?"],"character_chosen":"IRONCLAD","items_purchased":["Apotheosis"],"gold_per_floor":[117,217,217,217,295,320,320,335,335,335,348,381,111,129,129,231,231,250,261,280,280,205,205,223,223,223,123],"floor_reached":28,"campfire_rested":0,"playtime":1048,"current_hp_per_floor":[80,80,85,85,85,85,85,85,85,85,85,85,85,84,84,74,85,73,59,46,46,46,46,41,25,25,25],"items_purged":["Defend_R"],"gold":123,"score":251,"play_id":"7938dde3-81c3-4e51-88d2-44f795e40de1","local_time":"20180316220623","is_prod":false,"is_daily":false,"is_ascension_mode":false,"campfire_upgraded":4,"timestamp":1521209183,"path_taken":["M","?","?","$","?","E","R","?","T","R","M","E","$","M","R","BOSS","M","M","M","?","?","R","?","?","T","?","M"],"build_version":"2018-03-15","purchased_purges":2,"victory":false,"master_deck":["Strike_R","Strike_R","Strike_R","Strike_R","Strike_R","Defend_R","Defend_R","Defend_R","Bash+1","Clash","Double Tap+1","Iron Wave","Iron Wave","Rampage","Apotheosis+1","Pommel Strike","Brutality+1","Whirlwind+1","Demon Form","Shrug It Off+1","Necronomicurse","J.A.X."],"max_hp_per_floor":[80,80,85,85,85,85,85,85,85,85,85,85,85,85,85,85,85,85,85,85,85,85,85,85,85,85,85],"relics":["Burning Blood","NeowsBlessing","Lantern","Dead Branch","Mercury Hourglass","Runic Cube","Anchor","Necronomicon","Toolbox"],"card_choices":[{"not_picked":["Iron Wave","Sword Boomerang"],"picked":"Clash"},{"not_picked":["Iron Wave","Thunderclap"],"picked":"Double Tap"},{"not_picked":["Twin Strike","Rupture"],"picked":"Iron Wave"},{"not_picked":["Havoc","Body Slam"],"picked":"Iron Wave"},{"not_picked":["Hemokinesis","Combust"],"picked":"Rampage"},{"not_picked":["Iron Wave","Heavy Blade"],"picked":"Pommel Strike"},{"not_picked":["Limit Break","Fiend Fire"],"picked":"Brutality"},{"not_picked":["Shrug It Off","Clothesline"],"picked":"Whirlwind"},{"not_picked":["Clothesline","Clash"],"picked":"Demon Form"},{"not_picked":["Ghostly Armor","Twin Strike"],"picked":"Shrug It Off"}],"player_experience":309202,"potions_floor_usage":[28],"damage_taken":[{"damage":0,"enemies":"Small Slimes","floor":1,"turns":1},{"damage":0,"enemies":"3 Sentries","floor":6,"turns":1},{"damage":0,"enemies":"Cultist","floor":8,"turns":1},{"damage":6,"enemies":"Jaw Worm","floor":11,"turns":2},{"damage":1,"enemies":"Gremlin Nob","floor":12,"turns":3},{"damage":7,"enemies":"2 Fungi Beasts","floor":14,"turns":3},{"damage":16,"enemies":"Slime Boss","floor":16,"turns":6},{"damage":18,"enemies":"Spheric Guardian","floor":18,"turns":5},{"damage":20,"enemies":"2 Thieves","floor":19,"turns":5},{"damage":19,"enemies":"Snake Plant","floor":20,"turns":4},{"damage":11,"enemies":"Snecko","floor":24,"turns":4},{"damage":29,"enemies":"Sentry and Sphere","floor":28,"turns":3}],"event_choices":[{"event_name":"Golden Shrine","player_choice":"Pray","floor":2,"damage_taken":0},{"event_name":"Big Fish","player_choice":"Donut","floor":3,"damage_taken":0},{"event_name":"Golden Wing","player_choice":"Gained Gold","floor":5,"damage_taken":0},{"event_name":"The Mausoleum","player_choice":"Yes","floor":21,"damage_taken":0},{"event_name":"Beggar","player_choice":"Gave Gold","floor":22,"damage_taken":0},{"event_name":"Cursed Tome","player_choice":"Obtained Book","floor":25,"damage_taken":0},{"event_name":"Drug Dealer","player_choice":"Got JAXXED","floor":27,"damage_taken":0}],"boss_relics":[{"not_picked":["Black Blood","Calling Bell"],"picked":"Runic Cube"}],"potions_floor_spawned":[6,11,12,18],"seed_played":"4478753473458519457","killed_by":"Sentry and Sphere","ascension_level":0,"is_trial":false}