{"gold_per_floor":[117,130,31,31,31,63,83,83,137,137,166,179,193,204,204,306,306,323,338,354,71,89,89,108,108,108,108,120,120,130,130,130,228,228,247,347,366,73,84,84],"floor_reached":40,"playtime":2503,"items_purged":["Decay","Pain"],"score":402,"play_id":"fa6a6c04-00ce-4f2b-815c-9a28628ff6ae","local_time":"20181013105515","is_ascension_mode":false,"campfire_choices":[{"data":"Pommel Strike","floor":10,"key":"SMITH"},{"data":"Shrug It Off","floor":15,"key":"SMITH"},{"data":"Armaments","floor":23,"key":"SMITH"},{"data":"Limit Break","floor":25,"key":"SMITH"},{"data":"Flex","floor":27,"key":"SMITH"},{"data":"Armaments","floor":29,"key":"SMITH"},{"floor":32,"key":"REST"}],"neow_cost":"CURSE","seed_source_timestamp":180250176079200,"circlet_count":0,"master_deck":["Strike_R","Strike_R","Strike_R","Defend_R","Defend_R","Defend_R","Defend_R","Bash","Pommel Strike+1","Thunderclap","Shrug It Off","Disarm","Shrug It Off+1","Twin Strike","Sword Boomerang","Limit Break+1","Flex+1","Iron Wave+1","Cleave","Armaments+1","Armaments+1","Metallicize+1","Bloodletting","Parasite","Injury","Inflame","Pommel Strike+1","Flex","Heavy Blade"],"relics":["Burning Blood","Ginger","Pen Nib","Juzu Bracelet","Torii","Sozu","ClockworkSouvenir","Ornamental Fan","Calling Bell","Lantern","Matryoshka","Pocketwatch","Blood Vial"],"potions_floor_usage":[6,20,39,40],"damage_taken":[{"damage":2,"enemies":"Small Slimes","floor":1,"turns":4},{"damage":3,"enemies":"Cultist","floor":2,"turns":4},{"damage":27,"enemies":"3 Sentries","floor":6,"turns":10},{"damage":2,"enemies":"Jaw Worm","floor":7,"turns":4},{"damage":24,"enemies":"Gremlin Nob","floor":11,"turns":5},{"damage":1,"enemies":"Looter","floor":12,"turns":3},{"damage":1,"enemies":"Blue Slaver","floor":13,"turns":4},{"damage":1,"enemies":"2 Fungi Beasts","floor":14,"turns":3},{"damage":42,"enemies":"The Guardian","floor":16,"turns":16},{"damage":30,"enemies":"Spheric Guardian","floor":18,"turns":6},{"damage":1,"enemies":"Shell Parasite","floor":19,"turns":6},{"damage":45,"enemies":"3 Cultists","floor":20,"turns":7},{"damage":1,"enemies":"Shelled Parasite and Fungi","floor":22,"turns":4},{"damage":1,"enemies":"Chosen and Byrds","floor":24,"turns":5},{"damage":3,"enemies":"3 Cultists","floor":28,"turns":4},{"damage":13,"enemies":"Sentry and Sphere","floor":30,"turns":5},{"damage":38,"enemies":"Champ","floor":33,"turns":9},{"damage":18,"enemies":"3 Darklings","floor":35,"turns":5},{"damage":18,"enemies":"3 Shapes","floor":37,"turns":4},{"damage":12,"enemies":"Maw","floor":39,"turns":9},{"damage":57,"enemies":"Giant Head","floor":40,"turns":7}],"seed_played":"-8900642822667029419","potions_obtained":[{"floor":1,"key":"Regen Potion"},{"floor":11,"key":"Fire Potion"},{"floor":12,"key":"BloodPotion"},{"floor":16,"key":"Weak Potion"}],"is_trial":false,"path_per_floor":["M","M","$","?","?","E","M","?","T","R","E","M","M","M","R","B",null,"M","M","M","$","M","R","M","R","T","R","M","R","M","?","R","B",null,"M","?","M","$","M"],"character_chosen":"IRONCLAD","items_purchased":["Shrug It Off","Cleave","ClockworkSouvenir","Armaments","Blood Vial","Flex"],"campfire_rested":1,"item_purchase_floors":[3,21,21,21,38,38],"current_hp_per_floor":[80,80,80,80,80,74,78,78,78,78,60,65,70,75,75,39,80,56,61,30,30,35,35,40,40,40,40,43,43,36,36,60,28,80,68,68,56,56,52,0],"gold":84,"neow_bonus":"ONE_RARE_RELIC","is_prod":false,"is_daily":false,"chose_seed":false,"campfire_upgraded":6,"win_rate":0,"timestamp":1539420915,"path_taken":["M","M","$","?","?","E","M","?","T","R","E","M","M","M","R","BOSS","M","M","M","$","M","R","M","R","T","R","M","R","M","?","R","BOSS","M","?","M","$","M","E"],"build_version":"2018-10-11","purchased_purges":2,"victory":false,"max_hp_per_floor":[80,80,80,80,80,80,80,80,80,80,80,80,80,80,80,80,80,80,80,80,80,80,80,80,80,80,80,80,80,80,80,80,80,80,80,80,80,80,80,80],"card_choices":[{"not_picked":["Anger","Pummel"],"picked":"Pommel Strike","floor":1},{"not_picked":["Body Slam","Shockwave"],"picked":"Thunderclap","floor":2},{"not_picked":["Fire Breathing","Wild Strike","Blood for Blood"],"picked":"SKIP","floor":6},{"not_picked":["Burning Pact","Heavy Blade"],"picked":"Disarm","floor":7},{"not_picked":["Impervious","Clothesline"],"picked":"Shrug It Off","floor":11},{"not_picked":["Sentinel","Searing Blow"],"picked":"Twin Strike","floor":12},{"not_picked":["Reckless Charge","Wild Strike","Sentinel"],"picked":"SKIP","floor":13},{"not_picked":["Anger","Corruption"],"picked":"Sword Boomerang","floor":14},{"not_picked":["Immolate","Brutality"],"picked":"Limit Break","floor":16},{"not_picked":["True Grit+1","Body Slam","Sword Boomerang"],"picked":"SKIP","floor":18},{"not_picked":["Body Slam+1","Clash"],"picked":"Flex","floor":19},{"not_picked":["Anger","Sever Soul"],"picked":"Iron Wave+1","floor":20},{"not_picked":["Clothesline","Havoc","Fire Breathing"],"picked":"SKIP","floor":22},{"not_picked":["Flame Barrier","Hemokinesis"],"picked":"Armaments","floor":24},{"not_picked":["Entrench","Rampage"],"picked":"Metallicize+1","floor":28},{"not_picked":["Bludgeon","Pommel Strike"],"picked":"Bloodletting","floor":30},{"not_picked":["Sword Boomerang+1","Warcry+1"],"picked":"Inflame","floor":35},{"not_picked":["Searing Blow+1","Intimidate"],"picked":"Pommel Strike+1","floor":37},{"not_picked":["Pommel Strike+1","Combust"],"picked":"Heavy Blade","floor":39}],"player_experience":138348,"relics_obtained":[{"floor":6,"key":"Pen Nib"},{"floor":9,"key":"Juzu Bracelet"},{"floor":11,"key":"Torii"},{"floor":26,"key":"Ornamental Fan"},{"floor":34,"key":"Lantern"},{"floor":34,"key":"Matryoshka"},{"floor":34,"key":"Pocketwatch"}],"event_choices":[{"event_name":"Bonfire Elementals","player_choice":"BASIC","floor":4,"damage_taken":0},{"event_name":"Living Wall","player_choice":"Forget","floor":5,"damage_taken":0},{"event_name":"Liars Game","player_choice":"disagreed","floor":8,"damage_taken":0},{"event_name":"Vampires","player_choice":"Ignored","floor":31,"damage_taken":0},{"event_name":"Golden Shrine","player_choice":"Pray","floor":36,"damage_taken":0}],"is_beta":false,"boss_relics":[{"not_picked":["Fusion Hammer","Astrolabe"],"picked":"Sozu"},{"not_picked":["Empty Cage","Runic Dome"],"picked":"Calling Bell"}],"items_purged_floors":[3,38],"is_endless":false,"potions_floor_spawned":[1,11,12,16,18,22,24,30,33,39],"killed_by":"Giant Head","ascension_level":0}