{"gold_per_floor":[218,21,39,39,53,53,78,78,105,132,146,146,161,161,161,239,239,259,259,208,188,204,204,238,238,238,255,269,288,322,332,332,410,410,427,441,451,102,102,134,151,151,201,213,213,103,122,137,137,137],"floor_reached":51,"playtime":2684,"items_purged":["Storm of Steel+1"],"score":1499,"play_id":"44d90ff7-9989-4ba0-9ee0-9c2511a1008d","local_time":"20190226153810","is_ascension_mode":true,"campfire_choices":[{"data":"Dash","floor":6,"key":"SMITH"},{"floor":8,"key":"REST"},{"data":"Cloak And Dagger","floor":12,"key":"SMITH"},{"data":"Dagger Spray","floor":15,"key":"SMITH"},{"floor":23,"key":"REST"},{"floor":25,"key":"REST"},{"floor":32,"key":"REST"},{"floor":42,"key":"REST"},{"floor":45,"key":"REST"},{"floor":49,"key":"REST"}],"neow_cost":"NONE","seed_source_timestamp":24977161556500,"circlet_count":0,"master_deck":["AscendersBane","Defend_G+1","Defend_G","Survivor","Neutralize","Flying Knee","Deadly Poison","Dash+1","Dagger Spray+1","Glass Knife+1","Sucker Punch+1","Cloak And Dagger+1","Sucker Punch+1","Burst+1","Cloak And Dagger","Bite+1","Bite+1","Bite+1","Bite+1","Bite+1","Deadly Poison+1","Backflip","PiercingWail","Terror","Heel Hook+1","Blur","Infinite Blades","Corpse Explosion","After Image+1","Escape Plan+1","Deflect+1","All Out Attack+1","Blade Dance","Accuracy","PiercingWail","Dodge and Roll+1","Heel Hook+1","Accuracy"],"relics":["Ring of the Snake","Orichalcum","Molten Egg 2","Bronze Scales","Ninja Scroll","Fusion Hammer","War Paint","Bird Faced Urn","Lantern","Astrolabe","Snake Skull","Question Card","Juzu Bracelet"],"potions_floor_usage":[16,31,33,38,40,50,50],"damage_taken":[{"damage":0,"enemies":"2 Louse","floor":1,"turns":5},{"damage":1,"enemies":"Jaw Worm","floor":3,"turns":3},{"damage":0,"enemies":"Cultist","floor":5,"turns":4},{"damage":14,"enemies":"3 Sentries","floor":7,"turns":8},{"damage":19,"enemies":"Gremlin Nob","floor":10,"turns":4},{"damage":0,"enemies":"Blue Slaver","floor":11,"turns":2},{"damage":0,"enemies":"2 Fungi Beasts","floor":13,"turns":2},{"damage":0,"enemies":"Slime Boss","floor":16,"turns":6},{"damage":6,"enemies":"2 Thieves","floor":18,"turns":4},{"damage":4,"enemies":"Shell Parasite","floor":22,"turns":3},{"damage":10,"enemies":"Gremlin Leader","floor":24,"turns":6},{"damage":15,"enemies":"Snake Plant","floor":27,"turns":3},{"damage":5,"enemies":"Cultist and Chosen","floor":28,"turns":5},{"damage":19,"enemies":"Sentry and Sphere","floor":29,"turns":5},{"damage":0,"enemies":"Book of Stabbing","floor":30,"turns":3},{"damage":17,"enemies":"Shelled Parasite and Fungi","floor":31,"turns":5},{"damage":71,"enemies":"Automaton","floor":33,"turns":12},{"damage":7,"enemies":"3 Darklings","floor":35,"turns":4},{"damage":0,"enemies":"3 Shapes","floor":36,"turns":5},{"damage":60,"enemies":"Spire Growth","floor":37,"turns":5},{"damage":60,"enemies":"Nemesis","floor":40,"turns":8},{"damage":4,"enemies":"Writhing Mass","floor":41,"turns":6},{"damage":24,"enemies":"Transient","floor":44,"turns":6},{"damage":35,"enemies":"Spire Growth","floor":47,"turns":6},{"damage":0,"enemies":"3 Darklings","floor":48,"turns":2},{"damage":59,"enemies":"Awakened One","floor":50,"turns":13}],"seed_played":"7840912327489938201","potions_obtained":[{"floor":1,"key":"AttackPotion"},{"floor":13,"key":"Dexterity Potion"},{"floor":16,"key":"Poison Potion"},{"floor":21,"key":"Regen Potion"},{"floor":35,"key":"LiquidBronze"},{"floor":40,"key":"GamblersBrew"},{"floor":44,"key":"Strength Potion"},{"floor":47,"key":"GhostInAJar"}],"is_trial":false,"path_per_floor":["M","$","M","?","M","R","E","R","T","E","M","R","M","?","R","B",null,"M","?","$","?","M","R","E","R","T","M","M","M","E","M","R","B",null,"M","M","M","$","?","E","M","R","T","M","R","?","M","M","R","B",null],"character_chosen":"THE_SILENT","items_purchased":["Blood Vial","Deadly Poison","Deadly Poison","Fruit Juice","Snake Skull"],"campfire_rested":7,"item_purchase_floors":[2,2,20,38,38],"current_hp_per_floor":[59,59,60,34,36,36,24,43,43,26,28,28,30,52,52,54,63,59,59,59,59,64,66,65,66,66,57,66,53,65,51,66,34,58,66,66,17,22,58,9,23,40,40,37,54,54,31,41,55,21],"gold":137,"neow_bonus":"HUNDRED_GOLD","is_prod":false,"is_daily":false,"chose_seed":false,"campfire_upgraded":3,"win_rate":0,"timestamp":1551191890,"path_taken":["M","$","M","?","M","R","E","R","T","E","M","R","M","?","R","BOSS","M","?","$","?","M","R","E","R","T","M","M","?","E","M","R","BOSS","M","M","M","$","?","E","M","R","T","M","R","?","M","M","R","BOSS"],"build_version":"2019-01-23","purchased_purges":1,"victory":true,"max_hp_per_floor":[66,66,66,66,66,66,66,66,66,66,66,66,66,66,66,66,66,66,66,66,66,66,66,66,66,66,66,66,66,66,66,66,66,66,66,66,66,71,58,58,58,58,58,58,58,55,55,55,55,55],"card_choices":[{"not_picked":["Distraction","PiercingWail"],"picked":"Flying Knee","floor":1},{"not_picked":["Quick Slash","Blade Dance"],"picked":"Dash","floor":3},{"not_picked":["Quick Slash","Reflex"],"picked":"Dagger Spray","floor":5},{"not_picked":["PiercingWail","Bane"],"picked":"Glass Knife","floor":7},{"not_picked":["Underhanded Strike+1","Prepared"],"picked":"Sucker Punch+1","floor":10},{"not_picked":["Reflex","Quick Slash+1"],"picked":"Cloak And Dagger","floor":11},{"not_picked":["Bane+1","Blade Dance"],"picked":"Sucker Punch+1","floor":13},{"not_picked":["Doppelganger","Adrenaline"],"picked":"Burst","floor":16},{"not_picked":["Flying Knee+1","Backflip"],"picked":"Cloak And Dagger","floor":18},{"not_picked":["Flying Knee+1","Masterful Stab+1","Expertise"],"picked":"SKIP","floor":22},{"not_picked":["Acrobatics","Setup+1"],"picked":"Backflip","floor":24},{"not_picked":["Deadly Poison","Flying Knee+1"],"picked":"PiercingWail","floor":27},{"not_picked":["Flying Knee+1","Unload+1"],"picked":"Terror","floor":28},{"not_picked":["Dagger Spray+1","Reflex+1"],"picked":"Heel Hook+1","floor":29},{"not_picked":["Flying Knee+1","Doppelganger"],"picked":"Blur","floor":30},{"not_picked":["Calculated Gamble","Dagger Spray+1"],"picked":"Infinite Blades","floor":31},{"not_picked":["Glass Knife+1","Doppelganger"],"picked":"Corpse Explosion","floor":33},{"not_picked":["Dagger Throw+1","Flying Knee+1"],"picked":"Deflect+1","floor":35},{"not_picked":["Backstab+1","Dagger Throw+1"],"picked":"All Out Attack+1","floor":36},{"not_picked":["Dagger Throw+1","Accuracy"],"picked":"Blade Dance","floor":37},{"not_picked":["Backflip","Blade Dance"],"picked":"Accuracy","floor":40},{"not_picked":["Bane+1","Blade Dance","Prepared"],"picked":"PiercingWail","floor":41},{"not_picked":["Distraction","Glass Knife+1","Blade Dance"],"picked":"Dodge and Roll+1","floor":44},{"not_picked":["Dodge and Roll","Acrobatics","Escape Plan"],"picked":"Heel Hook+1","floor":47},{"not_picked":["Dagger Throw+1","Prepared","Distraction"],"picked":"Accuracy","floor":48}],"player_experience":523380,"relics_obtained":[{"floor":7,"key":"Molten Egg 2"},{"floor":9,"key":"Bronze Scales"},{"floor":10,"key":"Ninja Scroll"},{"floor":24,"key":"War Paint"},{"floor":26,"key":"Bird Faced Urn"},{"floor":30,"key":"Lantern"},{"floor":40,"key":"Question Card"},{"floor":43,"key":"Juzu Bracelet"}],"event_choices":[{"damage_healed":0,"gold_gain":0,"player_choice":"Success","damage_taken":26,"relics_obtained":["Orichalcum"],"max_hp_gain":0,"max_hp_loss":0,"event_name":"Scrap Ooze","floor":4,"gold_loss":0},{"damage_healed":22,"gold_gain":0,"player_choice":"Banana","damage_taken":0,"max_hp_gain":0,"max_hp_loss":0,"event_name":"Big Fish","floor":14,"gold_loss":0},{"damage_healed":0,"gold_gain":0,"player_choice":"Became a vampire (Vial)","damage_taken":0,"max_hp_gain":0,"max_hp_loss":0,"event_name":"Vampires","floor":19,"relics_lost":["Blood Vial"],"gold_loss":0,"cards_obtained":["Bite","Bite","Bite","Bite","Bite"]},{"damage_healed":0,"gold_gain":0,"player_choice":"Bought 1 Potion","damage_taken":0,"max_hp_gain":0,"max_hp_loss":0,"event_name":"The Woman in Blue","floor":21,"gold_loss":0},{"damage_healed":58,"gold_gain":0,"player_choice":"Heal","damage_taken":0,"max_hp_gain":0,"max_hp_loss":13,"event_name":"The Moai Head","floor":39,"gold_loss":0},{"cards_removed":["Parasite"],"damage_healed":0,"gold_gain":0,"player_choice":"Upgrade and Remove","damage_taken":0,"max_hp_gain":0,"max_hp_loss":0,"event_name":"Designer","floor":46,"gold_loss":110,"cards_upgraded":["Burst"]}],"is_beta":false,"boss_relics":[{"not_picked":["Runic Dome","Pandora\u0027s Box"],"picked":"Fusion Hammer"},{"not_picked":["Coffee Dripper","Empty Cage"],"picked":"Astrolabe"}],"items_purged_floors":[38],"is_endless":false,"potions_floor_spawned":[1,13,16,22,24,30,35,40,44,47],"ascension_level":17}