{"gold_per_floor":[99,99,99,99,99,99,99,99,99,49,49,5,5,5,5,5,5,5,0,0,0,0,0,0,0,0,0,0,0,0,0,0,0,0,0,0,0,0,0,0,0,0,0,0,0,0,0,0,0,0],"floor_reached":51,"playtime":7541,"items_purged":[],"score":780,"play_id":"109be1cd-a82f-42e1-acfc-af958f9901fc","local_time":"20190208011544","is_ascension_mode":false,"campfire_choices":[{"data":"Shrug It Off","floor":6.0,"key":"SMITH"},{"data":"Pommel Strike","floor":8.0,"key":"SMITH"},{"data":"Spot Weakness","floor":11.0,"key":"SMITH"},{"data":"Iron Wave","floor":13.0,"key":"SMITH"},{"data":"Bash","floor":15.0,"key":"SMITH"},{"data":"Juggernaut","floor":30.0,"key":"SMITH"},{"floor":32.0,"key":"REST"},{"floor":40.0,"key":"REST"},{"floor":49,"key":"REST"}],"neow_cost":"NONE","seed_source_timestamp":0,"circlet_count":0,"master_deck":["Strike_R","Strike_R","Strike_R","Defend_R","Defend_R","Defend_R","Defend_R","Bash+1","Iron Wave+1","Brutality","Shrug It Off+1","Metallicize","Spot Weakness+1","Pommel Strike+1","Juggernaut+1","Shrug It Off+1","Body Slam","Power Through+1","Shrug It Off","Decay","Dual Wield","Shrug It Off","Shrug It Off","True Grit+1","Double Tap","Body Slam+1","Armaments+1","Shrug It Off+1","Shrug It Off+1","Burning Pact+1","Flame Barrier","Armaments+1","Evolve","Cleave","Flame Barrier"],"special_seed":0,"relics":["Ectoplasm","Old Coin","Meat on the Bone","Runic Dome","Enchiridion","Question Card","Regal Pillow","Art of War","Sundial","Mark of Pain","Letter Opener","Kunai","Mango","Pocketwatch"],"potions_floor_usage":[50],"damage_taken":[{"damage":6.0,"enemies":"Jaw Worm","floor":1.0,"turns":2.0},{"damage":0.0,"enemies":"Small Slimes","floor":3.0,"turns":3.0},{"damage":6.0,"enemies":"Cultist","floor":4.0,"turns":3.0},{"damage":0.0,"enemies":"Red Slaver","floor":5.0,"turns":5.0},{"damage":19.0,"enemies":"Lagavulin","floor":7.0,"turns":7.0},{"damage":18.0,"enemies":"Slime Boss","floor":16.0,"turns":9.0},{"damage":2.0,"enemies":"Shell Parasite","floor":18.0,"turns":4.0},{"damage":7.0,"enemies":"2 Thieves","floor":19.0,"turns":4.0},{"damage":3.0,"enemies":"Centurion and Healer","floor":20.0,"turns":5.0},{"damage":2.0,"enemies":"Snecko","floor":21.0,"turns":3.0},{"damage":7.0,"enemies":"Book of Stabbing","floor":23.0,"turns":4.0},{"damage":12.0,"enemies":"Slavers","floor":27.0,"turns":5.0},{"damage":15.0,"enemies":"Shelled Parasite and Fungi","floor":28.0,"turns":4.0},{"damage":7.0,"enemies":"Snake Plant","floor":29.0,"turns":3.0},{"damage":0.0,"enemies":"Snecko","floor":31.0,"turns":3.0},{"damage":76.0,"enemies":"Automaton","floor":33.0,"turns":13.0},{"damage":8.0,"enemies":"Orb Walker","floor":35.0,"turns":3.0},{"damage":22.0,"enemies":"3 Darklings","floor":36.0,"turns":5.0},{"damage":15.0,"enemies":"Transient","floor":37.0,"turns":5.0},{"damage":21.0,"enemies":"Sphere and 2 Shapes","floor":38.0,"turns":4.0},{"damage":10.0,"enemies":"Maw","floor":39.0,"turns":6.0},{"damage":20,"enemies":"Nemesis","floor":41,"turns":5},{"damage":5,"enemies":"Spire Growth","floor":44,"turns":4},{"damage":2,"enemies":"Transient","floor":45,"turns":5},{"damage":0,"enemies":"Writhing Mass","floor":46,"turns":5},{"damage":4,"enemies":"Giant Head","floor":47,"turns":6},{"damage":5,"enemies":"Maw","floor":48,"turns":6},{"damage":24,"enemies":"Awakened One","floor":50,"turns":10}],"seed_played":"-1307713985845153555","potions_obtained":[{"floor":3.0,"key":"SpeedPotion"},{"floor":16.0,"key":"GamblersBrew"},{"floor":19.0,"key":"Explosive Potion"},{"floor":28.0,"key":"Block Potion"},{"floor":31.0,"key":"EntropicBrew"},{"floor":33.0,"key":"FairyPotion"},{"floor":37.0,"key":"EssenceOfSteel"},{"floor":41,"key":"Dexterity Potion"},{"floor":45,"key":"Energy Potion"}],"is_trial":false,"path_per_floor":["M","?","M","M","M","R","E","R","T","?","R","?","R","$","R","B",null,"M","M","M","M","?","E","?","T","T","E","M","M","R","M","R","B",null,"M","M","M","M","M","R","E","T","T","M","M","M","E","M","R","B",null],"character_chosen":"IRONCLAD","items_purchased":[],"campfire_rested":3,"item_purchase_floors":[],"current_hp_per_floor":[74,74,74,68,68,68,49,49,49,49,49,49,49,49,49,43,80,78,71,68,66,50,43,43,43,43,43,40,45,45,45,80,16,80,72,50,47,38,40,79,59,59,73,68,66,66,62,57,94,70],"gold":0,"neow_bonus":"BOSS_RELIC","is_prod":false,"is_daily":false,"chose_seed":false,"campfire_upgraded":6,"win_rate":0.0,"timestamp":1549610144,"path_taken":["M","?","M","M","M","R","E","R","T","?","R","?","R","$","R","BOSS","M","M","M","M","?","E","?","?","T","E","M","M","R","M","R","BOSS","M","M","M","?","M","R","E","?","T","M","M","M","E","?","R","BOSS"],"build_version":"2019-01-23","purchased_purges":0,"victory":true,"max_hp_per_floor":[80,80,80,80,80,80,80,80,80,80,80,80,80,80,80,80,80,80,80,80,80,80,80,80,80,80,80,80,80,80,80,80,80,80,80,80,80,80,80,80,80,80,94,94,94,94,94,94,94,94],"card_choices":[{"not_picked":["Clash","Combust"],"picked":"Iron Wave","floor":1.0},{"not_picked":["Thunderclap","Clash"],"picked":"Shrug It Off","floor":3.0},{"not_picked":["Perfected Strike","Clash"],"picked":"Metallicize","floor":4.0},{"not_picked":["Clothesline","Sword Boomerang"],"picked":"Spot Weakness","floor":5.0},{"not_picked":["Headbutt","Bludgeon"],"picked":"Pommel Strike","floor":7.0},{"not_picked":["Exhume","Offering"],"picked":"Juggernaut","floor":16.0},{"not_picked":["Rage","Fire Breathing"],"picked":"Shrug It Off+1","floor":18.0},{"not_picked":["Blood for Blood","Sentinel"],"picked":"Body Slam","floor":19.0},{"not_picked":["Fire Breathing","Sword Boomerang","Heavy Blade"],"picked":"SKIP","floor":20.0},{"not_picked":["Heavy Blade","Flex"],"picked":"Power Through+1","floor":21.0},{"not_picked":["Wild Strike","Body Slam"],"picked":"Shrug It Off","floor":23.0},{"not_picked":["Exhume","Sword Boomerang+1","Body Slam"],"picked":"Dual Wield","floor":27.0},{"not_picked":["True Grit","Anger","Body Slam"],"picked":"Shrug It Off","floor":28.0},{"not_picked":["Flame Barrier","Flex","Wild Strike"],"picked":"Shrug It Off","floor":29.0},{"not_picked":["Iron Wave","Exhume","Hemokinesis+1"],"picked":"True Grit+1","floor":31.0},{"not_picked":["Reaper","Exhume","Bludgeon"],"picked":"Double Tap","floor":33.0},{"not_picked":["Sword Boomerang+1","Sever Soul","Wild Strike+1"],"picked":"Body Slam+1","floor":35.0},{"not_picked":["Infernal Blade","Combust+1","Flex","Warcry"],"picked":"SKIP","floor":36.0},{"not_picked":["Infernal Blade","Combust+1","Flex","Warcry"],"picked":"SKIP","floor":36.0},{"not_picked":["Whirlwind","Bloodletting+1","Anger+1"],"picked":"Armaments+1","floor":37.0},{"not_picked":["True Grit","Clash+1","Anger+1"],"picked":"Shrug It Off+1","floor":38.0},{"not_picked":["Flame Barrier","Rampage","Immolate"],"picked":"Shrug It Off+1","floor":39.0},{"not_picked":["Dark Embrace","Anger","Uppercut"],"picked":"Burning Pact+1","floor":41},{"not_picked":["Feel No Pain+1","Havoc+1","Uppercut+1"],"picked":"Flame Barrier","floor":44},{"not_picked":["Sword Boomerang","Shockwave","Thunderclap+1"],"picked":"Armaments+1","floor":45},{"not_picked":["Sword Boomerang+1","Feed","Armaments"],"picked":"Evolve","floor":46},{"not_picked":["Intimidate","Metallicize","Headbutt+1"],"picked":"Cleave","floor":47},{"not_picked":["Second Wind+1","Seeing Red","Thunderclap+1"],"picked":"Flame Barrier","floor":48}],"player_experience":96619,"relics_obtained":[{"floor":7.0,"key":"Old Coin"},{"floor":9.0,"key":"Meat on the Bone"},{"floor":22.0,"key":"Enchiridion"},{"floor":23.0,"key":"Question Card"},{"floor":25.0,"key":"Regal Pillow"},{"floor":26.0,"key":"Art of War"},{"floor":27.0,"key":"Sundial"},{"floor":41,"key":"Letter Opener"},{"floor":42,"key":"Kunai"},{"floor":43,"key":"Mango"},{"floor":47,"key":"Pocketwatch"}],"event_choices":[{"damage_healed":0.0,"max_hp_gain":0.0,"max_hp_loss":0.0,"gold_gain":0.0,"cards_transformed":["Strike_R"],"event_name":"Living Wall","player_choice":"Change","floor":2.0,"gold_loss":0.0,"damage_taken":0.0,"cards_obtained":["Brutality"]},{"cards_removed":["Strike_R"],"damage_healed":0.0,"max_hp_gain":0.0,"max_hp_loss":0.0,"gold_gain":0.0,"event_name":"The Cleric","player_choice":"Card Removal","floor":10.0,"gold_loss":50.0,"damage_taken":0.0},{"damage_healed":0.0,"max_hp_gain":0.0,"max_hp_loss":0.0,"gold_gain":0.0,"event_name":"World of Goop","player_choice":"Left Gold","floor":12.0,"gold_loss":44.0,"damage_taken":0.0},{"damage_healed":0.0,"max_hp_gain":0.0,"max_hp_loss":0.0,"gold_gain":0.0,"event_name":"Cursed Tome","player_choice":"Obtained Book","floor":22.0,"gold_loss":0.0,"damage_taken":16.0},{"damage_healed":0.0,"max_hp_gain":0.0,"max_hp_loss":0.0,"gold_gain":0.0,"event_name":"Forgotten Altar","player_choice":"Smashed Altar","floor":24.0,"gold_loss":0.0,"damage_taken":0.0,"cards_obtained":["Decay"]}],"is_beta":false,"boss_relics":[{"not_picked":["Calling Bell","Tiny House"],"picked":"Runic Dome"},{"not_picked":["Sozu","Astrolabe"],"picked":"Mark of Pain"}],"items_purged_floors":[],"is_endless":false,"potions_floor_spawned":[3,16,19,28,31,33,37,41,45,46,47],"ascension_level":0}