{"gold_per_floor":[110,120,25,38,50,50,64,64,87,87,103,117,117,182,182,182],"floor_reached":16,"playtime":652,"items_purged":[],"score":104,"play_id":"03195203-ad8d-40d3-8b91-1887e2545c74","local_time":"20190317182403","is_ascension_mode":false,"campfire_choices":[{"data":"Hologram","floor":6,"key":"SMITH"},{"data":"Dualcast","floor":8,"key":"SMITH"},{"data":"Capacitor","floor":10,"key":"SMITH"},{"data":"Darkness","floor":15,"key":"SMITH"}],"neow_cost":"NONE","seed_source_timestamp":1914089249772580,"circlet_count":0,"master_deck":["Strike_B","Strike_B","Strike_B","Defend_B","Defend_B","Defend_B","Defend_B","Zap+1","Dualcast+1","Hologram+1","Gash","Capacitor+1","Cold Snap","Reprogram","Recycle","Cold Snap","Ball Lightning","Go for the Eyes","Loop","Darkness+1"],"relics":["Cracked Core","Boot","Tiny Chest"],"potions_floor_usage":[12,16,16,16],"damage_taken":[{"damage":0,"enemies":"Cultist","floor":1,"turns":3},{"damage":3,"enemies":"Jaw Worm","floor":2,"turns":3},{"damage":1,"enemies":"2 Louse","floor":4,"turns":3},{"damage":18,"enemies":"Exordium Wildlife","floor":5,"turns":5},{"damage":16,"enemies":"Exordium Thugs","floor":7,"turns":4},{"damage":3,"enemies":"3 Louse","floor":11,"turns":3},{"damage":0,"enemies":"Gremlin Gang","floor":12,"turns":3},{"damage":19,"enemies":"Lagavulin","floor":14,"turns":6},{"damage":19,"enemies":"The Guardian","floor":16,"turns":3}],"seed_played":"297978244503043700","potions_obtained":[{"floor":1,"key":"Dexterity Potion"},{"floor":7,"key":"Weak Potion"},{"floor":11,"key":"Explosive Potion"},{"floor":12,"key":"FocusPotion"}],"is_trial":false,"path_per_floor":["M","M","$","M","M","R","M","R","T","R","M","M","?","E","R","B"],"character_chosen":"DEFECT","items_purchased":["Capacitor","Cold Snap"],"campfire_rested":0,"item_purchase_floors":[3,3],"current_hp_per_floor":[75,72,72,71,53,53,37,37,37,37,34,34,34,15,15,0],"gold":182,"neow_bonus":"UPGRADE_CARD","is_prod":false,"is_daily":false,"chose_seed":false,"campfire_upgraded":4,"win_rate":0,"timestamp":1552818243,"path_taken":["M","M","$","M","?","R","M","R","T","R","M","M","?","E","R","BOSS"],"build_version":"2019-01-23","purchased_purges":0,"victory":false,"max_hp_per_floor":[75,75,75,75,75,75,75,75,75,75,75,75,75,75,75,75],"card_choices":[{"not_picked":["Beam Cell","BootSequence"],"picked":"Hologram","floor":1},{"not_picked":["Turbo","Rainbow"],"picked":"Gash","floor":2},{"not_picked":["Double Energy","Steam"],"picked":"Reprogram","floor":4},{"not_picked":["Lockon","Aggregate"],"picked":"Recycle","floor":5},{"not_picked":["Streamline","Lockon"],"picked":"Cold Snap","floor":7},{"not_picked":["Undo","BootSequence"],"picked":"Ball Lightning","floor":11},{"not_picked":["Turbo","Rebound"],"picked":"Go for the Eyes","floor":12},{"not_picked":["Chill","Meteor Strike"],"picked":"Darkness","floor":14}],"player_experience":851349,"relics_obtained":[{"floor":9,"key":"Boot"},{"floor":14,"key":"Tiny Chest"}],"event_choices":[{"damage_healed":0,"gold_gain":0,"cards_transformed":["Strike_B"],"player_choice":"Transformed","damage_taken":0,"max_hp_gain":0,"max_hp_loss":0,"event_name":"Transmorgrifier","floor":13,"gold_loss":0,"cards_obtained":["Loop"]}],"is_beta":false,"boss_relics":[],"items_purged_floors":[],"is_endless":false,"potions_floor_spawned":[1,7,11,12],"killed_by":"The Guardian","ascension_level":0}