{"gold_per_floor":[116,136,150,160,160,160,190,190,190,190,190,204,220,233,233,233],"floor_reached":16,"playtime":518,"items_purged":[],"score":104,"play_id":"7ed00cbf-4280-48cd-9d10-8732dac7b9db","local_time":"20190416211313","is_ascension_mode":false,"campfire_choices":[{"data":"Defragment","floor":6,"key":"SMITH"},{"floor":8,"key":"REST"},{"data":"Zap","floor":10,"key":"SMITH"},{"data":"Genetic Algorithm","floor":15,"key":"SMITH"}],"neow_cost":"NONE","seed_source_timestamp":304374924376926,"circlet_count":0,"master_deck":["Strike_B","Strike_B","Strike_B","Strike_B","Defend_B","Defend_B","Defend_B","Defend_B","Zap+1","Dualcast","Thunder Strike","Defragment+1","White Noise","Genetic Algorithm+1","Melter","Self Repair","Ball Lightning","Heatsinks"],"relics":["Cracked Core"],"potions_floor_usage":[12,13,16],"damage_taken":[{"damage":0,"enemies":"Small Slimes","floor":1,"turns":3},{"damage":10,"enemies":"2 Louse","floor":2,"turns":2},{"damage":5,"enemies":"Cultist","floor":3,"turns":4},{"damage":9,"enemies":"Looter","floor":4,"turns":4},{"damage":48,"enemies":"3 Sentries","floor":7,"turns":9},{"damage":11,"enemies":"Lots of Slimes","floor":12,"turns":4},{"damage":9,"enemies":"Blue Slaver","floor":13,"turns":4},{"damage":5,"enemies":"Looter","floor":14,"turns":3},{"damage":27,"enemies":"The Guardian","floor":16,"turns":2}],"seed_played":"-4984248065370167472","potions_obtained":[{"floor":2,"key":"SpeedPotion"},{"floor":7,"key":"Regen Potion"},{"floor":13,"key":"Strength Potion"}],"is_trial":false,"path_per_floor":["M","M","M","M","?","R","E","R","T","R","?","M","M","M","R","B"],"character_chosen":"DEFECT","items_purchased":[],"campfire_rested":1,"item_purchase_floors":[],"current_hp_per_floor":[75,65,60,51,51,51,3,25,25,25,25,26,24,26,26,0],"gold":233,"neow_bonus":"ONE_RANDOM_RARE_CARD","is_prod":false,"is_daily":false,"chose_seed":false,"campfire_upgraded":3,"win_rate":0,"timestamp":1555420393,"path_taken":["M","M","M","M","?","R","E","R","T","R","?","M","M","M","R","BOSS"],"build_version":"2019-01-23","purchased_purges":0,"victory":false,"max_hp_per_floor":[75,75,75,75,75,75,75,75,75,75,75,75,75,75,75,75],"card_choices":[{"not_picked":["Coolheaded","Ball Lightning"],"picked":"Defragment","floor":1},{"not_picked":["Gash","Coolheaded"],"picked":"White Noise","floor":2},{"not_picked":["Barrage","Hologram"],"picked":"Genetic Algorithm","floor":3},{"not_picked":["Coolheaded","Sweeping Beam"],"picked":"Melter","floor":4},{"not_picked":["Barrage","Chaos","Undo"],"picked":"SKIP","floor":7},{"not_picked":["Cold Snap","Fusion"],"picked":"Self Repair","floor":12},{"not_picked":["Barrage","Chaos"],"picked":"Ball Lightning","floor":13},{"not_picked":["Self Repair","Streamline"],"picked":"Heatsinks","floor":14}],"player_experience":978873,"relics_obtained":[],"event_choices":[{"damage_healed":0,"gold_gain":0,"player_choice":"Fled","damage_taken":0,"max_hp_gain":0,"max_hp_loss":0,"event_name":"Scrap Ooze","floor":5,"gold_loss":0},{"damage_healed":0,"gold_gain":0,"player_choice":"Searched \u00270\u0027 times","damage_taken":0,"max_hp_gain":0,"max_hp_loss":0,"event_name":"Dead Adventurer","floor":11,"gold_loss":0}],"is_beta":false,"boss_relics":[],"items_purged_floors":[],"is_endless":false,"potions_floor_spawned":[2,7,13],"killed_by":"The Guardian","ascension_level":0}