{"gold_per_floor":[112,127,143,43,53,67,99,99,122,133,133,308,308,308,308,409,409],"floor_reached":17,"playtime":810,"items_purged":["Strike_G"],"score":157,"play_id":"2e7dc381-00fe-47e3-82dd-c210464da3be","local_time":"20190312221825","is_ascension_mode":false,"campfire_choices":[{"data":"Noxious Fumes","floor":8,"key":"SMITH"},{"data":"Die Die Die","floor":11,"key":"SMITH"},{"data":"Eviscerate","floor":13,"key":"SMITH"},{"data":"Survivor","floor":15,"key":"SMITH"}],"neow_cost":"NONE","seed_source_timestamp":1496022014265090,"circlet_count":0,"master_deck":["Defend_G","Defend_G","Defend_G","Defend_G","Defend_G","Strike_G","Strike_G","Strike_G","Strike_G","Survivor+1","Neutralize","Sucker Punch","Underhanded Strike","Die Die Die+1","Backflip","Poisoned Stab","Noxious Fumes+1","Eviscerate+1","Doubt","Regret","Night Terror"],"relics":["Snecko Eye","Oddly Smooth Stone","Lantern","Bronze Scales","Ectoplasm"],"potions_floor_usage":[7,16,16],"damage_taken":[{"damage":9,"enemies":"Jaw Worm","floor":1,"turns":4},{"damage":1,"enemies":"2 Louse","floor":2,"turns":3},{"damage":0,"enemies":"Small Slimes","floor":3,"turns":4},{"damage":1,"enemies":"3 Louse","floor":5,"turns":3},{"damage":0,"enemies":"Red Slaver","floor":6,"turns":2},{"damage":6,"enemies":"3 Sentries","floor":7,"turns":7},{"damage":0,"enemies":"2 Fungi Beasts","floor":10,"turns":2},{"damage":38,"enemies":"Slime Boss","floor":16,"turns":11}],"seed_played":"-861034107095874424","potions_obtained":[{"floor":2,"key":"Regen Potion"},{"floor":3,"key":"Dexterity Potion"},{"floor":5,"key":"Swift Potion"},{"floor":7,"key":"Block Potion"}],"is_trial":false,"path_per_floor":["M","M","M","$","M","M","E","R","T","M","R","?","R","?","R","B",null],"character_chosen":"THE_SILENT","items_purchased":["Backflip"],"campfire_rested":0,"item_purchase_floors":[4],"current_hp_per_floor":[61,60,60,60,59,59,68,68,68,68,68,68,68,68,68,30,70],"gold":409,"neow_bonus":"BOSS_RELIC","is_prod":false,"is_daily":false,"chose_seed":false,"campfire_upgraded":4,"win_rate":0,"timestamp":1552400305,"path_taken":["M","M","M","$","M","M","E","R","T","M","R","?","R","?","R","BOSS"],"build_version":"2019-01-23","purchased_purges":1,"victory":false,"max_hp_per_floor":[70,70,70,70,70,70,70,70,70,70,70,70,70,70,70,70,70],"card_choices":[{"not_picked":["Dodge and Roll","Outmaneuver"],"picked":"Sucker Punch","floor":1},{"not_picked":["PiercingWail","Deadly Poison"],"picked":"Underhanded Strike","floor":2},{"not_picked":["Endless Agony","Expertise"],"picked":"Die Die Die","floor":3},{"not_picked":["Concentrate","Slice"],"picked":"Poisoned Stab","floor":5},{"not_picked":["Prepared","Calculated Gamble"],"picked":"Noxious Fumes","floor":6},{"not_picked":["Accuracy","Outmaneuver"],"picked":"Eviscerate","floor":7},{"not_picked":["Finisher","Sucker Punch","Tactician"],"picked":"SKIP","floor":10},{"not_picked":["Bullet Time","Die Die Die"],"picked":"Night Terror","floor":16}],"player_experience":817662,"relics_obtained":[{"floor":7,"key":"Oddly Smooth Stone"},{"floor":9,"key":"Lantern"}],"event_choices":[{"damage_healed":0,"gold_gain":175,"player_choice":"AGREE","damage_taken":0,"max_hp_gain":0,"max_hp_loss":0,"event_name":"Liars Game","floor":12,"gold_loss":0,"cards_obtained":["Doubt"]},{"damage_healed":0,"gold_gain":0,"player_choice":"Box","damage_taken":0,"relics_obtained":["Bronze Scales"],"max_hp_gain":0,"max_hp_loss":0,"event_name":"Big Fish","floor":14,"gold_loss":0,"cards_obtained":["Regret"]}],"is_beta":false,"boss_relics":[{"not_picked":["Empty Cage","Orrery"],"picked":"Ectoplasm"}],"items_purged_floors":[4],"is_endless":false,"potions_floor_spawned":[2,3,5,6,7],"ascension_level":0}