{"gold_per_floor":[117,130,146,162,15,15,15,15,41,41,74,74,85,101,101,201,201,169,47,47,64,80,80,80,80,131,131,86,99,114,130,130,130],"floor_reached":33,"playtime":1533,"items_purged":["Strike_G","Strike_G"],"score":274,"play_id":"a76637da-8022-4d72-a49c-394b2fecec46","local_time":"20190313212853","is_ascension_mode":false,"campfire_choices":[{"data":"Neutralize","floor":6,"key":"SMITH"},{"data":"Noxious Fumes","floor":8,"key":"SMITH"},{"data":"Backflip","floor":12,"key":"SMITH"},{"data":"Poisoned Stab","floor":15,"key":"SMITH"},{"data":"A Thousand Cuts","floor":23,"key":"SMITH"},{"data":"Tools of the Trade","floor":25,"key":"SMITH"},{"data":"Blur","floor":27,"key":"SMITH"},{"data":"Deadly Poison","floor":32,"key":"SMITH"}],"neow_cost":"NONE","seed_source_timestamp":1578720750905864,"circlet_count":0,"master_deck":["Defend_G","Defend_G","Defend_G","Defend_G","Defend_G","Survivor","Neutralize+1","Deadly Poison+1","Deadly Poison","Quick Slash","Backflip+1","Noxious Fumes+1","Escape Plan","Blur+1","Poisoned Stab+1","A Thousand Cuts+1","Bane","Bane+1","Expertise+1","Tools of the Trade+1","Bite","Bite","Bite","Bite","Bite+1","Deadly Poison","Bane+1","Outmaneuver+1"],"relics":["Ring of the Snake","Regal Pillow","Orichalcum","Strawberry","Black Star","Whetstone"],"potions_floor_usage":[14,16,18,22,33],"damage_taken":[{"damage":0,"enemies":"Cultist","floor":1,"turns":5},{"damage":0,"enemies":"Small Slimes","floor":2,"turns":5},{"damage":5,"enemies":"Jaw Worm","floor":3,"turns":4},{"damage":7,"enemies":"Exordium Wildlife","floor":4,"turns":5},{"damage":8,"enemies":"Lagavulin","floor":11,"turns":5},{"damage":2,"enemies":"Blue Slaver","floor":13,"turns":3},{"damage":1,"enemies":"Large Slime","floor":14,"turns":5},{"damage":5,"enemies":"The Guardian","floor":16,"turns":8},{"damage":20,"enemies":"2 Thieves","floor":18,"turns":5},{"damage":4,"enemies":"Shell Parasite","floor":21,"turns":5},{"damage":13,"enemies":"Snecko","floor":22,"turns":6},{"damage":20,"enemies":"Shelled Parasite and Fungi","floor":29,"turns":6},{"damage":16,"enemies":"Centurion and Healer","floor":30,"turns":4},{"damage":20,"enemies":"Sentry and Sphere","floor":31,"turns":6},{"damage":45,"enemies":"Automaton","floor":33,"turns":6}],"seed_played":"-6555104756434883680","potions_obtained":[{"floor":3,"key":"SkillPotion"},{"floor":4,"key":"Energy Potion"},{"floor":7,"key":"Ancient Potion"},{"floor":7,"key":"Fire Potion"},{"floor":18,"key":"Regen Potion"},{"floor":21,"key":"EssenceOfSteel"}],"is_trial":false,"path_per_floor":["M","M","M","M","$","R","?","R","T","$","E","R","M","M","R","B",null,"M","$","?","M","M","R","?","R","T","R","$","M","M","M","R","B"],"character_chosen":"THE_SILENT","items_purchased":["Noxious Fumes","Bane","Deadly Poison"],"campfire_rested":0,"item_purchase_floors":[5,19,28],"current_hp_per_floor":[70,70,65,58,58,58,58,58,58,58,57,57,55,54,54,49,77,57,57,57,53,55,55,53,53,53,53,53,49,40,31,31,0],"gold":130,"neow_bonus":"RANDOM_COMMON_RELIC","is_prod":false,"is_daily":false,"chose_seed":false,"campfire_upgraded":8,"win_rate":0,"timestamp":1552483733,"path_taken":["M","?","M","M","$","R","?","R","T","$","E","R","M","M","R","BOSS","M","$","?","M","M","R","?","R","T","R","?","M","M","M","R","BOSS"],"build_version":"2019-01-23","purchased_purges":2,"victory":false,"max_hp_per_floor":[70,70,70,70,70,70,70,70,70,70,77,77,77,77,77,77,77,77,77,77,77,77,77,53,53,53,53,53,53,53,53,53,53],"card_choices":[{"not_picked":["Caltrops","Dagger Spray"],"picked":"Deadly Poison","floor":1},{"not_picked":["Slice","Storm of Steel"],"picked":"Deadly Poison","floor":2},{"not_picked":["Blade Dance","PiercingWail"],"picked":"Quick Slash","floor":3},{"not_picked":["Choke","Heel Hook"],"picked":"Backflip","floor":4},{"not_picked":["Deflect","Dagger Throw"],"picked":"Escape Plan","floor":11},{"not_picked":["Deflect","Footwork"],"picked":"Blur","floor":13},{"not_picked":["Caltrops","Cloak And Dagger"],"picked":"Poisoned Stab","floor":14},{"not_picked":["Night Terror","Unload"],"picked":"A Thousand Cuts","floor":16},{"not_picked":["Blade Dance","Underhanded Strike+1"],"picked":"Bane","floor":18},{"not_picked":["Predator","Sucker Punch"],"picked":"Expertise+1","floor":21},{"not_picked":["Blade Dance","Distraction"],"picked":"Tools of the Trade","floor":22},{"not_picked":["All Out Attack","Reflex+1"],"picked":"Bane+1","floor":29},{"not_picked":["Concentrate","Sucker Punch"],"picked":"Outmaneuver+1","floor":30},{"not_picked":["Outmaneuver+1","Dagger Throw","Eviscerate"],"picked":"SKIP","floor":31}],"player_experience":825253,"relics_obtained":[{"floor":9,"key":"Orichalcum"},{"floor":11,"key":"Strawberry"},{"floor":26,"key":"Whetstone"}],"event_choices":[{"damage_healed":0,"gold_gain":0,"player_choice":"Got Potions","damage_taken":0,"max_hp_gain":0,"max_hp_loss":0,"event_name":"Lab","floor":7,"gold_loss":0},{"damage_healed":0,"gold_gain":0,"player_choice":"Ignored","damage_taken":0,"max_hp_gain":0,"max_hp_loss":0,"event_name":"Ghosts","floor":20,"gold_loss":0},{"damage_healed":0,"gold_gain":0,"player_choice":"Became a vampire","damage_taken":0,"max_hp_gain":0,"max_hp_loss":24,"event_name":"Vampires","floor":24,"gold_loss":0,"cards_obtained":["Bite","Bite","Bite","Bite","Bite"]}],"is_beta":false,"boss_relics":[{"not_picked":["Runic Pyramid","Runic Dome"],"picked":"Black Star"}],"items_purged_floors":[5,19],"is_endless":false,"potions_floor_spawned":[3,4,18,21],"killed_by":"Automaton","ascension_level":0}