{"path_per_floor":["M","?","$","M","M","R","M","R","T","R","E","M","R","M","R","B",null,"M","M","$","?","?","R","M","?","T"],"character_chosen":"IRONCLAD","items_purchased":["Whirlwind","Shrug It Off"],"gold_per_floor":[212,212,8,23,43,43,55,55,82,82,113,126,126,139,139,238,238,258,269,169,169,197,197,214,214,214,214],"floor_reached":27,"campfire_rested":0,"playtime":1068,"current_hp_per_floor":[69,69,69,69,73,73,62,62,62,62,48,54,54,51,51,24,80,80,57,57,57,39,39,15,15,15,0],"items_purged":["Strike_R","Strike_R"],"gold":214,"score":213,"play_id":"2c90c10c-fc1c-4468-b203-1ef7c26a7004","local_time":"20180514003252","is_prod":false,"is_daily":false,"chose_seed":false,"is_ascension_mode":false,"campfire_upgraded":6,"timestamp":1526229172,"path_taken":["M","?","$","M","M","R","M","R","T","R","E","M","R","M","R","BOSS","M","M","$","?","?","R","M","?","T","?"],"build_version":"2018-05-10","seed_source_timestamp":61549381937441,"purchased_purges":2,"victory":false,"master_deck":["Strike_R","Defend_R","Defend_R","Defend_R","Defend_R","Bash+1","Dual Wield","Inflame","Whirlwind+1","Shrug It Off+1","Body Slam+1","Bloodletting+1","Headbutt","Cleave","Headbutt","Shrug It Off","Body Slam+1","Entrench"],"max_hp_per_floor":[80,80,80,80,80,80,80,80,80,80,80,80,80,80,80,80,80,80,80,80,80,80,80,80,80,80,80],"relics":["Burning Blood"],"card_choices":[{"not_picked":["Rupture","Wild Strike"],"picked":"Dual Wield","floor":1},{"not_picked":["Flame Barrier","Headbutt"],"picked":"Body Slam","floor":4},{"not_picked":["Thunderclap","Clash"],"picked":"Bloodletting","floor":5},{"not_picked":["Intimidate","Infernal Blade"],"picked":"Headbutt","floor":7},{"not_picked":["Blood for Blood","Havoc"],"picked":"Cleave","floor":11},{"not_picked":["Heavy Blade","Second Wind"],"picked":"Headbutt","floor":12},{"not_picked":["True Grit","Bludgeon"],"picked":"Shrug It Off","floor":14},{"not_picked":["True Grit","Second Wind"],"picked":"Body Slam","floor":22},{"not_picked":["Searing Blow","Fire Breathing"],"picked":"Entrench","floor":24}],"player_experience":604437,"potions_floor_usage":[18,22,27,27,27],"damage_taken":[{"damage":17,"enemies":"Small Slimes","floor":1,"turns":6},{"damage":6,"enemies":"Jaw Worm","floor":4,"turns":4},{"damage":2,"enemies":"Cultist","floor":5,"turns":4},{"damage":17,"enemies":"3 Louse","floor":7,"turns":4},{"damage":20,"enemies":"Lagavulin","floor":11,"turns":6},{"damage":0,"enemies":"Large Slime","floor":12,"turns":5},{"damage":9,"enemies":"Blue Slaver","floor":14,"turns":4},{"damage":33,"enemies":"The Guardian","floor":16,"turns":10},{"damage":5,"enemies":"Chosen","floor":18,"turns":5},{"damage":29,"enemies":"Spheric Guardian","floor":19,"turns":6},{"damage":24,"enemies":"√…√Ê«øµ¡","floor":22,"turns":4},{"damage":30,"enemies":"3 Cultists","floor":24,"turns":6},{"damage":19,"enemies":"Slaver and Parasite","floor":27,"turns":4}],"event_choices":[{"event_name":"Living Wall","player_choice":"Change","floor":2,"damage_taken":0},{"event_name":"Addict","player_choice":"Ignored","floor":21,"damage_taken":0},{"event_name":"Masked Bandits","player_choice":"Fought over 169 gold","floor":22,"damage_taken":0},{"event_name":"Purifier","player_choice":"One Purge","floor":25,"damage_taken":0}],"boss_relics":[{"not_picked":["Orrery","Lizard Tail","White Beast Statue"]}],"potions_floor_spawned":[1,12,16,22,24],"seed_played":"-2691205138939057908","killed_by":"Slaver and Parasite","ascension_level":0,"is_trial":false}