{"gold_per_floor":[110,120,100,119,136,136,148,148,148,162,162,162,53,76,88,195,207,237,268,72,87,107,107,120,131,158,158,168,168,168,179,179,276,276,287,303,90,109,38,38,67,67,67,78,78,97,110,110,110,110],"floor_reached":51,"playtime":4713,"items_purged":["Strike_R","Strike_R","Defend_R"],"score":725,"play_id":"e91a5350-891b-49af-8f8c-6db96f6581f3","local_time":"20190215181813","is_ascension_mode":false,"campfire_choices":[{"data":"Sentinel","floor":6,"key":"SMITH"},{"data":"True Grit","floor":8,"key":"SMITH"},{"data":"Rampage","floor":11,"key":"SMITH"},{"data":"Whirlwind","floor":15,"key":"SMITH"},{"data":"Double Tap","floor":23,"key":"SMITH"},{"data":"Armaments","floor":27,"key":"SMITH"},{"data":"True Grit","floor":32,"key":"SMITH"},{"floor":40,"key":"REST"},{"data":"Limit Break","floor":45,"key":"SMITH"},{"floor":49,"key":"REST"}],"neow_cost":"NONE","seed_source_timestamp":226212058742500,"circlet_count":0,"master_deck":["Strike_R","Strike_R","Defend_R+1","Defend_R","Defend_R+1","Bash","Cleave","Rampage+1","Sentinel+1","Whirlwind+1","True Grit+1","Heavy Blade","Dual Wield","Whirlwind","Double Tap+1","Inflame+1","Body Slam+1","Headbutt","Metallicize","Shrug It Off","Shockwave","Armaments+1","Warcry+1","True Grit+1","Reaper","Immolate","Limit Break+1","Clash+1","Anger+1","Madness","Shrug It Off+1","Spot Weakness","Battle Trance","Shrug It Off+1","Metallicize","Anger+1","Burning Pact","Clash"],"relics":["Burning Blood","FossilizedHelix","MawBank","Philosopher\u0027s Stone","War Paint","Bird Faced Urn","Runic Pyramid","StoneCalendar","Dodecahedron"],"potions_floor_usage":[5,16,22,25,31,36,44,47,50],"damage_taken":[{"damage":15,"enemies":"Jaw Worm","floor":1,"turns":5},{"damage":8,"enemies":"Cultist","floor":2,"turns":5},{"damage":5,"enemies":"Small Slimes","floor":4,"turns":3},{"damage":3,"enemies":"Exordium Thugs","floor":5,"turns":6},{"damage":2,"enemies":"Exordium Wildlife","floor":7,"turns":3},{"damage":11,"enemies":"Lots of Slimes","floor":10,"turns":3},{"damage":0,"enemies":"Slime Boss","floor":16,"turns":8},{"damage":0,"enemies":"3 Byrds","floor":18,"turns":3},{"damage":0,"enemies":"Spheric Guardian","floor":19,"turns":3},{"damage":23,"enemies":"Snake Plant","floor":21,"turns":4},{"damage":9,"enemies":"Centurion and Healer","floor":22,"turns":4},{"damage":4,"enemies":"3 Cultists","floor":24,"turns":4},{"damage":8,"enemies":"Shelled Parasite and Fungi","floor":25,"turns":5},{"damage":14,"enemies":"Cultist and Chosen","floor":28,"turns":7},{"damage":14,"enemies":"3 Cultists","floor":31,"turns":3},{"damage":52,"enemies":"Collector","floor":33,"turns":11},{"damage":25,"enemies":"3 Shapes","floor":35,"turns":2},{"damage":40,"enemies":"3 Darklings","floor":36,"turns":5},{"damage":74,"enemies":"Spire Growth","floor":38,"turns":7},{"damage":55,"enemies":"Giant Head","floor":41,"turns":8},{"damage":0,"enemies":"Maw","floor":44,"turns":7},{"damage":17,"enemies":"3 Darklings","floor":46,"turns":4},{"damage":29,"enemies":"Writhing Mass","floor":47,"turns":5},{"damage":84,"enemies":"Donu and Deca","floor":50,"turns":9}],"seed_played":"1411018320857041537","potions_obtained":[{"floor":2,"key":"Strength Potion"},{"floor":3,"key":"Fire Potion"},{"floor":5,"key":"Poison Potion"},{"floor":16,"key":"SmokeBomb"},{"floor":21,"key":"Strength Potion"},{"floor":24,"key":"LiquidBronze"},{"floor":33,"key":"SpeedPotion"},{"floor":35,"key":"Strength Potion"},{"floor":41,"key":"Poison Potion"},{"floor":47,"key":"Swift Potion"}],"is_trial":false,"path_per_floor":["M","M","?","M","M","R","M","R","T","M","R","?","$","T","R","B",null,"M","M","$","M","M","R","M","M","T","R","M","?","?","M","R","B",null,"M","M","$","M","$","R","E","?","T","M","R","M","M","?","R","B",null],"character_chosen":"IRONCLAD","items_purchased":["Whirlwind","Headbutt","Metallicize","Madness","Spot Weakness"],"campfire_rested":2,"item_purchase_floors":[13,20,20,37,39],"current_hp_per_floor":[79,77,77,78,81,81,85,85,85,80,80,80,80,80,80,86,88,88,88,88,71,68,68,70,68,68,68,60,60,60,80,80,52,88,69,76,76,30,30,56,38,77,77,77,77,66,58,58,77,17],"gold":110,"neow_bonus":"TEN_PERCENT_HP_BONUS","is_prod":false,"is_daily":false,"chose_seed":false,"campfire_upgraded":8,"win_rate":0,"timestamp":1550251093,"path_taken":["M","M","?","M","?","R","M","R","T","M","R","?","?","?","R","BOSS","M","M","$","M","M","R","M","M","T","R","?","?","?","M","R","BOSS","M","M","$","M","$","R","E","?","T","M","R","M","M","?","R","BOSS"],"build_version":"2019-01-23","purchased_purges":3,"victory":true,"max_hp_per_floor":[88,88,88,88,88,88,88,88,88,88,88,88,88,88,88,88,88,88,88,88,88,88,88,88,88,88,88,88,88,88,88,88,88,88,88,88,88,88,88,88,88,77,77,77,77,77,77,77,77,77],"card_choices":[{"not_picked":["Anger","Shrug It Off"],"picked":"Cleave","floor":1},{"not_picked":["Carnage","Flex"],"picked":"Rampage","floor":2},{"not_picked":["Dropkick","Fire Breathing"],"picked":"Sentinel","floor":4},{"not_picked":["Body Slam","Armaments"],"picked":"Whirlwind","floor":5},{"not_picked":["Headbutt","Thunderclap"],"picked":"True Grit","floor":7},{"not_picked":["Sentinel","Sword Boomerang"],"picked":"Heavy Blade","floor":10},{"not_picked":["Reaper","Immolate"],"picked":"Double Tap","floor":16},{"not_picked":["Body Slam","Iron Wave+1"],"picked":"Inflame+1","floor":18},{"not_picked":["Clash","Bloodletting"],"picked":"Body Slam+1","floor":19},{"not_picked":["Disarm","Pummel"],"picked":"Shrug It Off","floor":21},{"not_picked":["Pummel+1","Whirlwind"],"picked":"Shockwave","floor":22},{"not_picked":["Clash","Wild Strike"],"picked":"Armaments","floor":24},{"not_picked":["Sever Soul","Infernal Blade+1"],"picked":"Warcry+1","floor":25},{"not_picked":["Perfected Strike","Shockwave"],"picked":"True Grit","floor":28},{"not_picked":["Sword Boomerang","Havoc"],"picked":"Immolate","floor":31},{"not_picked":["Barricade","Dark Embrace"],"picked":"Limit Break","floor":33},{"not_picked":["Blood for Blood","Iron Wave"],"picked":"Clash+1","floor":35},{"not_picked":["Flame Barrier","Cleave+1"],"picked":"Anger+1","floor":36},{"not_picked":["True Grit","Rage"],"picked":"Shrug It Off+1","floor":38},{"not_picked":["Hemokinesis","Havoc"],"picked":"Battle Trance","floor":41},{"not_picked":["Dark Embrace","Intimidate"],"picked":"Shrug It Off+1","floor":44},{"not_picked":["Heavy Blade","Iron Wave"],"picked":"Metallicize","floor":46},{"not_picked":["Battle Trance+1","Flex+1"],"picked":"Anger+1","floor":47}],"player_experience":108155,"relics_obtained":[{"floor":9,"key":"FossilizedHelix"},{"floor":14,"key":"MawBank"},{"floor":26,"key":"War Paint"},{"floor":41,"key":"StoneCalendar"},{"floor":43,"key":"Dodecahedron"}],"event_choices":[{"damage_healed":0,"gold_gain":0,"player_choice":"Bought 1 Potion","damage_taken":0,"max_hp_gain":0,"max_hp_loss":0,"event_name":"The Woman in Blue","floor":3,"gold_loss":0},{"damage_healed":0,"gold_gain":0,"cards_transformed":["Strike_R"],"player_choice":"Transformed","damage_taken":0,"max_hp_gain":0,"max_hp_loss":0,"event_name":"Transmorgrifier","floor":12,"gold_loss":0,"cards_obtained":["Dual Wield"]},{"damage_healed":0,"gold_gain":0,"player_choice":"Read","damage_taken":0,"max_hp_gain":0,"max_hp_loss":0,"event_name":"The Library","floor":29,"gold_loss":0,"cards_obtained":["Reaper"]},{"damage_healed":0,"gold_gain":0,"player_choice":"Opened","damage_taken":0,"relics_obtained":["Bird Faced Urn"],"max_hp_gain":0,"max_hp_loss":0,"event_name":"The Mausoleum","floor":30,"gold_loss":0},{"damage_healed":77,"gold_gain":0,"player_choice":"Heal","damage_taken":0,"max_hp_gain":0,"max_hp_loss":11,"event_name":"The Moai Head","floor":42,"gold_loss":0},{"damage_healed":0,"gold_gain":0,"player_choice":"2 cards matched","damage_taken":0,"max_hp_gain":0,"max_hp_loss":0,"event_name":"Match and Keep!","floor":48,"gold_loss":0,"cards_obtained":["Burning Pact","Clash"]}],"is_beta":false,"boss_relics":[{"not_picked":["Runic Cube","Sozu"],"picked":"Philosopher\u0027s Stone"},{"not_picked":["Orrery","Runic Dome"],"picked":"Runic Pyramid"}],"items_purged_floors":[13,20,37],"is_endless":false,"potions_floor_spawned":[2,5,16,21,24,33,35,41,47],"ascension_level":0}