{"gold_per_floor":[367,59,59,74,74,74,112,126,126,126,126,159,175,219,219,340,340,355,355,368,69,88,121,133,155,167,179,211,223,235,273,285,392,404,434,546,611,62,62,96,96,96,96,114,114,114,130,164,164,164],"floor_reached":51,"playtime":3616,"items_purged":[],"score":1213,"play_id":"14e9770d-b762-4d8b-928b-26869284bf15","local_time":"20190406005426","is_ascension_mode":true,"campfire_choices":[{"data":"Bludgeon","floor":6.0,"key":"SMITH"},{"floor":11.0,"key":"REST"},{"floor":15.0,"key":"REST"},{"data":"True Grit","floor":24.0,"key":"SMITH"},{"data":"Offering","floor":27.0,"key":"SMITH"},{"data":"Limit Break","floor":32.0,"key":"SMITH"},{"data":"Berserk","floor":46,"key":"SMITH"},{"data":"Limit Break","floor":49,"key":"SMITH"}],"neow_cost":"CURSE","seed_source_timestamp":74834860761678,"circlet_count":0,"master_deck":["AscendersBane","Strike_R","Strike_R","Strike_R","Strike_R","Strike_R","Defend_R","Defend_R","Defend_R","Defend_R","Bash","Corruption","Spot Weakness","Bludgeon+1","Wild Strike+1","True Grit+1","True Grit","Clothesline+1","Disarm","Limit Break+1","Reaper+1","Feel No Pain","Cleave+1","Shrug It Off","Offering+1","Reaper+1","Combust","Whirlwind+1","Heavy Blade+1","Iron Wave+1","Heavy Blade+1","Pommel Strike+1","Perfected Strike+1","Wild Strike+1","Berserk+1","Corruption+1","Combust","Spot Weakness","Heavy Blade+1","Rupture","Pummel+1","Limit Break+1","Clothesline+1","Panache","Heavy Blade+1","Perfected Strike+1","Twin Strike+1","True Grit+1"],"special_seed":0,"relics":["Burning Blood","Prayer Wheel","Bloody Idol","Molten Egg 2","Shuriken","Lantern","Vajra","Snecko Eye","DollysMirror","MawBank","Mummified Hand","Turnip","Runic Cube","Charon\u0027s Ashes","Bird Faced Urn","Kunai","Bronze Scales","Bag of Preparation","The Courier","Dodecahedron"],"potions_floor_usage":[50,50],"damage_taken":[{"damage":12.0,"enemies":"Jaw Worm","floor":1.0,"turns":4.0},{"damage":11.0,"enemies":"Small Slimes","floor":4.0,"turns":3.0},{"damage":20.0,"enemies":"Lagavulin","floor":7.0,"turns":6.0},{"damage":10.0,"enemies":"2 Louse","floor":8.0,"turns":3.0},{"damage":27.0,"enemies":"Gremlin Nob","floor":12.0,"turns":4.0},{"damage":22.0,"enemies":"Lots of Slimes","floor":13.0,"turns":5.0},{"damage":28.0,"enemies":"Lagavulin","floor":14.0,"turns":7.0},{"damage":14.0,"enemies":"Hexaghost","floor":16.0,"turns":8.0},{"damage":0.0,"enemies":"Shell Parasite","floor":18.0,"turns":4.0},{"damage":10.0,"enemies":"3 Byrds","floor":20.0,"turns":6.0},{"damage":32.0,"enemies":"Snake Plant","floor":22.0,"turns":4.0},{"damage":39.0,"enemies":"Book of Stabbing","floor":23.0,"turns":5.0},{"damage":29.0,"enemies":"Centurion and Healer","floor":25.0,"turns":5.0},{"damage":18.0,"enemies":"Snecko","floor":28.0,"turns":4.0},{"damage":13.0,"enemies":"Slavers","floor":31.0,"turns":3.0},{"damage":51.0,"enemies":"Automaton","floor":33.0,"turns":6.0},{"damage":10,"enemies":"3 Darklings","floor":35,"turns":2},{"damage":39,"enemies":"Mind Bloom Boss Battle","floor":36,"turns":3},{"damage":7,"enemies":"2 Orb Walkers","floor":37,"turns":2},{"damage":46,"enemies":"Nemesis","floor":40,"turns":3},{"damage":0,"enemies":"Orb Walker","floor":44,"turns":1},{"damage":25,"enemies":"Maw","floor":47,"turns":5},{"damage":10,"enemies":"Reptomancer","floor":48,"turns":4},{"damage":64,"enemies":"Awakened One","floor":50,"turns":5}],"seed_played":"-3694513436878910944","potions_obtained":[{"floor":1.0,"key":"Poison Potion"},{"floor":13.0,"key":"PowerPotion"},{"floor":14.0,"key":"Strength Potion"},{"floor":18.0,"key":"EssenceOfSteel"},{"floor":25.0,"key":"Energy Potion"},{"floor":37,"key":"PowerPotion"}],"is_trial":false,"path_per_floor":["M","$","?","M","?","R","E","M","T","?","R","E","M","E","R","B",null,"M","?","M","$","M","E","R","M","T","R","M","?","$","E","R","B",null,"M","?","?","$","T","E","?","?","T","M","?","R","M","E","R","B",null],"character_chosen":"IRONCLAD","items_purchased":["Prayer Wheel","DollysMirror","Combust","Whirlwind+1","Rupture","Kunai","Pummel+1","Limit Break","Clothesline+1"],"campfire_rested":2,"item_purchase_floors":[2,21,21,21,38,38,38,38,38],"current_hp_per_floor":[66,66,66,61,61,61,47,43,43,43,67,46,30,8,32,24,66,78,78,80,80,63,48,53,58,63,68,66,71,76,78,80,71,79,80,63,72,77,77,49,49,49,49,69,69,69,73,80,80,48],"gold":164,"neow_bonus":"TWO_FIFTY_GOLD","is_prod":false,"is_daily":false,"chose_seed":false,"campfire_upgraded":6,"win_rate":0,"timestamp":1554530066,"path_taken":["M","$","?","M","?","R","E","M","T","?","R","E","?","E","R","BOSS","M","?","M","$","M","E","R","M","T","R","M","?","$","E","R","BOSS","M","?","?","$","?","E","?","?","T","M","?","R","?","E","R","BOSS"],"build_version":"2019-01-23","purchased_purges":0,"victory":true,"max_hp_per_floor":[80,80,80,80,80,80,80,80,80,80,80,80,80,80,80,80,80,80,80,80,80,80,80,80,80,80,80,80,80,80,80,80,80,80,80,80,80,80,80,80,80,80,80,80,80,80,80,80,80,80],"card_choices":[{"not_picked":["Warcry","Armaments"],"picked":"Corruption","floor":1.0},{"not_picked":["Hemokinesis","Thunderclap"],"picked":"Spot Weakness","floor":4.0},{"not_picked":["Metallicize","Wild Strike"],"picked":"Bludgeon","floor":4.0},{"not_picked":["Anger","Disarm"],"picked":"Dropkick","floor":7.0},{"not_picked":["Anger+1","Fire Breathing"],"picked":"Wild Strike+1","floor":8.0},{"not_picked":["Warcry","Metallicize"],"picked":"True Grit","floor":8.0},{"not_picked":["Headbutt+1","Whirlwind+1"],"picked":"True Grit","floor":12.0},{"not_picked":["Anger+1","Clash+1"],"picked":"Clothesline+1","floor":13.0},{"not_picked":["Armaments","Body Slam+1"],"picked":"Disarm","floor":13.0},{"not_picked":["Clothesline+1","Sword Boomerang+1"],"picked":"Limit Break","floor":14.0},{"not_picked":["Double Tap","Juggernaut"],"picked":"Reaper+1","floor":16.0},{"not_picked":["Power Through","Infernal Blade+1"],"picked":"Feel No Pain","floor":18.0},{"not_picked":["Iron Wave+1","Armaments"],"picked":"Cleave+1","floor":18.0},{"not_picked":["Body Slam+1","Warcry"],"picked":"Shrug It Off","floor":20.0},{"not_picked":["Blood for Blood+1","Body Slam+1"],"picked":"Offering","floor":20.0},{"not_picked":["Dual Wield","Twin Strike+1"],"picked":"Heavy Blade+1","floor":22.0},{"not_picked":["Warcry+1","Cleave+1"],"picked":"Iron Wave+1","floor":22.0},{"not_picked":["Whirlwind+1","Hemokinesis+1"],"picked":"Heavy Blade+1","floor":23.0},{"not_picked":["Anger+1","Rampage+1"],"picked":"Pommel Strike+1","floor":25.0},{"not_picked":["Battle Trance","Anger+1"],"picked":"Perfected Strike+1","floor":25.0},{"not_picked":["True Grit+1","Sword Boomerang+1"],"picked":"Wild Strike+1","floor":28.0},{"not_picked":["Body Slam+1","Dropkick+1","Whirlwind+1"],"picked":"SKIP","floor":28.0},{"not_picked":["True Grit","Sword Boomerang+1","Body Slam+1"],"picked":"SKIP","floor":31.0},{"not_picked":["Exhume","Brutality"],"picked":"Berserk","floor":33.0},{"not_picked":["Armaments+1","Clash+1"],"picked":"Corruption+1","floor":35},{"not_picked":["Burning Pact+1","Flex"],"picked":"Combust","floor":35},{"not_picked":["Thunderclap+1","Flame Barrier"],"picked":"Spot Weakness","floor":36},{"not_picked":["Cleave+1","Armaments+1"],"picked":"Heavy Blade+1","floor":37},{"not_picked":["Clothesline+1","Hemokinesis+1","True Grit+1"],"picked":"SKIP","floor":40},{"not_picked":["Dark Shackles","Finesse"],"picked":"Panache","floor":41},{"not_picked":["Wild Strike+1","Infernal Blade+1"],"picked":"Heavy Blade+1","floor":44},{"not_picked":["Headbutt+1","Thunderclap+1"],"picked":"Perfected Strike+1","floor":44},{"not_picked":["Anger+1","Armaments+1"],"picked":"Twin Strike+1","floor":47},{"not_picked":["Thunderclap+1","Burning Pact","Body Slam+1"],"picked":"SKIP","floor":47},{"not_picked":["Feel No Pain","Havoc+1"],"picked":"True Grit+1","floor":48}],"player_experience":421297,"relics_obtained":[{"floor":7.0,"key":"Molten Egg 2"},{"floor":9.0,"key":"Shuriken"},{"floor":12.0,"key":"Lantern"},{"floor":14.0,"key":"Vajra"},{"floor":23.0,"key":"MawBank"},{"floor":26.0,"key":"Mummified Hand"},{"floor":31.0,"key":"Turnip"},{"floor":36,"key":"Charon\u0027s Ashes"},{"floor":37,"key":"Bird Faced Urn"},{"floor":39,"key":"Bronze Scales"},{"floor":40,"key":"Bag of Preparation"},{"floor":43,"key":"The Courier"},{"floor":48,"key":"Dodecahedron"}],"event_choices":[{"damage_healed":0.0,"max_hp_gain":0.0,"max_hp_loss":0.0,"gold_gain":0.0,"event_name":"Golden Idol","player_choice":"Take Wound","floor":3.0,"gold_loss":0.0,"damage_taken":0.0,"relics_obtained":["Golden Idol"],"cards_obtained":["Injury"]},{"cards_removed":["Doubt"],"damage_healed":0.0,"max_hp_gain":0.0,"max_hp_loss":0.0,"gold_gain":0.0,"event_name":"Living Wall","player_choice":"Forget","floor":5.0,"gold_loss":0.0,"damage_taken":0.0},{"cards_removed":["Injury"],"damage_healed":0.0,"max_hp_gain":0.0,"max_hp_loss":0.0,"gold_gain":0.0,"event_name":"Purifier","player_choice":"Purged","floor":10.0,"gold_loss":0.0,"damage_taken":0.0},{"damage_healed":0.0,"max_hp_gain":0.0,"max_hp_loss":0.0,"gold_gain":0.0,"event_name":"Forgotten Altar","player_choice":"Gave Idol","floor":19.0,"relics_lost":["Golden Idol"],"gold_loss":0.0,"damage_taken":0.0,"relics_obtained":["Bloody Idol"]},{"damage_healed":0.0,"max_hp_gain":0.0,"max_hp_loss":0.0,"gold_gain":0.0,"event_name":"Vampires","player_choice":"Ignored","floor":29.0,"gold_loss":0.0,"damage_taken":0.0},{"damage_healed":0,"gold_gain":0,"player_choice":"Fight","damage_taken":0,"max_hp_gain":0,"max_hp_loss":0,"event_name":"MindBloom","floor":36,"gold_loss":0},{"damage_healed":0,"gold_gain":0,"player_choice":"Fight","damage_taken":0,"max_hp_gain":0,"max_hp_loss":0,"event_name":"Mysterious Sphere","floor":37,"gold_loss":0},{"damage_healed":0,"gold_gain":0,"player_choice":"Memory 1","damage_taken":0,"max_hp_gain":0,"max_hp_loss":0,"event_name":"SensoryStone","floor":41,"gold_loss":0},{"cards_removed":["Dropkick"],"damage_healed":0,"gold_gain":0,"player_choice":"Removed Attack","damage_taken":0,"max_hp_gain":0,"max_hp_loss":0,"event_name":"Falling","floor":42,"gold_loss":0},{"damage_healed":0,"gold_gain":0,"player_choice":"Bought 0 Potions","damage_taken":0,"max_hp_gain":0,"max_hp_loss":0,"event_name":"The Woman in Blue","floor":45,"gold_loss":0}],"is_beta":false,"boss_relics":[{"not_picked":["White Beast Statue","Runic Dome"],"picked":"Snecko Eye"},{"not_picked":["Orrery","Black Star"],"picked":"Runic Cube"}],"items_purged_floors":[],"is_endless":false,"potions_floor_spawned":[1,13,14,18,25,28,33,36,37,40,47],"ascension_level":11}