{"path_per_floor":["M","M","M","M","M","E","M","M","T","M","R","$","R","?","R","B",null,"M","M","?","$","?","R","M","M","T","M","R","M","?","M","R","B",null,"M","M","?","$","T","R","M","M","T","M","M","?","$","?","R"],"character_chosen":"IRONCLAD","items_purchased":["Orichalcum","Spot Weakness","Apotheosis","Flex"],"gold_per_floor":[109,119,135,151,166,201,211,226,226,244,244,23,23,52,52,148,148,160,171,171,99,99,99,116,135,135,148,148,164,79,94,94,196,196,207,220,220,18,42,42,62,72,72,82,98,98,47,47,47],"floor_reached":50,"campfire_rested":4,"playtime":2703,"current_hp_per_floor":[80,80,78,76,72,34,15,21,21,25,51,51,51,40,66,50,87,85,73,73,73,73,73,64,45,45,47,47,41,41,40,66,28,87,87,87,87,87,87,87,87,82,82,66,47,47,47,36,62],"items_purged":["Defend_R"],"gold":47,"score":452,"play_id":"dbf476d1-cf27-4e21-92d5-950a0035d2e1","local_time":"20180321223247","is_prod":false,"is_daily":false,"is_ascension_mode":false,"campfire_upgraded":4,"timestamp":1521642767,"path_taken":["M","M","M","M","M","E","M","M","T","M","R","?","R","?","R","BOSS","M","M","?","$","?","R","M","M","T","M","R","M","?","?","R","BOSS","M","?","?","?","?","R","M","?","T","M","M","?","$","?","R","BOSS"],"build_version":"2018-03-15v3","purchased_purges":1,"victory":false,"master_deck":["Strike_R","Strike_R","Strike_R","Strike_R","Defend_R","Defend_R","Defend_R","Bash","Pommel Strike","Shrug It Off","Flex","Armaments+1","Double Tap","Battle Trance","Headbutt","Clash","Offering","Pommel Strike+1","Spot Weakness","Heavy Blade+1","Flex+1","Sword Boomerang","Shrug It Off","Offering","Twin Strike+1","Pummel+1","Sentinel","Apotheosis+1","Sword Boomerang","Pummel+1","Flex","Madness","Madness"],"max_hp_per_floor":[80,80,80,80,80,87,87,87,87,87,87,87,87,87,87,87,87,87,87,87,87,87,87,87,87,87,87,87,87,87,87,87,87,87,87,87,87,87,87,87,87,87,87,87,87,87,87,87,87],"relics":["Burning Blood","Lantern","Strawberry","Red Skull","Orichalcum","Odd Mushroom","Velvet Choker","Gambling Chip","Oddly Smooth Stone","Question Card","Bag of Preparation","Omamori"],"card_choices":[{"not_picked":["Shockwave","Second Wind"],"picked":"Pommel Strike"},{"not_picked":["Ghostly Armor","Twin Strike"],"picked":"Shrug It Off"},{"not_picked":["Fire Breathing","Sword Boomerang"],"picked":"Flex"},{"not_picked":["Entrench","Hemokinesis"],"picked":"Armaments"},{"not_picked":["Anger","Headbutt"],"picked":"Double Tap"},{"not_picked":["Heavy Blade","Hemokinesis"],"picked":"Battle Trance"},{"not_picked":["Ghostly Armor","Iron Wave"],"picked":"Headbutt"},{"not_picked":["Flame Barrier","Anger"],"picked":"Clash"},{"not_picked":["Fiend Fire","Immolate"],"picked":"Offering"},{"not_picked":["Disarm","Rage"],"picked":"Pommel Strike"},{"not_picked":["Shockwave","Infernal Blade"],"picked":"Heavy Blade"},{"not_picked":["Heavy Blade","Twin Strike"],"picked":"Flex"},{"not_picked":["Dropkick","Body Slam"],"picked":"Sword Boomerang"},{"not_picked":["Bludgeon","Shockwave"],"picked":"Shrug It Off"},{"not_picked":["Berserk","Fiend Fire"],"picked":"Offering"},{"not_picked":["Rampage","Anger","Hemokinesis"],"picked":"Twin Strike"},{"not_picked":["Dual Wield","Clothesline","Anger"],"picked":"Pummel"},{"not_picked":["Flex","Entrench","Shockwave"],"picked":"Sword Boomerang"},{"not_picked":["Twin Strike","Body Slam","Warcry"],"picked":"Pummel"}],"player_experience":348478,"potions_floor_usage":[8,33,33,50,50],"damage_taken":[{"damage":1,"enemies":"Cultist","floor":1,"turns":3},{"damage":4,"enemies":"2 Louse","floor":2,"turns":3},{"damage":8,"enemies":"Jaw Worm","floor":3,"turns":3},{"damage":8,"enemies":"Large Slime","floor":4,"turns":4},{"damage":10,"enemies":"Looter","floor":5,"turns":3},{"damage":51,"enemies":"Gremlin Nob","floor":6,"turns":6},{"damage":25,"enemies":"Exordium Thugs","floor":7,"turns":6},{"damage":0,"enemies":"Lots of Slimes","floor":8,"turns":2},{"damage":2,"enemies":"Large Slime","floor":10,"turns":4},{"damage":17,"enemies":"The Mushroom Lair","floor":14,"turns":3},{"damage":22,"enemies":"The Guardian","floor":16,"turns":12},{"damage":8,"enemies":"3 Byrds","floor":18,"turns":6},{"damage":18,"enemies":"2 Thieves","floor":19,"turns":4},{"damage":15,"enemies":"Snake Plant","floor":24,"turns":3},{"damage":25,"enemies":"Slaver and Parasite","floor":25,"turns":4},{"damage":4,"enemies":"3 Cultists","floor":27,"turns":4},{"damage":12,"enemies":"Snake Plant","floor":29,"turns":2},{"damage":7,"enemies":"Centurion and Healer","floor":31,"turns":3},{"damage":59,"enemies":"Automaton","floor":33,"turns":9},{"damage":4,"enemies":"Orb Walker","floor":35,"turns":2},{"damage":4,"enemies":"3 Shapes","floor":36,"turns":3},{"damage":5,"enemies":"3 Darklings","floor":41,"turns":3},{"damage":11,"enemies":"4 Shapes","floor":42,"turns":6},{"damage":22,"enemies":"Sphere and 2 Shapes","floor":44,"turns":4},{"damage":25,"enemies":"Maw","floor":45,"turns":4},{"damage":70,"enemies":"Time Eater","floor":50,"turns":5}],"event_choices":[{"event_name":"Mushrooms","player_choice":"Fought Mushrooms","floor":14,"damage_taken":0},{"event_name":"The Lab","player_choice":"Got Potions","floor":20,"damage_taken":0},{"event_name":"The Woman in Blue","player_choice":"Bought 0 Potions","floor":22,"damage_taken":0},{"event_name":"Addict","player_choice":"Obtained Relic","floor":30,"damage_taken":0},{"event_name":"Transmorgrifier","player_choice":"Transform","floor":37,"damage_taken":0},{"event_name":"Tomb of Lord Red Mask","player_choice":"Ignored","floor":46,"damage_taken":0},{"event_name":"Winding Halls","player_choice":"Embrace Madness","floor":48,"damage_taken":0}],"boss_relics":[{"not_picked":["Black Star","Runic Cube"],"picked":"Velvet Choker"},{"not_picked":["Lizard Tail","Philosopher\u0027s Stone"],"picked":"Question Card"}],"potions_floor_spawned":[3,4,5,7,10,18,24,25,29,36,41],"seed_played":"-2937575114228286916","killed_by":"Time Eater","ascension_level":0,"is_trial":false}