{"gold_per_floor":[119,139,157,177,194,194,210,210,235,235,253,80,80,113,113,113],"floor_reached":16,"playtime":479,"items_purged":["Parasite"],"score":104,"play_id":"85d08878-c216-4cbd-9240-78d7a1723f09","local_time":"20190415213434","is_ascension_mode":false,"campfire_choices":[{"data":"Zap","floor":6,"key":"SMITH"},{"data":"Creative AI","floor":10,"key":"SMITH"},{"data":"Defragment","floor":13,"key":"SMITH"},{"data":"Hologram","floor":15,"key":"SMITH"}],"neow_cost":"NONE","seed_source_timestamp":219301712592006,"circlet_count":0,"master_deck":["Strike_B","Strike_B","Strike_B","Strike_B","Defend_B","Defend_B","Defend_B","Defend_B","Zap+1","Dualcast","Madness","Beam Cell","Gash","Hologram+1","Hologram","Loop","Creative AI+1","Defragment+1","Capacitor","Redo","Conserve Battery"],"relics":["Cracked Core"],"potions_floor_usage":[14],"damage_taken":[{"damage":2,"enemies":"Small Slimes","floor":1,"turns":3},{"damage":0,"enemies":"2 Louse","floor":2,"turns":2},{"damage":1,"enemies":"Cultist","floor":3,"turns":3},{"damage":2,"enemies":"Looter","floor":4,"turns":3},{"damage":19,"enemies":"3 Louse","floor":5,"turns":3},{"damage":3,"enemies":"Large Slime","floor":7,"turns":4},{"damage":9,"enemies":"Blue Slaver","floor":11,"turns":3},{"damage":29,"enemies":"3 Sentries","floor":14,"turns":6},{"damage":30,"enemies":"Slime Boss","floor":16,"turns":3}],"seed_played":"-3847620318211937831","potions_obtained":[{"floor":1,"key":"Dexterity Potion"},{"floor":2,"key":"FocusPotion"},{"floor":5,"key":"Explosive Potion"},{"floor":14,"key":"Ancient Potion"}],"is_trial":false,"path_per_floor":["M","M","M","M","M","R","M","?","T","R","M","$","R","E","R","B"],"character_chosen":"DEFECT","items_purchased":["Capacitor","Redo"],"campfire_rested":0,"item_purchase_floors":[12,12],"current_hp_per_floor":[73,73,72,70,51,51,48,66,66,66,57,57,57,28,28,0],"gold":113,"neow_bonus":"RANDOM_COLORLESS","is_prod":false,"is_daily":false,"chose_seed":false,"campfire_upgraded":4,"win_rate":0,"timestamp":1555335274,"path_taken":["M","M","M","M","M","R","M","?","T","R","M","$","R","E","R","BOSS"],"build_version":"2019-01-23","purchased_purges":1,"victory":false,"max_hp_per_floor":[75,75,75,75,75,75,75,75,75,75,75,72,72,72,72,72],"card_choices":[{"not_picked":["Hello World","Steam Power"],"picked":"Beam Cell","floor":1},{"not_picked":["Glacier","Double Energy"],"picked":"Gash","floor":2},{"not_picked":["Sweeping Beam","Storm"],"picked":"Hologram","floor":3},{"not_picked":["Ball Lightning","Rebound"],"picked":"Hologram","floor":4},{"not_picked":["Consume","Rebound"],"picked":"Loop","floor":5},{"not_picked":["Undo","Scrape"],"picked":"Creative AI","floor":7},{"not_picked":["Darkness","Melter"],"picked":"Defragment","floor":11},{"not_picked":["Leap","Rebound"],"picked":"Conserve Battery","floor":14}],"player_experience":974659,"relics_obtained":[],"event_choices":[{"damage_healed":18,"gold_gain":0,"player_choice":"Healed and dodged fight","damage_taken":0,"max_hp_gain":0,"max_hp_loss":0,"event_name":"Mushrooms","floor":8,"gold_loss":0,"cards_obtained":["Parasite"]}],"is_beta":false,"boss_relics":[],"items_purged_floors":[12],"is_endless":false,"potions_floor_spawned":[1,2,5,7,14],"killed_by":"Slime Boss","ascension_level":0}