{"gold_per_floor":[114,133,36,54,68,99,111,140,152,164,156,185,214,241,253,364,376,402,51,41,51,62,62,94,94,94,109,109,109],"floor_reached":29,"playtime":7302,"items_purged":["Strike_G"],"score":339,"play_id":"c54c88fd-6f0b-40d8-8c74-4419083e615d","local_time":"20190414021123","is_ascension_mode":true,"campfire_choices":[{"data":"Skewer","floor":7,"key":"SMITH"},{"floor":10,"key":"REST"},{"data":"Blur","floor":15,"key":"SMITH"},{"floor":23,"key":"REST"},{"floor":25,"key":"REST"},{"floor":28,"key":"REST"}],"neow_cost":"NONE","seed_source_timestamp":279320319078599,"circlet_count":0,"master_deck":["Defend_G","Defend_G","Defend_G","Defend_G","Defend_G","Strike_G","Strike_G","Strike_G","Strike_G","Survivor","Neutralize","Noxious Fumes","Dodge and Roll","Deadly Poison","Skewer+1","Deadly Poison","Dash","Leg Sweep","Terror","Glass Knife","Blur+1","Catalyst","Venomology","Noxious Fumes","Noxious Fumes","Backflip","Shame","Prepared+1"],"relics":["Ring of the Snake","MawBank","Pantograph","Cursed Key","Pear","Orichalcum","Toxic Egg 2"],"potions_floor_usage":[12,16,16,21,22,24,24,24,24,24,29,29],"damage_taken":[{"damage":1,"enemies":"Jaw Worm","floor":1,"turns":6},{"damage":0,"enemies":"Cultist","floor":2,"turns":5},{"damage":2,"enemies":"Small Slimes","floor":4,"turns":3},{"damage":2,"enemies":"Blue Slaver","floor":5,"turns":4},{"damage":26,"enemies":"Lagavulin","floor":6,"turns":7},{"damage":11,"enemies":"3 Louse","floor":8,"turns":4},{"damage":4,"enemies":"Gremlin Gang","floor":12,"turns":3},{"damage":1,"enemies":"2 Fungi Beasts","floor":13,"turns":3},{"damage":12,"enemies":"Large Slime","floor":14,"turns":6},{"damage":10,"enemies":"Slime Boss","floor":16,"turns":11},{"damage":19,"enemies":"3 Byrds","floor":18,"turns":5},{"damage":36,"enemies":"2 Thieves","floor":20,"turns":5},{"damage":15,"enemies":"Snake Plant","floor":21,"turns":5},{"damage":10,"enemies":"Centurion and Healer","floor":22,"turns":5},{"damage":27,"enemies":"Slavers","floor":24,"turns":5},{"damage":14,"enemies":"Snecko","floor":27,"turns":5},{"damage":39,"enemies":"Shelled Parasite and Fungi","floor":29,"turns":5}],"seed_played":"-7979662030290484380","potions_obtained":[{"floor":5,"key":"Strength Potion"},{"floor":6,"key":"Explosive Potion"},{"floor":11,"key":"AttackPotion"},{"floor":12,"key":"GhostInAJar"},{"floor":16,"key":"Weak Potion"},{"floor":27,"key":"Energy Potion"}],"is_trial":false,"path_per_floor":["M","M","$","M","M","E","R","M","T","R","?","M","M","M","R","B",null,"M","$","M","M","M","R","E","R","T","M","R","M"],"character_chosen":"THE_SILENT","items_purchased":["Deadly Poison","Skewer","Noxious Fumes","Pear"],"campfire_rested":4,"item_purchase_floors":[3,3,19,19],"current_hp_per_floor":[76,76,76,74,72,46,46,35,35,58,58,54,53,41,41,56,72,53,63,27,12,2,28,1,27,27,13,39,0],"gold":109,"neow_bonus":"TEN_PERCENT_HP_BONUS","is_prod":false,"is_daily":false,"chose_seed":false,"campfire_upgraded":2,"win_rate":0,"timestamp":1555200683,"path_taken":["M","M","$","M","M","E","R","M","T","R","?","M","M","M","R","BOSS","M","$","M","?","M","R","E","R","T","M","R","M"],"build_version":"2019-01-23","purchased_purges":1,"victory":false,"max_hp_per_floor":[77,77,77,77,77,77,77,77,77,77,77,77,77,77,77,77,77,77,87,87,87,87,87,87,87,87,87,87,87],"card_choices":[{"not_picked":["Blade Dance","Well Laid Plans"],"picked":"Noxious Fumes","floor":1},{"not_picked":["Backflip","Dagger Throw"],"picked":"Dodge and Roll","floor":2},{"not_picked":["Quick Slash","Acrobatics"],"picked":"Deadly Poison","floor":4},{"not_picked":["Slice","Deadly Poison"],"picked":"Dash","floor":5},{"not_picked":["Dodge and Roll","Slice"],"picked":"Leg Sweep","floor":6},{"not_picked":["Quick Slash","Slice"],"picked":"Terror","floor":8},{"not_picked":["Riddle With Holes","Dagger Throw"],"picked":"Glass Knife","floor":12},{"not_picked":["Sucker Punch","Terror"],"picked":"Blur","floor":13},{"not_picked":["Infinite Blades","Blade Dance"],"picked":"Catalyst","floor":14},{"not_picked":["Unload","Tools of the Trade"],"picked":"Venomology","floor":16},{"not_picked":["Expertise+1","Deadly Poison","Cloak And Dagger"],"picked":"SKIP","floor":18},{"not_picked":["Heel Hook+1","Tactician"],"picked":"Noxious Fumes","floor":20},{"not_picked":["Eviscerate","Predator"],"picked":"Backflip","floor":21},{"not_picked":["Flying Knee","Dash","Quick Slash+1"],"picked":"SKIP","floor":22},{"not_picked":["Bane","Masterful Stab","Grand Finale"],"picked":"SKIP","floor":24},{"not_picked":["Dagger Throw","Terror+1"],"picked":"Prepared+1","floor":27}],"player_experience":617233,"relics_obtained":[{"floor":6,"key":"MawBank"},{"floor":9,"key":"Pantograph"},{"floor":24,"key":"Orichalcum"},{"floor":26,"key":"Toxic Egg 2"}],"event_choices":[{"damage_healed":0,"gold_gain":0,"player_choice":"Bought 1 Potion","damage_taken":0,"max_hp_gain":0,"max_hp_loss":0,"event_name":"The Woman in Blue","floor":11,"gold_loss":0}],"is_beta":false,"boss_relics":[{"not_picked":["HoveringKite","Ring of the Serpent"],"picked":"Cursed Key"}],"items_purged_floors":[19],"is_endless":false,"potions_floor_spawned":[5,6,12,14,16,22,27],"killed_by":"Shelled Parasite and Fungi","ascension_level":5}