{"gold_per_floor":[117,128,228,247,247,273,298,324,336,348],"floor_reached":10,"playtime":886,"items_purged":[],"score":70,"play_id":"a75f9a50-73a4-43a6-b7ff-081318a66fde","local_time":"20180922142920","is_ascension_mode":false,"campfire_choices":[],"neow_cost":"NONE","seed_source_timestamp":26143880985615,"circlet_count":0,"master_deck":["Defend_G","Defend_G","Defend_G","Defend_G","Defend_G","Strike_G","Strike_G","Strike_G","Strike_G","Strike_G","Survivor","Neutralize","Underhanded Strike","Backflip","Acrobatics","Decay","Dagger Spray","Acrobatics","Poisoned Stab"],"relics":["Ring of the Snake","PreservedInsect","MawBank","Question Card"],"potions_floor_usage":[10,10],"damage_taken":[{"damage":0,"enemies":"Small Slimes","floor":1,"turns":4},{"damage":0,"enemies":"Cultist","floor":2,"turns":4},{"damage":0,"enemies":"2 Louse","floor":4,"turns":4},{"damage":25,"enemies":"Gremlin Nob","floor":6,"turns":5},{"damage":4,"enemies":"Looter","floor":7,"turns":4},{"damage":0,"enemies":"Red Slaver","floor":8,"turns":4},{"damage":9,"enemies":"3 Sentries","floor":10,"turns":4}],"seed_played":"-5556221355182096826","potions_obtained":[{"floor":4,"key":"LiquidBronze"},{"floor":7,"key":"Ancient Potion"},{"floor":8,"key":"Poison Potion"}],"is_trial":false,"path_per_floor":["M","M","?","M","?","E","M","M","T"],"character_chosen":"THE_SILENT","items_purchased":[],"campfire_rested":0,"item_purchase_floors":[],"current_hp_per_floor":[70,70,70,70,70,45,41,41,41,32],"gold":348,"neow_bonus":"RANDOM_COMMON_RELIC","is_prod":false,"is_daily":false,"chose_seed":false,"campfire_upgraded":0,"win_rate":0.0,"timestamp":1537619360,"path_taken":["M","M","?","M","?","E","M","?","T","?"],"build_version":"2018-09-20","purchased_purges":0,"victory":false,"max_hp_per_floor":[70,70,70,70,70,70,70,70,70,70],"card_choices":[{"not_picked":["Dodge and Roll","Expertise"],"picked":"Underhanded Strike","floor":1},{"not_picked":["Crippling Poison","Dodge and Roll"],"picked":"Backflip","floor":2},{"not_picked":["Well Laid Plans","Calculated Gamble"],"picked":"Acrobatics","floor":4},{"not_picked":["Outmaneuver","Caltrops"],"picked":"Dagger Spray","floor":6},{"not_picked":["Predator","Deflect"],"picked":"Acrobatics","floor":7},{"not_picked":["Dagger Throw","Reflex"],"picked":"Poisoned Stab","floor":8}],"player_experience":18025,"relics_obtained":[{"floor":6,"key":"MawBank"},{"floor":9,"key":"Question Card"}],"event_choices":[{"event_name":"Golden Shrine","player_choice":"Pray","floor":3,"damage_taken":0},{"event_name":"Wheel of Change","player_choice":"Curse","floor":5,"damage_taken":0},{"event_name":"Dead Adventurer","player_choice":"Searched \u00272\u0027 times","floor":10,"damage_taken":0}],"is_beta":false,"boss_relics":[],"items_purged_floors":[],"is_endless":false,"potions_floor_spawned":[4,7,8],"killed_by":"3 Sentries","ascension_level":0}