{"gold_per_floor":[11,21,21,36,46,46,76,76,76,26,97,97,124,134,134,229,229,247,34,95,95,152,152,244,244,289,343,533,533,579,596,596,716,716,760,402,527,554,598,598,627,646,646,722,755,771,825,893,893,913,913,913,10,36,36],"floor_reached":56,"playtime":4963,"items_purged":["Strike_R","Strike_R","Parasite"],"score":1350,"play_id":"b018c7ee-a4bf-4889-88d5-6c71974f6f72","local_time":"20190422120809","is_ascension_mode":false,"campfire_choices":[{"data":"Armaments","floor":6,"key":"SMITH"},{"data":"Demon Form","floor":8,"key":"SMITH"},{"data":"Shockwave","floor":15,"key":"SMITH"},{"data":"Immolate","floor":23,"key":"SMITH"},{"data":"Uppercut","floor":29,"key":"SMITH"},{"data":"Offering","floor":32,"key":"SMITH"},{"data":"Heavy Blade","floor":40,"key":"SMITH"},{"floor":49,"key":"RECALL"},{"data":"Disarm","floor":52,"key":"SMITH"}],"neow_cost":"NO_GOLD","seed_source_timestamp":864679967944200,"circlet_count":0,"master_deck":["Strike_R","Defend_R+1","Defend_R","Defend_R","Defend_R","Bash+1","Headbutt","Shrug It Off","Armaments+1","Headbutt","Demon Form+1","Clothesline","Shockwave+1","Immolate+1","Twin Strike","HandOfGreed","True Grit+1","Battle Trance+1","Reaper","Inflame","Uppercut+1","Offering+1","Exhume","Corruption","Disarm+1","Heavy Blade+1","Iron Wave+1","Shrug It Off+1","Rage+1","True Grit+1","Shockwave","Magnetism","Flame Barrier"],"relics":["Burning Blood","Centennial Puzzle","The Courier","Unceasing Top","Mark of Pain","Nunchaku","Smiling Mask","Champion Belt","FossilizedHelix","Dodecahedron","War Paint","Snecko Eye","Torii","Bird Faced Urn","Happy Flower","Singing Bowl","Pear","Pocketwatch","Strange Spoon","Art of War","Bag of Marbles","Orichalcum","Vajra","Ornamental Fan"],"potions_floor_usage":[24,24,27,55,55],"damage_taken":[{"damage":12,"enemies":"Small Slimes","floor":1,"turns":4},{"damage":6,"enemies":"Jaw Worm","floor":2,"turns":3},{"damage":0,"enemies":"2 Louse","floor":4,"turns":2},{"damage":12,"enemies":"Looter","floor":5,"turns":3},{"damage":27,"enemies":"3 Sentries","floor":7,"turns":8},{"damage":31,"enemies":"Gremlin Nob","floor":13,"turns":5},{"damage":10,"enemies":"Red Slaver","floor":14,"turns":4},{"damage":13,"enemies":"Hexaghost","floor":16,"turns":9},{"damage":12,"enemies":"Chosen","floor":18,"turns":5},{"damage":0,"enemies":"3 Byrds","floor":20,"turns":7},{"damage":10,"enemies":"Centurion and Healer","floor":22,"turns":9},{"damage":17,"enemies":"Slavers","floor":24,"turns":6},{"damage":10,"enemies":"Gremlin Leader","floor":27,"turns":6},{"damage":36,"enemies":"Colosseum Slavers","floor":28,"turns":10},{"damage":5,"enemies":"Colosseum Nobs","floor":28,"turns":7},{"damage":13,"enemies":"Book of Stabbing","floor":30,"turns":7},{"damage":11,"enemies":"Snecko","floor":31,"turns":4},{"damage":33,"enemies":"Automaton","floor":33,"turns":8},{"damage":0,"enemies":"Orb Walker","floor":35,"turns":2},{"damage":0,"enemies":"Mind Bloom Boss Battle","floor":37,"turns":7},{"damage":0,"enemies":"3 Darklings","floor":39,"turns":6},{"damage":0,"enemies":"Nemesis","floor":41,"turns":5},{"damage":0,"enemies":"Transient","floor":42,"turns":5},{"damage":0,"enemies":"4 Shapes","floor":44,"turns":6},{"damage":0,"enemies":"Writhing Mass","floor":45,"turns":6},{"damage":0,"enemies":"Transient","floor":46,"turns":5},{"damage":0,"enemies":"Reptomancer","floor":47,"turns":4},{"damage":7,"enemies":"2 Orb Walkers","floor":48,"turns":3},{"damage":8,"enemies":"Awakened One","floor":50,"turns":7},{"damage":20,"enemies":"Shield and Spear","floor":54,"turns":3},{"damage":53,"enemies":"The Heart","floor":55,"turns":7}],"seed_played":"-5083533682546642367","potions_obtained":[{"floor":4,"key":"SpeedPotion"},{"floor":5,"key":"Ancient Potion"},{"floor":14,"key":"FearPotion"},{"floor":16,"key":"Swift Potion"},{"floor":22,"key":"Energy Potion"},{"floor":30,"key":"LiquidBronze"},{"floor":31,"key":"Poison Potion"},{"floor":33,"key":"SneckoOil"},{"floor":35,"key":"PowerPotion"},{"floor":41,"key":"Explosive Potion"},{"floor":44,"key":"Weak Potion"}],"is_trial":false,"path_per_floor":["M","M","?","M","M","R","E","R","T","?","?","?","E","M","R","B",null,"M","$","M","?","M","R","E","?","T","E","?","R","E","M","R","B",null,"M","$","?","T","M","R","E","M","T","M","M","M","E","?","R","B",null,"R","$","E","B",null],"character_chosen":"IRONCLAD","items_purchased":["HandOfGreed","Torii","Disarm","Heavy Blade","Strange Spoon","Shockwave","Magnetism","Art of War","Bag of Marbles","Orichalcum","Vajra"],"campfire_rested":0,"item_purchase_floors":[19,36,36,36,53,53,53,53,53,53,53],"current_hp_per_floor":[90,90,90,96,90,90,69,69,69,69,69,74,49,45,45,38,101,95,95,101,101,97,97,86,86,86,98,98,98,91,99,99,72,101,101,101,101,101,101,101,103,105,105,107,107,109,119,119,119,119,119,119,116,116,97],"gold":36,"neow_bonus":"TWENTY_PERCENT_HP_BONUS","is_prod":false,"is_daily":false,"chose_seed":false,"campfire_upgraded":8,"win_rate":1,"timestamp":1555960089,"path_taken":["M","M","?","M","M","R","E","R","T","?","?","?","E","M","R","BOSS","M","$","M","?","?","R","E","?","T","E","?","R","E","M","R","BOSS","M","$","?","?","?","R","E","M","T","M","M","M","E","?","R","BOSS","R","$","E","BOSS"],"build_version":"2019-01-23","purchased_purges":3,"victory":true,"max_hp_per_floor":[96,96,96,96,96,96,96,96,96,96,96,101,101,101,101,101,101,101,101,101,101,101,101,101,101,101,101,101,101,101,101,101,101,101,101,101,101,101,101,101,103,105,105,107,107,109,119,119,119,119,119,119,116,116,116],"card_choices":[{"not_picked":["Entrench","Clash"],"picked":"Headbutt","floor":1},{"not_picked":["Twin Strike","Warcry"],"picked":"Shrug It Off","floor":2},{"not_picked":["Wild Strike","Dropkick"],"picked":"Armaments","floor":4},{"not_picked":["Thunderclap","Dual Wield"],"picked":"Headbutt","floor":5},{"not_picked":["Anger","Clash"],"picked":"Demon Form","floor":7},{"not_picked":["Headbutt","Searing Blow"],"picked":"Clothesline","floor":13},{"not_picked":["True Grit","Rage"],"picked":"Shockwave","floor":14},{"not_picked":["Impervious","Dark Embrace"],"picked":"Immolate","floor":16},{"not_picked":["Flex","Thunderclap+1"],"picked":"Twin Strike","floor":18},{"not_picked":["Pommel Strike","Rampage"],"picked":"True Grit","floor":20},{"not_picked":["Heavy Blade","Infernal Blade"],"picked":"Battle Trance+1","floor":22},{"not_picked":["Wild Strike","Perfected Strike","Thunderclap"],"picked":"SKIP","floor":24},{"not_picked":["Wild Strike","Bloodletting"],"picked":"Inflame","floor":27},{"not_picked":["Perfected Strike","Pommel Strike"],"picked":"Uppercut","floor":28},{"not_picked":["Barricade","True Grit"],"picked":"Offering","floor":30},{"not_picked":["Evolve","Cleave","Twin Strike+1"],"picked":"SKIP","floor":31},{"not_picked":["Demon Form","Feed"],"picked":"Exhume","floor":33},{"not_picked":["Havoc","Twin Strike+1"],"picked":"Corruption","floor":35},{"not_picked":["Warcry+1","Pommel Strike"],"picked":"Iron Wave+1","floor":39},{"not_picked":["Flex","Sever Soul+1","Warcry"],"picked":"Singing Bowl","floor":41},{"not_picked":["Thunderclap","Flex+1","Wild Strike"],"picked":"Singing Bowl","floor":42},{"not_picked":["Anger+1","Infernal Blade+1","Searing Blow"],"picked":"Singing Bowl","floor":44},{"not_picked":["Battle Trance+1","Combust+1"],"picked":"Shrug It Off+1","floor":45},{"not_picked":["Thunderclap","Pommel Strike","Searing Blow+1"],"picked":"Singing Bowl","floor":46},{"not_picked":["Combust","Dual Wield"],"picked":"Rage+1","floor":47},{"not_picked":["Combust+1","Warcry+1"],"picked":"True Grit+1","floor":48},{"not_picked":["Dual Wield","Clash"],"picked":"Flame Barrier","floor":54}],"player_experience":499757,"relics_obtained":[{"floor":7,"key":"Centennial Puzzle"},{"floor":9,"key":"The Courier"},{"floor":13,"key":"Unceasing Top"},{"floor":24,"key":"Nunchaku"},{"floor":26,"key":"Smiling Mask"},{"floor":27,"key":"Champion Belt"},{"floor":28,"key":"FossilizedHelix"},{"floor":28,"key":"Dodecahedron"},{"floor":30,"key":"War Paint"},{"floor":37,"key":"Bird Faced Urn"},{"floor":38,"key":"Happy Flower"},{"floor":41,"key":"Singing Bowl"},{"floor":47,"key":"Pear"},{"floor":48,"key":"Pocketwatch"},{"floor":54,"key":"Ornamental Fan"}],"event_choices":[{"damage_healed":0,"gold_gain":0,"player_choice":"Grow","damage_taken":0,"max_hp_gain":0,"max_hp_loss":0,"event_name":"Living Wall","floor":3,"gold_loss":0,"cards_upgraded":["Bash"]},{"cards_removed":["Strike_R"],"damage_healed":0,"gold_gain":0,"player_choice":"Card Removal","damage_taken":0,"max_hp_gain":0,"max_hp_loss":0,"event_name":"The Cleric","floor":10,"gold_loss":50},{"damage_healed":0,"gold_gain":71,"player_choice":"Gained Gold","damage_taken":0,"max_hp_gain":0,"max_hp_loss":0,"event_name":"Golden Wing","floor":11,"gold_loss":0},{"damage_healed":0,"gold_gain":0,"player_choice":"Donut","damage_taken":0,"max_hp_gain":5,"max_hp_loss":0,"event_name":"Big Fish","floor":12,"gold_loss":0},{"cards_removed":["Strike_R"],"damage_healed":0,"gold_gain":0,"player_choice":"Purged","damage_taken":0,"max_hp_gain":0,"max_hp_loss":0,"event_name":"Purifier","floor":21,"gold_loss":0},{"damage_healed":0,"gold_gain":0,"player_choice":"Read","damage_taken":0,"max_hp_gain":0,"max_hp_loss":0,"event_name":"The Library","floor":25,"gold_loss":0,"cards_obtained":["Reaper"]},{"damage_healed":0,"gold_gain":0,"player_choice":"Fight","damage_taken":0,"max_hp_gain":0,"max_hp_loss":0,"event_name":"Colosseum","floor":28,"gold_loss":0},{"damage_healed":0,"gold_gain":0,"player_choice":"Fought Nobs","damage_taken":0,"max_hp_gain":0,"max_hp_loss":0,"event_name":"Colosseum","floor":28,"gold_loss":0},{"damage_healed":0,"gold_gain":0,"player_choice":"Fight","damage_taken":0,"max_hp_gain":0,"max_hp_loss":0,"event_name":"MindBloom","floor":37,"gold_loss":0},{"damage_healed":0,"gold_gain":0,"player_choice":"Fight","damage_taken":0,"max_hp_gain":0,"max_hp_loss":0,"event_name":"Mysterious Sphere","floor":48,"gold_loss":0}],"is_beta":false,"boss_relics":[{"not_picked":["Philosopher\u0027s Stone","Eternal Feather"],"picked":"Mark of Pain"},{"not_picked":["Busted Crown","Orrery"],"picked":"Snecko Eye"}],"items_purged_floors":[19,36,53],"is_endless":false,"potions_floor_spawned":[4,5,14,16,22,28,30,31,33,35,41,44,46,48,54],"ascension_level":0}