{"gold_per_floor":[110,130,55,68,20,53,72,72,123,123,146,169,26,44,44,168,168,188,203,203,203,103,103,137,137],"floor_reached":25,"playtime":4696,"items_purged":["Strike_R","Writhe"],"score":301,"play_id":"a5a85052-af3b-4930-9c38-33dce5c1bb33","local_time":"20190405225731","is_ascension_mode":true,"campfire_choices":[{"data":"Clothesline","floor":8,"key":"SMITH"},{"floor":15,"key":"REST"},{"data":"True Grit","floor":23,"key":"SMITH"}],"neow_cost":"NONE","seed_source_timestamp":167667339818500,"circlet_count":0,"master_deck":["Strike_R","Strike_R","Strike_R","Strike_R","Defend_R","Defend_R","Defend_R","Defend_R","Bash","Clothesline+1","Shrug It Off","Cleave","Shrug It Off","Spot Weakness","True Grit+1","Immolate","Evolve+1","Headbutt+1"],"relics":["Burning Blood","Letter Opener","Happy Flower","Golden Idol","Bag of Marbles","Cursed Key","Regal Pillow","FaceOfCleric","Centennial Puzzle"],"potions_floor_usage":[18,19],"damage_taken":[{"damage":2,"enemies":"Small Slimes","floor":1,"turns":5},{"damage":9,"enemies":"Jaw Worm","floor":2,"turns":3},{"damage":7,"enemies":"2 Louse","floor":4,"turns":4},{"damage":36,"enemies":"Gremlin Nob","floor":6,"turns":5},{"damage":16,"enemies":"Lots of Slimes","floor":7,"turns":6},{"damage":5,"enemies":"2 Fungi Beasts","floor":11,"turns":3},{"damage":0,"enemies":"Large Slime","floor":12,"turns":3},{"damage":20,"enemies":"Lots of Slimes","floor":14,"turns":4},{"damage":32,"enemies":"Hexaghost","floor":16,"turns":12},{"damage":8,"enemies":"3 Byrds","floor":18,"turns":5},{"damage":11,"enemies":"Spheric Guardian","floor":19,"turns":5},{"damage":50,"enemies":"Slavers","floor":24,"turns":6},{"damage":20,"enemies":"Snake Plant","floor":25,"turns":5}],"seed_played":"916573580454062743","potions_obtained":[{"floor":4,"key":"Ancient Potion"},{"floor":11,"key":"AttackPotion"},{"floor":16,"key":"SkillPotion"}],"is_trial":false,"path_per_floor":["M","M","$","M","$","E","M","R","T","?","M","M","$","M","R","B",null,"M","M","?","?","$","R","E","M"],"character_chosen":"IRONCLAD","items_purchased":["Shrug It Off","Bag of Marbles"],"campfire_rested":1,"item_purchase_floors":[5,13],"current_hp_per_floor":[84,81,81,80,80,50,40,40,40,40,41,47,47,33,57,31,69,67,62,62,62,62,62,19,0],"gold":137,"neow_bonus":"TEN_PERCENT_HP_BONUS","is_prod":false,"is_daily":false,"chose_seed":false,"campfire_upgraded":2,"win_rate":0,"timestamp":1554497851,"path_taken":["M","M","$","M","$","E","M","R","T","?","M","M","$","M","R","BOSS","M","M","?","?","$","R","E","M"],"build_version":"2019-01-23","purchased_purges":2,"victory":false,"max_hp_per_floor":[88,88,88,88,88,88,88,88,88,81,81,81,81,81,81,81,81,81,81,81,81,81,81,82,82],"card_choices":[{"not_picked":["Dropkick","Rupture"],"picked":"Clothesline","floor":1},{"not_picked":["Infernal Blade","Clash"],"picked":"Shrug It Off","floor":2},{"not_picked":["Feel No Pain","Metallicize"],"picked":"Cleave","floor":4},{"not_picked":["Perfected Strike","Offering","Anger"],"picked":"SKIP","floor":6},{"not_picked":["Cleave","Perfected Strike"],"picked":"Spot Weakness","floor":7},{"not_picked":["Evolve","Shrug It Off","Twin Strike"],"picked":"SKIP","floor":11},{"not_picked":["Havoc","Twin Strike","Pommel Strike"],"picked":"SKIP","floor":12},{"not_picked":["Wild Strike","Sword Boomerang"],"picked":"True Grit","floor":14},{"not_picked":["Offering","Limit Break"],"picked":"Immolate","floor":16},{"not_picked":["Havoc","Body Slam","Warcry"],"picked":"SKIP","floor":18},{"not_picked":["Pommel Strike","Havoc"],"picked":"Evolve+1","floor":19},{"not_picked":["Reckless Charge+1","Wild Strike"],"picked":"Headbutt+1","floor":24}],"player_experience":548657,"relics_obtained":[{"floor":6,"key":"Letter Opener"},{"floor":9,"key":"Happy Flower"},{"floor":24,"key":"Centennial Puzzle"}],"event_choices":[{"damage_healed":0,"gold_gain":0,"player_choice":"Lose Max HP","damage_taken":0,"relics_obtained":["Golden Idol"],"max_hp_gain":0,"max_hp_loss":7,"event_name":"Golden Idol","floor":10,"gold_loss":0},{"damage_healed":0,"gold_gain":0,"player_choice":"Opened","damage_taken":0,"relics_obtained":["Regal Pillow"],"max_hp_gain":0,"max_hp_loss":0,"event_name":"The Mausoleum","floor":20,"gold_loss":0,"cards_obtained":["Writhe"]},{"damage_healed":0,"gold_gain":0,"player_choice":"Trade","damage_taken":0,"relics_obtained":["FaceOfCleric"],"max_hp_gain":0,"max_hp_loss":0,"event_name":"FaceTrader","floor":21,"gold_loss":0}],"is_beta":false,"boss_relics":[{"not_picked":["Runic Cube","Eternal Feather"],"picked":"Cursed Key"}],"items_purged_floors":[3,22],"is_endless":false,"potions_floor_spawned":[4,11,16],"killed_by":"Snake Plant","ascension_level":7}