{"gold_per_floor":[109,109,119,119,136,136,161,161,161,174,186,206,217,233,233,332,332,348,117,151,161,181,207,207,207],"floor_reached":25,"playtime":1357,"items_purged":["Strike_R"],"score":238,"play_id":"04ce74f8-bb77-4d0a-ac2e-fa0492f201dd","local_time":"20190331210627","is_ascension_mode":true,"campfire_choices":[{"data":"Shrug It Off","floor":6.0,"key":"SMITH"},{"data":"Bash","floor":8.0,"key":"SMITH"},{"floor":15.0,"key":"REST"},{"data":"Bludgeon","floor":24.0,"key":"SMITH"}],"neow_cost":"NONE","seed_source_timestamp":0,"circlet_count":0,"master_deck":["Strike_R","Strike_R","Strike_R","Strike_R","Defend_R","Defend_R","Defend_R","Defend_R","Bash+1","Pommel Strike+1","Shockwave","Shrug It Off+1","Battle Trance","Bludgeon+1","Flame Barrier","Shrug It Off+1"],"special_seed":0,"relics":["Burning Blood","NeowsBlessing","FaceOfCleric","Meat on the Bone","Red Skull","Black Star","Oddly Smooth Stone","Red Mask","Frozen Egg 2","Blood Vial"],"potions_floor_usage":[],"damage_taken":[{"damage":0.0,"enemies":"2 Louse","floor":1.0,"turns":1.0},{"damage":0.0,"enemies":"Cultist","floor":3.0,"turns":1.0},{"damage":0.0,"enemies":"Small Slimes","floor":5.0,"turns":2.0},{"damage":51.0,"enemies":"3 Sentries","floor":7.0,"turns":12.0},{"damage":1.0,"enemies":"2 Fungi Beasts","floor":10.0,"turns":3.0},{"damage":7.0,"enemies":"Exordium Wildlife","floor":11.0,"turns":5.0},{"damage":2.0,"enemies":"Blue Slaver","floor":12.0,"turns":4.0},{"damage":6.0,"enemies":"3 Louse","floor":13.0,"turns":3.0},{"damage":15.0,"enemies":"Exordium Thugs","floor":14.0,"turns":4.0},{"damage":21.0,"enemies":"Slime Boss","floor":16.0,"turns":7.0},{"damage":21.0,"enemies":"Shell Parasite","floor":18.0,"turns":6.0},{"damage":39.0,"enemies":"Masked Bandits","floor":20.0,"turns":7.0},{"damage":31.0,"enemies":"2 Thieves","floor":21.0,"turns":5.0},{"damage":24.0,"enemies":"Chosen and Byrds","floor":22.0,"turns":6.0},{"damage":15.0,"enemies":"Book of Stabbing","floor":23.0,"turns":5.0},{"damage":43,"enemies":"Gremlin Leader","floor":25,"turns":8}],"seed_played":"664581646966740857","potions_obtained":[{"floor":3.0,"key":"Strength Potion"},{"floor":11.0,"key":"Ancient Potion"},{"floor":12.0,"key":"Strength Potion"},{"floor":16.0,"key":"Poison Potion"},{"floor":18.0,"key":"Poison Potion"}],"is_trial":false,"path_per_floor":["M","?","M","?","M","R","E","R","T","M","M","M","M","M","R","B",null,"M","$","?","M","M","E","R","E"],"character_chosen":"IRONCLAD","items_purchased":["Oddly Smooth Stone"],"campfire_rested":1,"item_purchase_floors":[19],"current_hp_per_floor":[80,80,80,80,81,81,37,37,37,55,55,60,61,53,79,65,88,74,74,54,42,37,41,41,0],"gold":207,"neow_bonus":"THREE_ENEMY_KILL","is_prod":false,"is_daily":false,"chose_seed":false,"campfire_upgraded":3,"win_rate":0,"timestamp":1554084387,"path_taken":["M","?","?","?","M","R","E","R","T","M","M","M","M","M","R","BOSS","M","$","?","M","M","E","R","E"],"build_version":"2019-01-23","purchased_purges":1,"victory":false,"max_hp_per_floor":[80,80,80,80,81,81,82,82,82,83,84,85,86,87,87,88,88,89,89,90,91,92,93,93,93],"card_choices":[{"not_picked":["Clothesline","Havoc"],"picked":"Pommel Strike","floor":1.0},{"not_picked":["Blood for Blood","Perfected Strike"],"picked":"Shockwave","floor":3.0},{"not_picked":["Infernal Blade","Pommel Strike"],"picked":"Shrug It Off","floor":5.0},{"not_picked":["Clash","Burning Pact"],"picked":"Battle Trance","floor":7.0},{"not_picked":["Anger","Rage","Feel No Pain"],"picked":"SKIP","floor":10.0},{"not_picked":["Wild Strike","Heavy Blade","Burning Pact"],"picked":"SKIP","floor":11.0},{"not_picked":["Bloodletting","Shockwave","Reaper"],"picked":"SKIP","floor":12.0},{"not_picked":["Sever Soul","Perfected Strike","Hemokinesis"],"picked":"SKIP","floor":13.0},{"not_picked":["Flex","Sentinel","Body Slam"],"picked":"SKIP","floor":14.0},{"not_picked":["Barricade","Double Tap"],"picked":"Bludgeon","floor":16.0},{"not_picked":["Perfected Strike+1","Twin Strike"],"picked":"Flame Barrier","floor":18.0},{"not_picked":["Warcry","Second Wind","Anger"],"picked":"SKIP","floor":21.0},{"not_picked":["Body Slam","Iron Wave"],"picked":"Shrug It Off+1","floor":22.0},{"not_picked":["Feel No Pain","Clash","Hemokinesis"],"picked":"SKIP","floor":23.0}],"player_experience":370771,"relics_obtained":[{"floor":7.0,"key":"Meat on the Bone"},{"floor":9.0,"key":"Red Skull"},{"floor":20.0,"key":"Red Mask"},{"floor":23.0,"key":"Frozen Egg 2"},{"floor":23.0,"key":"Blood Vial"}],"event_choices":[{"damage_healed":0.0,"max_hp_gain":0.0,"max_hp_loss":0.0,"gold_gain":0.0,"event_name":"Accursed Blacksmith","player_choice":"Forge","floor":2.0,"gold_loss":0.0,"damage_taken":0.0,"cards_upgraded":["Pommel Strike"]},{"damage_healed":0.0,"max_hp_gain":0.0,"max_hp_loss":0.0,"gold_gain":0.0,"event_name":"FaceTrader","player_choice":"Trade","floor":4.0,"gold_loss":0.0,"damage_taken":0.0,"relics_obtained":["FaceOfCleric"]},{"damage_healed":0.0,"max_hp_gain":0.0,"max_hp_loss":0.0,"gold_gain":0.0,"event_name":"Masked Bandits","player_choice":"Fought Bandits","floor":20.0,"gold_loss":0.0,"damage_taken":0.0}],"is_beta":false,"boss_relics":[{"not_picked":["Velvet Choker","Runic Pyramid"],"picked":"Black Star"}],"items_purged_floors":[19],"is_endless":false,"potions_floor_spawned":[3,11,12,13,16,18,21,22],"killed_by":"Gremlin Leader","ascension_level":1}