{"gold_per_floor":[113,127,127,148,148,181,181,181,181,204,225,249,249,272,272,398,398,414,414,434,484,504,504,517,517,517,532,548,548,561,580,580,711,711,724,747,772,297,310,341,341,341,366,391,412,412,437,462,462,462],"floor_reached":50,"playtime":10030,"items_purged":["Strike_B"],"score":546,"play_id":"088d0895-88bf-4189-9679-2297efc57a5c","local_time":"20190205145655","is_ascension_mode":false,"campfire_choices":[{"data":"Storm","floor":7,"key":"SMITH"},{"floor":15,"key":"REST"},{"data":"Loop","floor":23,"key":"SMITH"},{"data":"Zap","floor":25,"key":"SMITH"},{"data":"Thunder Strike","floor":29,"key":"SMITH"},{"floor":32,"key":"REST"},{"floor":41,"key":"REST"},{"floor":46,"key":"REST"},{"floor":49,"key":"REST"}],"neow_cost":"NONE","seed_source_timestamp":137164672404542,"circlet_count":0,"master_deck":["Strike_B","Strike_B","Strike_B+1","Defend_B","Defend_B","Defend_B","Defend_B+1","Zap+1","Dualcast+1","Storm+1","Conserve Battery","Loop+1","Capacitor","Thunder Strike+1","Darkness+1","Auto Shields+1","Echo Form","Self Repair","Heatsinks","Melter","Consume+1","Self Repair","Conserve Battery+1","Force Field+1","Reprogram+1","Leap+1","Barrage+1","Ball Lightning+1","Biased Cognition","Conserve Battery+1","Defragment","Hello World","Apotheosis+1","Conserve Battery+1","Hello World","Auto Shields+1","Auto Shields+1","Seek+1","Force Field+1","Amplify+1","Thunder Strike"],"relics":["Cracked Core","Golden Idol","Omamori","Meat on the Bone","Toxic Egg 2","Orrery","Dream Catcher","Gambling Chip","White Beast Statue","Vajra","War Paint","Anchor"],"potions_floor_usage":[8,20,22,24,24,33,33,37,40,47,47,50],"damage_taken":[{"damage":3,"enemies":"Small Slimes","floor":1,"turns":4},{"damage":2,"enemies":"2 Louse","floor":2,"turns":3},{"damage":1,"enemies":"Jaw Worm","floor":4,"turns":3},{"damage":24,"enemies":"3 Sentries","floor":6,"turns":8},{"damage":0,"enemies":"Lagavulin","floor":8,"turns":1},{"damage":5,"enemies":"Looter","floor":10,"turns":4},{"damage":16,"enemies":"2 Fungi Beasts","floor":11,"turns":4},{"damage":23,"enemies":"Exordium Thugs","floor":12,"turns":4},{"damage":14,"enemies":"Lots of Slimes","floor":14,"turns":4},{"damage":31,"enemies":"The Guardian","floor":16,"turns":10},{"damage":30,"enemies":"Spheric Guardian","floor":18,"turns":4},{"damage":12,"enemies":"Shell Parasite","floor":20,"turns":6},{"damage":37,"enemies":"Snake Plant","floor":22,"turns":4},{"damage":24,"enemies":"Chosen and Byrds","floor":24,"turns":5},{"damage":34,"enemies":"Shelled Parasite and Fungi","floor":27,"turns":5},{"damage":9,"enemies":"Cultist and Chosen","floor":28,"turns":6},{"damage":6,"enemies":"Snecko","floor":30,"turns":4},{"damage":14,"enemies":"Snake Plant","floor":31,"turns":4},{"damage":71,"enemies":"Automaton","floor":33,"turns":7},{"damage":11,"enemies":"Orb Walker","floor":35,"turns":3},{"damage":44,"enemies":"3 Darklings","floor":36,"turns":5},{"damage":34,"enemies":"Writhing Mass","floor":37,"turns":7},{"damage":19,"enemies":"Maw","floor":39,"turns":7},{"damage":33,"enemies":"Giant Head","floor":40,"turns":7},{"damage":28,"enemies":"Transient","floor":44,"turns":5},{"damage":46,"enemies":"Jaw Worm Horde","floor":45,"turns":4},{"damage":15,"enemies":"Writhing Mass","floor":47,"turns":6},{"damage":32,"enemies":"4 Shapes","floor":48,"turns":5},{"damage":74,"enemies":"Donu and Deca","floor":50,"turns":10}],"seed_played":"2523037937139577265","potions_obtained":[{"floor":4,"key":"SmokeBomb"},{"floor":12,"key":"Strength Potion"},{"floor":14,"key":"Ancient Potion"},{"floor":18,"key":"SkillPotion"},{"floor":20,"key":"SteroidPotion"},{"floor":28,"key":"Regen Potion"},{"floor":31,"key":"SteroidPotion"},{"floor":33,"key":"AttackPotion"},{"floor":35,"key":"Ancient Potion"},{"floor":36,"key":"Explosive Potion"},{"floor":37,"key":"Swift Potion"},{"floor":39,"key":"GamblersBrew"},{"floor":40,"key":"SteroidPotion"},{"floor":44,"key":"Poison Potion"},{"floor":45,"key":"Poison Potion"},{"floor":47,"key":"SpeedPotion"},{"floor":48,"key":"AttackPotion"}],"is_trial":false,"path_per_floor":["M","M","?","M","?","E","R","E","T","M","M","M","T","M","R","B",null,"M","?","M","?","M","R","M","R","T","M","M","R","M","M","R","B",null,"M","M","M","$","M","E","R","?","T","M","M","R","M","M","R","B"],"character_chosen":"DEFECT","items_purchased":["Vajra","Hello World","Apotheosis+1"],"campfire_rested":5,"item_purchase_floors":[38,38,38],"current_hp_per_floor":[79,77,76,75,60,36,36,36,36,43,39,28,28,26,48,29,76,60,60,62,62,51,51,46,46,46,38,48,48,56,56,76,31,76,72,54,39,39,46,32,54,54,54,52,25,47,58,52,74,0],"gold":462,"neow_bonus":"TEN_PERCENT_HP_BONUS","is_prod":false,"is_daily":false,"chose_seed":false,"campfire_upgraded":4,"win_rate":0.0,"timestamp":1549400215,"path_taken":["M","M","?","M","?","E","R","E","T","M","M","M","?","M","R","BOSS","M","?","M","?","M","R","?","R","T","M","M","R","M","M","R","BOSS","M","M","?","$","M","E","R","?","T","M","?","R","?","M","R","BOSS"],"build_version":"2019-01-23","purchased_purges":1,"victory":false,"max_hp_per_floor":[82,82,76,76,76,76,76,76,76,76,76,76,76,76,76,76,76,76,76,76,76,76,76,76,76,76,76,76,76,76,76,76,76,76,76,76,76,76,76,76,76,76,76,76,76,76,76,76,76,76],"card_choices":[{"not_picked":["Steam","Skim"],"picked":"Storm","floor":1},{"not_picked":["Consume","Barrage"],"picked":"Conserve Battery","floor":2},{"not_picked":["Steam","Redo"],"picked":"Loop","floor":4},{"not_picked":["Compile Driver","Consume"],"picked":"Capacitor","floor":6},{"not_picked":["Coolheaded","Beam Cell"],"picked":"Thunder Strike","floor":10},{"not_picked":["Streamline","Compile Driver","Rebound"],"picked":"SKIP","floor":11},{"not_picked":["Steam","Compile Driver"],"picked":"Darkness","floor":12},{"not_picked":["Redo+1","Gash"],"picked":"Auto Shields+1","floor":14},{"not_picked":["Seek+1","All For One"],"picked":"Echo Form","floor":16},{"not_picked":["Scrape","Coolheaded+1"],"picked":"Self Repair","floor":17},{"not_picked":["Force Field+1","Genetic Algorithm+1"],"picked":"Heatsinks","floor":17},{"not_picked":["Steam Power+1","Cold Snap"],"picked":"Melter","floor":17},{"not_picked":["Gash","Rip and Tear"],"picked":"Consume+1","floor":17},{"not_picked":["Chill+1","Gash"],"picked":"Self Repair","floor":17},{"not_picked":["Streamline","Go for the Eyes"],"picked":"Conserve Battery+1","floor":18},{"not_picked":["Heatsinks","Biased Cognition"],"picked":"Force Field+1","floor":20},{"not_picked":["Compile Driver","Go for the Eyes+1"],"picked":"Reprogram+1","floor":22},{"not_picked":["Compile Driver","Blizzard"],"picked":"Leap+1","floor":24},{"not_picked":["Gash","Cold Snap"],"picked":"Barrage+1","floor":27},{"not_picked":["Hologram+1","Coolheaded+1","Gash+1"],"picked":"SKIP","floor":28},{"not_picked":["Hologram+1","Coolheaded+1","Gash+1"],"picked":"SKIP","floor":28},{"not_picked":["Stack+1","Barrage"],"picked":"Ball Lightning+1","floor":30},{"not_picked":["Ball Lightning+1","Melter","Doom and Gloom+1"],"picked":"SKIP","floor":31},{"not_picked":["Echo Form","Rainbow+1"],"picked":"Biased Cognition","floor":33},{"not_picked":["Ball Lightning+1","Gash+1","Sweeping Beam"],"picked":"SKIP","floor":35},{"not_picked":["Coolheaded+1","Barrage+1"],"picked":"Conserve Battery+1","floor":36},{"not_picked":["Cold Snap+1","Redo+1"],"picked":"Defragment","floor":37},{"not_picked":["Coolheaded+1","Ball Lightning+1"],"picked":"Conserve Battery+1","floor":39},{"not_picked":["Genetic Algorithm+1","Barrage"],"picked":"Hello World","floor":40},{"not_picked":["FTL","Double Energy+1"],"picked":"Auto Shields+1","floor":41},{"not_picked":["Cold Snap","Go for the Eyes"],"picked":"Auto Shields+1","floor":44},{"not_picked":["Ball Lightning+1","Rebound"],"picked":"Seek+1","floor":45},{"not_picked":["Cold Snap+1","Hologram+1"],"picked":"Force Field+1","floor":46},{"not_picked":["Darkness+1","Ball Lightning+1"],"picked":"Amplify+1","floor":47},{"not_picked":["Gash","Streamline+1","Undo+1"],"picked":"SKIP","floor":48},{"not_picked":["Rebound","Streamline+1"],"picked":"Thunder Strike","floor":49}],"player_experience":44530,"relics_obtained":[{"floor":6,"key":"Omamori"},{"floor":9,"key":"Meat on the Bone"},{"floor":13,"key":"Toxic Egg 2"},{"floor":26,"key":"Gambling Chip"},{"floor":40,"key":"War Paint"},{"floor":43,"key":"Anchor"}],"event_choices":[{"damage_healed":0,"gold_gain":0,"player_choice":"Lose Max HP","damage_taken":0,"relics_obtained":["Golden Idol"],"max_hp_gain":0,"max_hp_loss":6,"event_name":"Golden Idol","floor":3,"gold_loss":0},{"damage_healed":0,"gold_gain":0,"player_choice":"Entered Light","damage_taken":15,"max_hp_gain":0,"max_hp_loss":0,"event_name":"Shining Light","floor":5,"gold_loss":0,"cards_upgraded":["Strike_B","Dualcast"]},{"damage_healed":0,"gold_gain":0,"player_choice":"Opened","damage_taken":0,"relics_obtained":["Dream Catcher"],"max_hp_gain":0,"max_hp_loss":0,"event_name":"The Mausoleum","floor":19,"gold_loss":0,"cards_obtained":["Writhe"]},{"damage_healed":0,"gold_gain":100,"player_choice":"Bet on Murderer","damage_taken":0,"max_hp_gain":0,"max_hp_loss":0,"event_name":"The Joust","floor":21,"gold_loss":50},{"damage_healed":0,"gold_gain":0,"player_choice":"Ignored","damage_taken":0,"max_hp_gain":0,"max_hp_loss":0,"event_name":"NoteForYourself","floor":42,"gold_loss":0}],"is_beta":false,"boss_relics":[{"not_picked":["Runic Dome","Snecko Eye"],"picked":"Orrery"},{"not_picked":["Velvet Choker","Eternal Feather"],"picked":"White Beast Statue"}],"items_purged_floors":[38],"is_endless":false,"potions_floor_spawned":[4,8,12,14,18,20,28,31,33,35,36,37,39,40,44,45,47,48],"killed_by":"Donu and Deca","ascension_level":0}