{"gold_per_floor":[113,123,134,12,12,12,42,42,65,65,65,85,85,85,85,186,186,197,217,292,309,328,357,357,169,169,94,107,117,129,149,149,149],"floor_reached":33,"playtime":1719,"items_purged":["Defend_R","Strike_R"],"score":299,"play_id":"e0a26b5b-a8b1-4d95-baae-f7b6ecb978f2","local_time":"20190417235734","is_ascension_mode":false,"campfire_choices":[{"data":"Heavy Blade","floor":6.0,"key":"SMITH"},{"data":"Pommel Strike","floor":8.0,"key":"SMITH"},{"data":"Shrug It Off","floor":11.0,"key":"SMITH"},{"data":"Bash","floor":13.0,"key":"SMITH"},{"data":"Feed","floor":15.0,"key":"SMITH"},{"floor":24.0,"key":"REST"},{"floor":32.0,"key":"REST"}],"neow_cost":"NONE","seed_source_timestamp":0,"circlet_count":0,"master_deck":["Strike_R","Strike_R","Defend_R","Defend_R","Defend_R","Bash+1","Shrug It Off+1","Pommel Strike+1","Spot Weakness+1","Heavy Blade+1","Feed+1","Shrug It Off","Shrug It Off+1","Purity","Pommel Strike+1"],"special_seed":0,"relics":["Burning Blood"],"potions_floor_usage":[33],"damage_taken":[{"damage":1.0,"enemies":"Cultist","floor":1.0,"turns":3.0},{"damage":3.0,"enemies":"Jaw Worm","floor":2.0,"turns":3.0},{"damage":0.0,"enemies":"Small Slimes","floor":3.0,"turns":3.0},{"damage":28.0,"enemies":"Lagavulin","floor":7.0,"turns":6.0},{"damage":5.0,"enemies":"Looter","floor":12.0,"turns":3.0},{"damage":51.0,"enemies":"Slime Boss","floor":16.0,"turns":11.0},{"damage":1.0,"enemies":"Shell Parasite","floor":18.0,"turns":4.0},{"damage":20.0,"enemies":"3 Byrds","floor":19.0,"turns":5.0},{"damage":7.0,"enemies":"Centurion and Healer","floor":21.0,"turns":6.0},{"damage":15.0,"enemies":"Snecko","floor":22.0,"turns":4.0},{"damage":57.0,"enemies":"Masked Bandits","floor":23.0,"turns":6.0},{"damage":19.0,"enemies":"Snake Plant","floor":28.0,"turns":5.0},{"damage":25.0,"enemies":"Centurion and Healer","floor":29.0,"turns":5.0},{"damage":11.0,"enemies":"3 Cultists","floor":30.0,"turns":5.0},{"damage":12.0,"enemies":"Snake Plant","floor":31.0,"turns":4.0},{"damage":95,"enemies":"Automaton","floor":33,"turns":6}],"seed_played":"818535578698205273","potions_obtained":[{"floor":1.0,"key":"PowerPotion"},{"floor":7.0,"key":"Ancient Potion"},{"floor":18.0,"key":"Fire Potion"},{"floor":22.0,"key":"SteroidPotion"}],"is_trial":false,"path_per_floor":["M","M","M","$","?","R","E","R","T","T","R","M","R","?","R","B",null,"M","M","?","M","M","?","R","$","T","?","M","M","M","M","R","B"],"character_chosen":"IRONCLAD","items_purchased":["Heavy Blade","Purity"],"campfire_rested":2,"item_purchase_floors":[4,25],"current_hp_per_floor":[80,80,80,80,80,80,58,58,58,58,58,62,62,62,62,17,83,87,77,68,71,62,15,44,44,44,44,35,20,19,13,46,0],"gold":149,"neow_bonus":"THREE_CARDS","is_prod":false,"is_daily":false,"chose_seed":false,"campfire_upgraded":5,"win_rate":0,"timestamp":1555563454,"path_taken":["M","M","?","$","?","R","E","R","T","?","R","M","R","?","R","BOSS","M","?","?","?","M","?","R","$","T","?","M","M","M","M","R","BOSS"],"build_version":"2019-01-23","purchased_purges":2,"victory":false,"max_hp_per_floor":[80,80,80,80,80,80,80,80,80,80,80,83,83,83,83,83,83,87,91,91,95,95,99,99,99,99,99,103,107,111,111,111,111],"card_choices":[{"not_picked":["Headbutt","Flex"],"picked":"Shrug It Off","floor":0.0},{"not_picked":["Carnage","Warcry","Bloodletting"],"picked":"SKIP","floor":1.0},{"not_picked":["Heavy Blade","Sever Soul"],"picked":"Pommel Strike","floor":2.0},{"not_picked":["Shrug It Off","Clothesline"],"picked":"Spot Weakness","floor":3.0},{"not_picked":["Body Slam","Searing Blow"],"picked":"Feed","floor":7.0},{"not_picked":["Heavy Blade","Twin Strike","Flex"],"picked":"SKIP","floor":12.0},{"not_picked":["Armaments+1","Havoc"],"picked":"Shrug It Off","floor":18.0},{"not_picked":["Flex","Cleave+1","Sentinel"],"picked":"SKIP","floor":19.0},{"not_picked":["Bloodletting","Havoc","Shrug It Off+1"],"picked":"SKIP","floor":21.0},{"not_picked":["Headbutt","Seeing Red"],"picked":"Shrug It Off+1","floor":22.0},{"not_picked":["Armaments+1","Clash"],"picked":"Pommel Strike+1","floor":28.0},{"not_picked":["Cleave","Clash","Iron Wave"],"picked":"SKIP","floor":29.0},{"not_picked":["Brutality","Clothesline","Blood for Blood+1"],"picked":"SKIP","floor":30.0},{"not_picked":["Ghostly Armor","Dropkick+1","Clothesline"],"picked":"SKIP","floor":31.0}],"player_experience":472197,"relics_obtained":[],"event_choices":[{"cards_removed":["Strike_R"],"damage_healed":0.0,"max_hp_gain":0.0,"max_hp_loss":0.0,"gold_gain":0.0,"event_name":"Living Wall","player_choice":"Forget","floor":5.0,"gold_loss":0.0,"damage_taken":0.0},{"damage_healed":0.0,"max_hp_gain":0.0,"max_hp_loss":0.0,"gold_gain":0.0,"event_name":"Accursed Blacksmith","player_choice":"Forge","floor":14.0,"gold_loss":0.0,"damage_taken":0.0,"cards_upgraded":["Spot Weakness"]},{"damage_healed":0.0,"max_hp_gain":0.0,"max_hp_loss":0.0,"gold_gain":75.0,"event_name":"FaceTrader","player_choice":"Touch","floor":20.0,"gold_loss":0.0,"damage_taken":9.0},{"damage_healed":0.0,"max_hp_gain":0.0,"max_hp_loss":0.0,"gold_gain":0.0,"event_name":"Masked Bandits","player_choice":"Fought Bandits","floor":23.0,"gold_loss":0.0,"damage_taken":0.0},{"cards_removed":["Strike_R"],"damage_healed":0.0,"max_hp_gain":0.0,"max_hp_loss":0.0,"gold_gain":0.0,"event_name":"Beggar","player_choice":"Gave Gold","floor":27.0,"gold_loss":75.0,"damage_taken":0.0}],"is_beta":false,"boss_relics":[{"not_picked":["Sozu","Velvet Choker","Eternal Feather"]}],"items_purged_floors":[4,25],"is_endless":false,"potions_floor_spawned":[1,7,18,22,28],"killed_by":"Automaton","ascension_level":0}