{"gold_per_floor":[109,122,122,122,122,156,156,156,156,176,200,200,241,254,254,377,377,400,400,325,39,39,79,79,122,146,146,146,185,185,209,209,329,329,350,373,373,74,74,109,132,172,172,207,207],"floor_reached":45,"playtime":3734,"items_purged":[],"score":696,"play_id":"5c342d8c-3ef6-45ff-b8fc-8ac4bbe32c5b","local_time":"20190210022133","is_ascension_mode":true,"campfire_choices":[{"floor":8,"key":"REST"},{"floor":12,"key":"REST"},{"floor":15,"key":"REST"},{"floor":24,"key":"REST"},{"data":"Storm","floor":27,"key":"SMITH"},{"floor":30,"key":"REST"},{"floor":32,"key":"RECALL"}],"neow_cost":"NONE","seed_source_timestamp":530180542519253,"circlet_count":0,"master_deck":["Strike_B","Defend_B","Defend_B","Defend_B","Zap","Dualcast","Finesse","Loop","Redo","Loop","Redo","Storm+1","Redo","Core Surge","Thunder Strike","Skim+1","Ghostly","Ghostly","Ghostly","Ghostly","Ghostly","Tempest","Conserve Battery","Seek","Conserve Battery","Capacitor","Conserve Battery","Capacitor","Force Field","Thunder Strike","Capacitor","Defragment","Static Discharge+1","Force Field","Static Discharge","Amplify"],"relics":["Cracked Core","Art of War","Emotion Chip","Golden Idol","Dodecahedron","Cables","Nuclear Battery","PreservedInsect","Anchor","Strawberry","Boot","Dream Catcher","Sozu","Calipers","Mango","Singing Bowl","Omamori","Dead Branch","Lantern"],"potions_floor_usage":[6,16,16,23,44,45],"damage_taken":[{"damage":1,"enemies":"2 Louse","floor":1,"turns":2},{"damage":0,"enemies":"Small Slimes","floor":2,"turns":3},{"damage":45,"enemies":"3 Sentries","floor":6,"turns":8},{"damage":6,"enemies":"Jaw Worm","floor":10,"turns":4},{"damage":11,"enemies":"2 Fungi Beasts","floor":11,"turns":4},{"damage":14,"enemies":"Lagavulin","floor":13,"turns":5},{"damage":8,"enemies":"Looter","floor":14,"turns":3},{"damage":12,"enemies":"Slime Boss","floor":16,"turns":6},{"damage":23,"enemies":"Shell Parasite","floor":18,"turns":5},{"damage":21,"enemies":"Book of Stabbing","floor":23,"turns":6},{"damage":0,"enemies":"Slavers","floor":25,"turns":6},{"damage":3,"enemies":"Book of Stabbing","floor":29,"turns":5},{"damage":1,"enemies":"3 Byrds","floor":31,"turns":4},{"damage":20,"enemies":"Champ","floor":33,"turns":10},{"damage":1,"enemies":"Orb Walker","floor":35,"turns":5},{"damage":0,"enemies":"3 Shapes","floor":36,"turns":5},{"damage":0,"enemies":"Reptomancer","floor":40,"turns":6},{"damage":0,"enemies":"Maw","floor":41,"turns":7},{"damage":13,"enemies":"Giant Head","floor":42,"turns":6},{"damage":35,"enemies":"Reptomancer","floor":44,"turns":5},{"damage":7,"enemies":"Transient","floor":45,"turns":4}],"seed_played":"4986983264128165697","potions_obtained":[{"floor":2,"key":"SkillPotion"},{"floor":10,"key":"SneckoOil"},{"floor":13,"key":"SkillPotion"},{"floor":14,"key":"Ancient Potion"},{"floor":16,"key":"Block Potion"},{"floor":18,"key":"PowerPotion"},{"floor":33,"key":"Ancient Potion"}],"is_trial":false,"path_per_floor":["M","M","?","?","?","E","?","R","T","M","M","R","E","M","R","B",null,"M","?","?","$","?","E","R","E","T","R","?","E","R","M","R","B",null,"M","M","?","$","T","E","M","E","T","E","M"],"character_chosen":"DEFECT","items_purchased":["PreservedInsect","Anchor","Calipers"],"campfire_rested":5,"item_purchase_floors":[21,21,38],"current_hp_per_floor":[74,74,74,74,67,22,22,42,42,36,25,45,31,23,43,31,69,46,34,34,34,34,20,32,32,32,32,32,29,41,40,40,20,41,40,40,40,40,54,54,54,41,41,6,0],"gold":207,"neow_bonus":"RANDOM_COLORLESS","is_prod":false,"is_daily":false,"chose_seed":false,"campfire_upgraded":1,"win_rate":0,"timestamp":1549786893,"path_taken":["M","M","?","?","?","E","?","R","T","M","?","R","E","M","R","BOSS","M","?","?","$","?","E","R","E","T","R","?","E","R","?","R","BOSS","M","?","?","$","?","E","M","E","T","E","?"],"build_version":"2019-01-23","purchased_purges":0,"victory":false,"max_hp_per_floor":[75,75,75,75,75,75,69,69,69,69,69,69,69,69,69,69,69,69,34,34,34,34,41,41,41,41,41,41,41,41,41,41,41,41,41,41,41,41,55,55,55,55,55,55,55],"card_choices":[{"not_picked":["Blizzard","Barrage"],"picked":"Loop","floor":1},{"not_picked":["Consume","Compile Driver"],"picked":"Redo","floor":2},{"not_picked":["Compile Driver","Double Energy"],"picked":"Loop","floor":6},{"not_picked":["Reinforced Body","Compile Driver"],"picked":"Redo","floor":10},{"not_picked":["Barrage","Compile Driver"],"picked":"Storm","floor":11},{"not_picked":["Blizzard","Compile Driver"],"picked":"Redo","floor":13},{"not_picked":["Sweeping Beam","Ball Lightning"],"picked":"Core Surge","floor":14},{"not_picked":["Buffer","Fission"],"picked":"Thunder Strike","floor":16},{"not_picked":["Glacier","Cold Snap"],"picked":"Skim+1","floor":18},{"not_picked":["Sweeping Beam","Aggregate+1"],"picked":"Conserve Battery","floor":23},{"not_picked":["Steam","Go for the Eyes"],"picked":"Seek","floor":25},{"not_picked":["Streamline+1","Sunder"],"picked":"Conserve Battery","floor":29},{"not_picked":["Auto Shields","Steam+1"],"picked":"Capacitor","floor":30},{"not_picked":["BootSequence","Force Field","FTL"],"picked":"SKIP","floor":31},{"not_picked":["BootSequence","FTL"],"picked":"Force Field","floor":31},{"not_picked":["Rainbow","Buffer"],"picked":"Thunder Strike","floor":33},{"not_picked":["Coolheaded","Compile Driver"],"picked":"Capacitor","floor":35},{"not_picked":["Tempest+1","Stack"],"picked":"Defragment","floor":36},{"not_picked":["Glacier+1","Ball Lightning+1"],"picked":"Static Discharge+1","floor":40},{"not_picked":["Doom and Gloom+1","Streamline+1"],"picked":"Force Field","floor":41},{"not_picked":["Rebound+1","Double Energy+1"],"picked":"Static Discharge","floor":42},{"not_picked":["Undo","Go for the Eyes"],"picked":"Amplify","floor":44}],"player_experience":154925,"relics_obtained":[{"floor":6,"key":"Emotion Chip"},{"floor":9,"key":"Dodecahedron"},{"floor":13,"key":"Cables"},{"floor":23,"key":"Strawberry"},{"floor":25,"key":"Boot"},{"floor":29,"key":"Dream Catcher"},{"floor":39,"key":"Mango"},{"floor":40,"key":"Singing Bowl"},{"floor":42,"key":"Omamori"},{"floor":43,"key":"Dead Branch"},{"floor":44,"key":"Lantern"}],"event_choices":[{"damage_healed":0,"gold_gain":0,"player_choice":"Box","damage_taken":0,"relics_obtained":["Art of War"],"max_hp_gain":0,"max_hp_loss":0,"event_name":"Big Fish","floor":3,"gold_loss":0,"cards_obtained":["Regret"]},{"cards_removed":["Regret"],"damage_healed":0,"gold_gain":0,"player_choice":"Forget","damage_taken":0,"max_hp_gain":0,"max_hp_loss":0,"event_name":"Living Wall","floor":4,"gold_loss":0},{"cards_removed":["Strike_B"],"damage_healed":0,"gold_gain":0,"player_choice":"Card Removal","damage_taken":7,"max_hp_gain":0,"max_hp_loss":0,"event_name":"Golden Wing","floor":5,"gold_loss":0},{"damage_healed":0,"gold_gain":0,"player_choice":"Lose Max HP","damage_taken":0,"relics_obtained":["Golden Idol"],"max_hp_gain":0,"max_hp_loss":6,"event_name":"Golden Idol","floor":7,"gold_loss":0},{"damage_healed":0,"gold_gain":0,"player_choice":"Became a Ghost","damage_taken":0,"max_hp_gain":0,"max_hp_loss":35,"event_name":"Ghosts","floor":19,"gold_loss":0,"cards_obtained":["Ghostly","Ghostly","Ghostly","Ghostly","Ghostly"]},{"cards_removed":["Strike_B"],"damage_healed":0,"gold_gain":0,"player_choice":"Gave Gold","damage_taken":0,"max_hp_gain":0,"max_hp_loss":0,"event_name":"Beggar","floor":20,"gold_loss":75},{"damage_healed":0,"gold_gain":0,"player_choice":"Read","damage_taken":0,"max_hp_gain":0,"max_hp_loss":0,"event_name":"The Library","floor":22,"gold_loss":0,"cards_obtained":["Tempest"]},{"damage_healed":0,"gold_gain":0,"cards_transformed":["Strike_B","Defend_B"],"player_choice":"Became Test Subject","damage_taken":0,"max_hp_gain":0,"max_hp_loss":0,"event_name":"Drug Dealer","floor":28,"gold_loss":0,"cards_obtained":["Conserve Battery","Capacitor"]},{"damage_healed":0,"gold_gain":0,"player_choice":"Ignored","damage_taken":0,"max_hp_gain":0,"max_hp_loss":0,"event_name":"SecretPortal","floor":37,"gold_loss":0}],"is_beta":false,"boss_relics":[{"not_picked":["Eternal Feather","Philosopher\u0027s Stone"],"picked":"Nuclear Battery"},{"not_picked":["Snecko Eye","Lizard Tail"],"picked":"Sozu"}],"items_purged_floors":[],"is_endless":false,"potions_floor_spawned":[2,10,13,14,16,18,33,35,36,44],"killed_by":"Transient","ascension_level":1}