{"path_per_floor":["M","M","M","$","M","E","R","M","T","M","R","?","R","M","R","B",null,"M","$","M","M","M","R","E","R","T","R","?","M","?","M","R","B",null,"M","$","M","?","M","R","?","M","T","R","M","R","M","M","R"],"character_chosen":"IRONCLAD","items_purchased":["Blood for Blood","Warcry","Offering"],"gold_per_floor":[119,133,143,29,46,72,72,84,109,124,124,124,124,139,139,243,243,263,114,97,114,134,134,160,160,187,187,187,197,197,210,210,306,306,324,47,60,60,80,80,0,15,87,87,106,106,123,138,138],"floor_reached":50,"campfire_rested":8,"playtime":3996,"current_hp_per_floor":[80,80,80,80,78,50,50,44,44,42,42,62,62,59,59,58,80,79,79,70,51,18,42,46,70,70,80,80,80,80,58,80,68,80,74,74,44,44,29,53,53,16,16,40,31,55,57,17,41],"items_purged":["Defend_R","Strike_R","Strike_R"],"gold":138,"score":470,"play_id":"3dbd55bf-6812-4f1c-8899-71b3041f962d","is_prod":false,"is_daily":false,"is_ascension_mode":false,"campfire_upgraded":4,"path_taken":["M","M","M","$","M","E","R","M","T","?","R","?","R","M","R","BOSS","M","?","M","M","M","R","E","R","T","R","?","M","?","M","R","BOSS","M","$","M","?","M","R","?","M","T","R","?","R","M","M","R","BOSS"],"build_version":"2018-02-22-PROD1","purchased_purges":3,"victory":false,"master_deck":["Strike_R","Strike_R+1","Strike_R+1","Defend_R","Defend_R","Bash+1","Whirlwind+1","Metallicize","Shrug It Off","Blood for Blood","Battle Trance","Whirlwind","Demon Form+1","Wild Strike","Heavy Blade+1","Impervious","Infernal Blade+1","Warcry","Anger","Pummel","Rage","Shrug It Off","Ghostly Armor","Inflame","Armaments","Iron Wave+1","Limit Break","Doubt","Clumsy","Headbutt","Offering","Havoc+1","Sword Boomerang+1","Ghostly Armor+1","Rampage+1","Dual Wield+1","Headbutt","Seeing Red+1","Heavy Blade+1","Twin Strike+1","Thunderclap+1"],"max_hp_per_floor":[80,80,80,80,80,80,80,80,80,80,80,80,80,80,80,80,80,80,80,80,80,80,80,80,80,80,80,80,80,80,80,80,80,80,80,80,80,80,80,80,80,80,80,80,80,80,80,80,80],"relics":["Burning Blood","NeowsBlessing","Omamori","Whetstone","Lizard Tail","Oddly Smooth Stone","Dream Catcher","Pantograph","Calling Bell","Kunai","Lantern","Bronze Scales","Red Mask","Ornamental Fan"],"card_choices":[{"not_picked":["Pummel","Armaments"],"picked":"Whirlwind"},{"not_picked":["Armaments","Heavy Blade"],"picked":"Metallicize"},{"not_picked":["Cleave","Wild Strike"],"picked":"Shrug It Off"},{"not_picked":["Iron Wave","Body Slam"],"picked":"Battle Trance"},{"not_picked":["Entrench","Warcry"],"picked":"Whirlwind"},{"not_picked":["Blood for Blood","Infernal Blade"],"picked":"Demon Form"},{"not_picked":["Perfected Strike","Havoc"],"picked":"Wild Strike"},{"not_picked":["Rampage","Flex"],"picked":"Heavy Blade"},{"not_picked":["Juggernaut","Brutality"],"picked":"Impervious"},{"not_picked":["Dual Wield","Havoc"],"picked":"Infernal Blade"},{"not_picked":["Second Wind","Disarm"],"picked":"Anger"},{"not_picked":["Flex","Rupture"],"picked":"Pummel"},{"not_picked":["Burning Pact","Clothesline"],"picked":"Rage"},{"not_picked":["Rampage","Juggernaut"],"picked":"Shrug It Off"},{"not_picked":["Sentinel","Havoc"],"picked":"Ghostly Armor"},{"not_picked":["Warcry","Entrench"],"picked":"Inflame"},{"not_picked":["Wild Strike","True Grit"],"picked":"Armaments"},{"not_picked":["Clash","Shrug It Off"],"picked":"Iron Wave"},{"not_picked":["Exhume","Demon Form"],"picked":"Limit Break"},{"not_picked":["Havoc","Perfected Strike"],"picked":"Headbutt"},{"not_picked":["Second Wind","Carnage"],"picked":"Havoc"},{"not_picked":["Clash","Metallicize"],"picked":"Sword Boomerang"},{"not_picked":["True Grit","Combust"],"picked":"Ghostly Armor"},{"not_picked":["Havoc","Metallicize"],"picked":"Rampage"},{"not_picked":["True Grit","Warcry"],"picked":"Dual Wield"},{"not_picked":["Iron Wave","Sentinel"],"picked":"Headbutt"},{"not_picked":["Pommel Strike","Anger"],"picked":"Seeing Red"},{"not_picked":["Wild Strike","Bludgeon"],"picked":"Heavy Blade"},{"not_picked":["Clothesline","Sentinel"],"picked":"Twin Strike"},{"not_picked":["Rupture","Body Slam"],"picked":"Thunderclap"}],"player_experience":68948,"potions_floor_usage":[6,16,16,24,24,24,33,39,47,50],"damage_taken":[{"damage":0,"enemies":"Cultist","floor":1,"turns":1},{"damage":0,"enemies":"2 Louse","floor":2,"turns":1},{"damage":0,"enemies":"Small Slimes","floor":3,"turns":1},{"damage":8,"enemies":"Red Slaver","floor":5,"turns":6},{"damage":34,"enemies":"Lagavulin","floor":6,"turns":11},{"damage":12,"enemies":"3 Louse","floor":8,"turns":3},{"damage":8,"enemies":"Large Slime","floor":10,"turns":5},{"damage":9,"enemies":"Blue Slaver","floor":14,"turns":3},{"damage":7,"enemies":"Slime Boss","floor":16,"turns":8},{"damage":7,"enemies":"Chosen","floor":18,"turns":5},{"damage":15,"enemies":"2 Thieves","floor":20,"turns":4},{"damage":25,"enemies":"Centurion and Healer","floor":21,"turns":4},{"damage":39,"enemies":"Snake Plant","floor":22,"turns":5},{"damage":44,"enemies":"Gremlin Leader","floor":24,"turns":7},{"damage":0,"enemies":"Snecko","floor":29,"turns":4},{"damage":28,"enemies":"Centurion and Healer","floor":31,"turns":7},{"damage":30,"enemies":"Champ","floor":33,"turns":8},{"damage":12,"enemies":"Orb Walker","floor":35,"turns":5},{"damage":36,"enemies":"3 Shapes","floor":37,"turns":6},{"damage":21,"enemies":"3 Darklings","floor":39,"turns":4},{"damage":43,"enemies":"4 Shapes","floor":42,"turns":5},{"damage":15,"enemies":"Sphere and 2 Shapes","floor":45,"turns":7},{"damage":4,"enemies":"Maw","floor":47,"turns":4},{"damage":46,"enemies":"3 Darklings","floor":48,"turns":6},{"damage":67,"enemies":"Awakened One","floor":50,"turns":3}],"event_choices":[{"event_name":"Mushrooms","player_choice":"Healed and dodged fight","floor":12,"damage_taken":0},{"event_name":"Back to Basics","player_choice":"Elegance","floor":28,"damage_taken":0},{"event_name":"The Mausoleum","player_choice":"Yes","floor":30,"damage_taken":0},{"event_name":"Mysterious Sphere","player_choice":"Ignore","floor":38,"damage_taken":0},{"event_name":"Tomb of Lord Red Mask","player_choice":"Paid","floor":41,"damage_taken":0}],"boss_relics":[{"not_picked":["White Beast Statue","Ectoplasm"],"picked":"Lizard Tail"},{"not_picked":["Eternal Feather","Runic Pyramid"],"picked":"Calling Bell"}],"potions_floor_spawned":[1,2,8,14,16,18,31,33,35,37,42],"seed_played":"931931564058367817","killed_by":"Awakened One","ascension_level":0,"is_trial":false}