{"path_per_floor":["M","M","$","?","M","R","E","R","T","M","$","?","M","M","R","B",null,"M","M","$","M","$","E","M","R","T","R","M","M","R","?","R"],"character_chosen":"IRONCLAD","items_purchased":["Inflame","Orichalcum"],"gold_per_floor":[214,233,153,328,346,346,372,372,372,387,160,160,179,199,199,294,294,294,294,294,294,194,194,194,194,194,194,194,194,194,194,194],"floor_reached":33,"campfire_rested":3,"playtime":1539,"current_hp_per_floor":[78,80,80,80,80,80,71,71,71,51,51,56,61,59,59,39,85,77,72,72,63,63,22,15,40,40,80,46,22,62,62,62],"items_purged":["Doubt","Strike_R"],"gold":194,"score":269,"play_id":"193f4276-a672-4448-9845-d13475eef170","local_time":"20180314010709","is_prod":false,"is_daily":false,"is_ascension_mode":false,"campfire_upgraded":2,"timestamp":1520960829,"path_taken":["M","M","$","?","M","R","E","R","T","M","$","?","M","M","R","BOSS","M","M","$","M","$","E","M","R","T","R","M","M","R","?","R","BOSS"],"build_version":"2018-03-09","purchased_purges":2,"victory":false,"master_deck":["Strike_R","Strike_R","Strike_R","Defend_R","Defend_R","Defend_R","Defend_R","Bash+1","Headbutt","Inflame","Headbutt","Demon Form+1","Shrug It Off","Headbutt","Heavy Blade","Limit Break","Burning Pact","Armaments+1","Rupture+1","Shrug It Off","Combust"],"max_hp_per_floor":[80,80,80,80,80,80,80,80,80,80,80,85,85,85,85,85,85,85,85,85,85,85,85,85,85,85,85,85,85,85,85,85],"relics":["Burning Blood","Bag of Marbles","Shovel","Orichalcum","Anchor","Ectoplasm","Tiny Chest","Regal Pillow","Singing Bowl"],"card_choices":[{"not_picked":["Corruption","Sword Boomerang"],"picked":"Headbutt"},{"not_picked":["Hemokinesis","Shockwave"],"picked":"Headbutt"},{"not_picked":["Perfected Strike","Armaments"],"picked":"Demon Form"},{"not_picked":["Intimidate","Headbutt"],"picked":"Shrug It Off"},{"not_picked":["Sentinel","Combust"],"picked":"Headbutt"},{"not_picked":["Twin Strike","Thunderclap"],"picked":"Heavy Blade"},{"not_picked":["Berserk","Reaper"],"picked":"Limit Break"},{"not_picked":["Rage","Cleave"],"picked":"Burning Pact"},{"not_picked":["Cleave","Clothesline"],"picked":"Armaments"},{"not_picked":["Perfected Strike","Twin Strike"],"picked":"Rupture"},{"not_picked":["Feed","Armaments"],"picked":"Shrug It Off"},{"not_picked":["Iron Wave","Flex"],"picked":"Combust"}],"player_experience":272747,"potions_floor_usage":[18,23,24,24,24,29],"damage_taken":[{"damage":8,"enemies":"Small Slimes","floor":1,"turns":4},{"damage":1,"enemies":"Jaw Worm","floor":2,"turns":5},{"damage":6,"enemies":"Cultist","floor":5,"turns":3},{"damage":15,"enemies":"Gremlin Nob","floor":7,"turns":4},{"damage":26,"enemies":"Large Slime","floor":10,"turns":5},{"damage":1,"enemies":"2 Fungi Beasts","floor":13,"turns":3},{"damage":8,"enemies":"Looter","floor":14,"turns":3},{"damage":26,"enemies":"Slime Boss","floor":16,"turns":11},{"damage":14,"enemies":"3 Byrds","floor":18,"turns":6},{"damage":11,"enemies":"Shell Parasite","floor":19,"turns":4},{"damage":15,"enemies":"Snake Plant","floor":21,"turns":4},{"damage":47,"enemies":"Gremlin Leader","floor":23,"turns":6},{"damage":13,"enemies":"Sentry and Sphere","floor":24,"turns":5},{"damage":40,"enemies":"Chosen and Byrds","floor":28,"turns":7},{"damage":30,"enemies":"Centurion and Healer","floor":29,"turns":6},{"damage":62,"enemies":"Collector","floor":33,"turns":6}],"event_choices":[{"event_name":"Liars Game","player_choice":"agreed","floor":4,"damage_taken":0},{"event_name":"Big Fish","player_choice":"Donut","floor":12,"damage_taken":0},{"event_name":"Purifier","player_choice":"One Purge","floor":31,"damage_taken":0}],"boss_relics":[{"not_picked":["Lizard Tail","Calling Bell"],"picked":"Ectoplasm"}],"potions_floor_spawned":[5,7,16,19,21,23,24],"seed_played":"3647447153445145912","killed_by":"Collector","ascension_level":0,"is_trial":false}