{"path_per_floor":["M","?","$","?","$","R","M","M","T","M","R","M","?","M","R","B",null,"M","?","?","$","?","R","M","M","T","R","M","$","?","M","R"],"character_chosen":"IRONCLAD","items_purchased":["Armaments","Seeing Red","Infernal Blade","Twin Strike","Rage"],"gold_per_floor":[115,115,13,88,54,54,67,86,86,106,106,121,121,141,141,237,237,253,178,93,70,70,70,89,107,107,107,124,86,86,96,96],"floor_reached":33,"campfire_rested":0,"playtime":3348,"current_hp_per_floor":[80,85,85,74,74,74,85,85,85,77,77,78,71,69,69,22,85,56,56,56,56,56,64,62,68,68,76,68,68,68,61,71],"items_purged":[],"gold":96,"score":262,"play_id":"bd11bf1d-ea37-459e-99be-6f81829199d5","is_prod":false,"is_daily":false,"is_ascension_mode":false,"campfire_upgraded":6,"path_taken":["M","?","$","?","?","R","M","M","T","M","R","M","?","M","R","BOSS","M","?","?","$","?","R","M","M","T","R","M","$","?","M","R","BOSS"],"build_version":"2018-02-15-PROD1","purchased_purges":0,"victory":false,"master_deck":["Strike_R","Strike_R","Strike_R","Defend_R","Defend_R","Defend_R","Defend_R","Bash","Fiend Fire+1","Armaments+1","Seeing Red+1","Infernal Blade+1","Dual Wield+1","Headbutt","Shrug It Off+1","Inflame","Intimidate","Feed","Headbutt+1","Twin Strike","Battle Trance+1","Iron Wave+1","Infernal Blade","Rage+1","Infernal Blade"],"max_hp_per_floor":[80,85,85,85,85,85,85,85,85,85,85,85,85,85,85,85,85,89,89,89,89,89,89,89,92,92,92,92,92,92,95,95],"relics":["Burning Blood","Juzu Bracelet","Sundial","Eternal Feather","Ginger","Ancient Tea Set"],"card_choices":[{"not_picked":["Combust","Perfected Strike"],"picked":"Fiend Fire"},{"not_picked":["Sever Soul","Iron Wave"],"picked":"Dual Wield"},{"not_picked":["Warcry","Pommel Strike"],"picked":"Headbutt"},{"not_picked":["Clash","Iron Wave"],"picked":"Shrug It Off"},{"not_picked":["Iron Wave","Flex"],"picked":"Inflame"},{"not_picked":["Hemokinesis","Cleave"],"picked":"Intimidate"},{"not_picked":["Impervious","Double Tap"],"picked":"Feed"},{"not_picked":["Armaments","Hemokinesis"],"picked":"Headbutt"},{"not_picked":["Warcry","Clothesline"],"picked":"Battle Trance"},{"not_picked":["Shrug It Off","Seeing Red"],"picked":"Iron Wave"},{"not_picked":["Dropkick","Disarm"],"picked":"Infernal Blade"},{"not_picked":["Clothesline","Twin Strike"],"picked":"Infernal Blade"}],"player_experience":4198,"potions_floor_usage":[24,28,28,31,33,33],"damage_taken":[{"damage":0,"enemies":"2 Louse","floor":1,"turns":3},{"damage":0,"enemies":"Small Slimes","floor":7,"turns":3},{"damage":6,"enemies":"Jaw Worm","floor":8,"turns":2},{"damage":14,"enemies":"3 Louse","floor":10,"turns":3},{"damage":5,"enemies":"Large Slime","floor":12,"turns":6},{"damage":8,"enemies":"Lots of Slimes","floor":14,"turns":5},{"damage":53,"enemies":"Hexaghost","floor":16,"turns":12},{"damage":39,"enemies":"Shell Parasite","floor":18,"turns":9},{"damage":8,"enemies":"Chosen","floor":24,"turns":4},{"damage":3,"enemies":"Centurion and Healer","floor":25,"turns":5},{"damage":26,"enemies":"Sentry and Sphere","floor":28,"turns":14},{"damage":16,"enemies":"Snake Plant","floor":31,"turns":4},{"damage":92,"enemies":"Automaton","floor":33,"turns":8}],"event_choices":[{"event_name":"Big Fish","player_choice":"Donut","floor":2,"damage_taken":0},{"event_name":"World of Goop","player_choice":"Gather Gold","floor":4,"damage_taken":0},{"event_name":"Scrap Ooze","player_choice":"success","floor":13,"damage_taken":7},{"event_name":"Beggar","player_choice":"Gave Gold","floor":19,"damage_taken":0},{"event_name":"Addict","player_choice":"Obtained Relic","floor":20,"damage_taken":0},{"event_name":"Accursed Blacksmith","player_choice":"Forge","floor":22,"damage_taken":0},{"event_name":"N\u0027loth","player_choice":"Ignored","floor":30,"damage_taken":0}],"boss_relics":[{"not_picked":["Philosopher\u0027s Stone","Snecko Eye"],"picked":"Eternal Feather"}],"potions_floor_spawned":[1,16,18,25,28,31],"seed_played":"490433504796864054","killed_by":"Automaton","ascension_level":0,"is_trial":false}