{"gold_per_floor":[114,133,143,159,169,169,197,197,197,217,142,142,142,142,142,242,242,256,231,58,58,72,72,72],"floor_reached":24,"playtime":1220,"items_purged":["Strike_R"],"score":198,"play_id":"7c5de3dc-4b39-4c89-b008-124e186e6828","local_time":"20190227222446","is_ascension_mode":false,"campfire_choices":[{"data":"Armaments","floor":6,"key":"SMITH"},{"data":"Pommel Strike","floor":8,"key":"SMITH"},{"data":"Demon Form","floor":12,"key":"SMITH"},{"data":"Bash","floor":13,"key":"SMITH"},{"data":"Rage","floor":15,"key":"SMITH"},{"data":"Flex","floor":23,"key":"SMITH"}],"neow_cost":"NONE","seed_source_timestamp":372865832268809,"circlet_count":0,"master_deck":["Defend_R","Defend_R","Defend_R","Defend_R","Bash+1","Headbutt","Pommel Strike+1","Rage+1","Armaments+1","Intimidate","Demon Form+1","Impervious","Twin Strike+1","Limit Break+1","Ghostly Armor+1","Flex+1","Master of Strategy","Impervious"],"relics":["Burning Blood","WingedGreaves","Omamori","Astrolabe"],"potions_floor_usage":[7,22],"damage_taken":[{"damage":3,"enemies":"Small Slimes","floor":1,"turns":3},{"damage":0,"enemies":"2 Louse","floor":2,"turns":3},{"damage":1,"enemies":"Jaw Worm","floor":3,"turns":3},{"damage":7,"enemies":"Large Slime","floor":4,"turns":6},{"damage":11,"enemies":"Red Slaver","floor":5,"turns":3},{"damage":24,"enemies":"Gremlin Nob","floor":7,"turns":4},{"damage":6,"enemies":"Gremlin Gang","floor":10,"turns":5},{"damage":51,"enemies":"Hexaghost","floor":16,"turns":9},{"damage":10,"enemies":"Chosen","floor":18,"turns":5},{"damage":28,"enemies":"2 Thieves","floor":19,"turns":5},{"damage":8,"enemies":"Centurion and Healer","floor":22,"turns":8},{"damage":66,"enemies":"Masked Bandits","floor":24,"turns":8}],"seed_played":"5907403616622429895","potions_obtained":[{"floor":2,"key":"Block Potion"},{"floor":5,"key":"Regen Potion"},{"floor":16,"key":"Weak Potion"},{"floor":19,"key":"Ancient Potion"}],"is_trial":false,"path_per_floor":["M","M","M","M","M","R","E","R","T","M","$","R","R","?","R","B",null,"M","M","$","?","M","R","?"],"character_chosen":"IRONCLAD","items_purchased":["Master of Strategy"],"campfire_rested":0,"item_purchase_floors":[20],"current_hp_per_floor":[88,88,88,87,82,82,73,73,73,73,73,73,73,78,78,33,93,89,67,67,67,65,65,0],"gold":72,"neow_bonus":"TEN_PERCENT_HP_BONUS","is_prod":false,"is_daily":false,"chose_seed":false,"campfire_upgraded":6,"win_rate":0,"timestamp":1551277486,"path_taken":["M","M","M","M","M","R","E","R","T","M","$","R","R","?","R","BOSS","M","M","$","?","M","R","?"],"build_version":"2019-01-23","purchased_purges":1,"victory":false,"max_hp_per_floor":[88,88,88,88,88,88,88,88,88,88,88,88,88,93,93,93,93,93,93,93,93,93,93,93],"card_choices":[{"not_picked":["Clothesline","Armaments"],"picked":"Headbutt","floor":1},{"not_picked":["Sword Boomerang","Clash"],"picked":"Pommel Strike","floor":2},{"not_picked":["Rupture","Havoc"],"picked":"Rage","floor":3},{"not_picked":["Iron Wave","Wild Strike"],"picked":"Armaments","floor":4},{"not_picked":["Corruption","Anger"],"picked":"Intimidate","floor":5},{"not_picked":["Thunderclap","Shockwave","Warcry"],"picked":"SKIP","floor":7},{"not_picked":["Sword Boomerang","Intimidate"],"picked":"Demon Form","floor":10},{"not_picked":["Barricade","Juggernaut"],"picked":"Impervious","floor":16},{"not_picked":["Heavy Blade","Cleave"],"picked":"Flex","floor":18},{"not_picked":["Carnage+1","Anger","Warcry"],"picked":"SKIP","floor":19},{"not_picked":["Second Wind+1","Armaments"],"picked":"Impervious","floor":22}],"player_experience":711153,"relics_obtained":[{"floor":7,"key":"WingedGreaves"},{"floor":9,"key":"Omamori"}],"event_choices":[{"damage_healed":0,"gold_gain":0,"player_choice":"Donut","damage_taken":0,"max_hp_gain":5,"max_hp_loss":0,"event_name":"Big Fish","floor":14,"gold_loss":0},{"cards_removed":["Strike_R"],"damage_healed":0,"gold_gain":0,"player_choice":"Elegance","damage_taken":0,"max_hp_gain":0,"max_hp_loss":0,"event_name":"Back to Basics","floor":21,"gold_loss":0},{"damage_healed":0,"gold_gain":0,"player_choice":"Fought Bandits","damage_taken":0,"max_hp_gain":0,"max_hp_loss":0,"event_name":"Masked Bandits","floor":24,"gold_loss":0}],"is_beta":false,"boss_relics":[{"not_picked":["Lizard Tail","Black Star"],"picked":"Astrolabe"}],"items_purged_floors":[11],"is_endless":false,"potions_floor_spawned":[2,5,16,19],"killed_by":"Masked Bandits","ascension_level":0}