{"gold_per_floor":[111,128,138,65,65,65,79,97,97,124,49,83,83,108,108,206,206,216,141,141,156,156,188,188,207,283,310,310,310,325,340,340,437,437,450,330,0,0,14,39,39,39],"floor_reached":42,"playtime":6336,"items_purged":["Strike_R","Shame"],"score":509,"play_id":"2285c612-8f08-4c33-a800-f6feb65035e6","local_time":"20190205003849","is_ascension_mode":false,"campfire_choices":[{"data":"Pommel Strike","floor":6,"key":"SMITH"},{"data":"Barricade","floor":13,"key":"SMITH"},{"floor":15,"key":"REST"},{"floor":24,"key":"REST"},{"floor":28,"key":"REST"},{"floor":32,"key":"REST"},{"floor":41,"key":"REST"}],"neow_cost":"NONE","seed_source_timestamp":89385966477348,"circlet_count":0,"master_deck":["Strike_R","Strike_R","Strike_R","Defend_R+1","Defend_R","Defend_R","Defend_R","Bash","Pommel Strike+1","Rampage","Shrug It Off+1","Pommel Strike","Pommel Strike","Body Slam","Shrug It Off+1","Reaper","Fire Breathing+1","Anger","Shrug It Off+1","Cleave","Finesse+1","Deep Breath+1","Rampage+1","Injury","Clumsy","True Grit+1","Inflame","Strike_R","Evolve+1","Flex+1"],"relics":["Burning Blood","PreservedInsect","Blood Vial","Kunai","Toxic Egg 2","Philosopher\u0027s Stone","War Paint","Bottled Lightning","Centennial Puzzle","Calling Bell","Du-Vu Doll","Ornamental Fan","Smiling Mask","Red Mask","Juzu Bracelet"],"potions_floor_usage":[10,16,25,33,33,33,40,40],"damage_taken":[{"damage":5,"enemies":"Cultist","floor":1,"turns":4},{"damage":5,"enemies":"Small Slimes","floor":2,"turns":3},{"damage":14,"enemies":"2 Louse","floor":3,"turns":2},{"damage":8,"enemies":"2 Fungi Beasts","floor":7,"turns":4},{"damage":24,"enemies":"Gremlin Gang","floor":8,"turns":6},{"damage":19,"enemies":"Lagavulin","floor":10,"turns":5},{"damage":6,"enemies":"Gremlin Nob","floor":12,"turns":3},{"damage":21,"enemies":"Lagavulin","floor":14,"turns":7},{"damage":48,"enemies":"Slime Boss","floor":16,"turns":18},{"damage":18,"enemies":"Spheric Guardian","floor":18,"turns":5},{"damage":37,"enemies":"3 Byrds","floor":21,"turns":5},{"damage":72,"enemies":"Gremlin Leader","floor":23,"turns":6},{"damage":17,"enemies":"Cultist and Chosen","floor":25,"turns":6},{"damage":45,"enemies":"Slavers","floor":27,"turns":4},{"damage":21,"enemies":"Snecko","floor":30,"turns":5},{"damage":13,"enemies":"Centurion and Healer","floor":31,"turns":6},{"damage":81,"enemies":"Champ","floor":33,"turns":13},{"damage":0,"enemies":"Orb Walker","floor":35,"turns":3},{"damage":19,"enemies":"3 Shapes","floor":39,"turns":4},{"damage":93,"enemies":"Nemesis","floor":40,"turns":7},{"damage":58,"enemies":"Writhing Mass","floor":42,"turns":8}],"seed_played":"4258235419941137730","potions_obtained":[{"floor":2,"key":"Dexterity Potion"},{"floor":8,"key":"EssenceOfSteel"},{"floor":14,"key":"Explosive Potion"},{"floor":16,"key":"BloodPotion"},{"floor":21,"key":"Block Potion"},{"floor":31,"key":"BloodPotion"},{"floor":33,"key":"Strength Potion"},{"floor":39,"key":"BloodPotion"}],"is_trial":false,"path_per_floor":["M","M","M","$","?","R","M","M","T","E","$","E","R","E","R","B",null,"M","?","?","M","?","E","R","M","T","E","R","?","M","M","R","B",null,"M","$","?","?","M","E","R","M"],"character_chosen":"IRONCLAD","items_purchased":["Shrug It Off","Pommel Strike","Inflame"],"campfire_rested":5,"item_purchase_floors":[4,4,36],"current_hp_per_floor":[88,88,80,80,80,80,78,60,60,47,47,49,49,36,62,22,88,80,80,74,49,98,41,70,69,69,44,73,46,33,32,61,10,98,98,98,98,98,85,19,48,0],"gold":39,"neow_bonus":"TEN_PERCENT_HP_BONUS","is_prod":false,"is_daily":false,"chose_seed":false,"campfire_upgraded":2,"win_rate":0.0,"timestamp":1549348729,"path_taken":["M","M","M","$","?","R","M","M","T","E","$","E","R","E","R","BOSS","M","?","?","M","?","E","R","?","T","E","R","?","M","M","R","BOSS","M","?","?","?","?","E","R","M"],"build_version":"2019-01-23","purchased_purges":2,"victory":false,"max_hp_per_floor":[88,88,88,88,88,88,88,88,88,88,88,88,88,88,88,88,88,88,88,88,88,98,98,98,98,98,98,98,98,98,98,98,98,98,98,98,98,98,98,98,98,98],"card_choices":[{"not_picked":["Headbutt","Flex"],"picked":"Pommel Strike","floor":1},{"not_picked":["Sword Boomerang","Pummel"],"picked":"Rampage","floor":2},{"not_picked":["Feel No Pain","Rage","Thunderclap"],"picked":"SKIP","floor":3},{"not_picked":["Searing Blow","Sever Soul"],"picked":"Pommel Strike","floor":7},{"not_picked":["Rage","Wild Strike","Armaments"],"picked":"SKIP","floor":8},{"not_picked":["Burning Pact","Warcry"],"picked":"Barricade","floor":10},{"not_picked":["Rupture","Hemokinesis"],"picked":"Body Slam","floor":12},{"not_picked":["Whirlwind","Wild Strike"],"picked":"Shrug It Off","floor":14},{"not_picked":["Brutality","Feed"],"picked":"Reaper","floor":16},{"not_picked":["Hemokinesis","Twin Strike"],"picked":"Fire Breathing+1","floor":18},{"not_picked":["Burning Pact+1","Thunderclap"],"picked":"Anger","floor":21},{"not_picked":["Disarm+1","Second Wind+1","Clothesline"],"picked":"SKIP","floor":23},{"not_picked":["Evolve","Wild Strike"],"picked":"Shrug It Off+1","floor":25},{"not_picked":["Metallicize","Pummel"],"picked":"Cleave","floor":27},{"not_picked":["Headbutt+1","Wild Strike","Immolate"],"picked":"SKIP","floor":30},{"not_picked":["Spot Weakness+1","Clothesline"],"picked":"Rampage+1","floor":31},{"not_picked":["Whirlwind+1","Thunderclap"],"picked":"True Grit+1","floor":35},{"not_picked":["Wild Strike","Sword Boomerang+1"],"picked":"Evolve+1","floor":39},{"not_picked":["Searing Blow+1","Shrug It Off+1"],"picked":"Flex+1","floor":40}],"player_experience":32169,"relics_obtained":[{"floor":9,"key":"PreservedInsect"},{"floor":10,"key":"Blood Vial"},{"floor":12,"key":"Kunai"},{"floor":14,"key":"Toxic Egg 2"},{"floor":23,"key":"War Paint"},{"floor":26,"key":"Bottled Lightning"},{"floor":27,"key":"Centennial Puzzle"},{"floor":34,"key":"Du-Vu Doll"},{"floor":34,"key":"Ornamental Fan"},{"floor":34,"key":"Smiling Mask"},{"floor":40,"key":"Juzu Bracelet"}],"event_choices":[{"damage_healed":0,"gold_gain":0,"player_choice":"Ignored","damage_taken":0,"max_hp_gain":0,"max_hp_loss":0,"event_name":"Liars Game","floor":5,"gold_loss":0},{"cards_removed":["Strike_R"],"damage_healed":0,"gold_gain":0,"player_choice":"Gave Gold","damage_taken":0,"max_hp_gain":0,"max_hp_loss":0,"event_name":"Beggar","floor":19,"gold_loss":75},{"damage_healed":0,"gold_gain":0,"player_choice":"Joined the Cult","damage_taken":6,"max_hp_gain":0,"max_hp_loss":0,"event_name":"Nest","floor":20,"gold_loss":0,"cards_obtained":["RitualDagger"]},{"cards_removed":["Barricade"],"damage_healed":39,"gold_gain":0,"player_choice":"Offered Rare","damage_taken":0,"max_hp_gain":10,"max_hp_loss":0,"event_name":"Bonfire Elementals","floor":22,"gold_loss":0},{"damage_healed":0,"gold_gain":0,"player_choice":"CARD CARD ","damage_taken":27,"max_hp_gain":0,"max_hp_loss":0,"event_name":"Knowing Skull","floor":29,"potions_obtained":[],"gold_loss":0,"cards_obtained":["Finesse","Deep Breath"]},{"damage_healed":0,"gold_gain":0,"player_choice":"Paid","damage_taken":0,"relics_obtained":["Red Mask"],"max_hp_gain":0,"max_hp_loss":0,"event_name":"Tomb of Lord Red Mask","floor":37,"gold_loss":330},{"cards_removed":["RitualDagger"],"damage_healed":0,"gold_gain":0,"player_choice":"Took Card","damage_taken":0,"max_hp_gain":0,"max_hp_loss":0,"event_name":"NoteForYourself","floor":38,"gold_loss":0,"cards_obtained":["Strike_R"]}],"is_beta":false,"boss_relics":[{"not_picked":["Astrolabe","Ectoplasm"],"picked":"Philosopher\u0027s Stone"},{"not_picked":["Fusion Hammer","Orrery"],"picked":"Calling Bell"}],"items_purged_floors":[11,36],"is_endless":false,"potions_floor_spawned":[2,8,14,16,21,31,33,39],"killed_by":"Writhing Mass","ascension_level":0}