{"gold_per_floor":[112,123,139,154,170,170,188,203,274,299,312,312,312,344,344,449,449,449,449,31,0,0,0,0,0],"floor_reached":25,"playtime":1161,"items_purged":["Strike_R"],"score":271,"play_id":"23b6b428-dcbf-4661-b9de-9bad609af1a9","local_time":"20190112103830","is_ascension_mode":true,"campfire_choices":[{"data":"Metallicize","floor":6,"key":"SMITH"},{"data":"Perfected Strike","floor":13,"key":"SMITH"},{"data":"Pommel Strike","floor":15,"key":"SMITH"},{"data":"Pummel","floor":23,"key":"SMITH"}],"neow_cost":"NONE","seed_source_timestamp":152456987666700,"circlet_count":0,"master_deck":["Strike_R","Strike_R","Strike_R","Strike_R","Defend_R","Defend_R","Defend_R","Defend_R","Bash","Shrug It Off","Seeing Red","Battle Trance","Iron Wave","Metallicize+1","Perfected Strike+1","Pommel Strike","Cleave","Pommel Strike+1","Spot Weakness+1","Demon Form+1","Perfected Strike","Pummel+1","Armaments+1","Shrug It Off+1","Dual Wield+1"],"relics":["Burning Blood","Letter Opener","Regal Pillow","Toxic Egg 2","Ectoplasm","Molten Egg 2"],"potions_floor_usage":[0,7,25],"damage_taken":[{"damage":13,"enemies":"Cultist","floor":1,"turns":6},{"damage":0,"enemies":"2 Louse","floor":2,"turns":3},{"damage":9,"enemies":"Jaw Worm","floor":3,"turns":4},{"damage":18,"enemies":"Exordium Thugs","floor":4,"turns":5},{"damage":4,"enemies":"Exordium Wildlife","floor":5,"turns":4},{"damage":3,"enemies":"3 Louse","floor":7,"turns":5},{"damage":14,"enemies":"Exordium Thugs","floor":8,"turns":5},{"damage":17,"enemies":"3 Sentries","floor":10,"turns":10},{"damage":10,"enemies":"Large Slime","floor":11,"turns":8},{"damage":20,"enemies":"Gremlin Nob","floor":14,"turns":4},{"damage":35,"enemies":"Hexaghost","floor":16,"turns":9},{"damage":17,"enemies":"3 Byrds","floor":18,"turns":5},{"damage":20,"enemies":"2 Thieves","floor":21,"turns":3},{"damage":5,"enemies":"3 Cultists","floor":22,"turns":4},{"damage":49,"enemies":"Book of Stabbing","floor":25,"turns":4}],"seed_played":"8025691126269748052","potions_obtained":[{"floor":0,"key":"Regen Potion"},{"floor":0,"key":"SpeedPotion"},{"floor":0,"key":"Fruit Juice"},{"floor":1,"key":"Strength Potion"},{"floor":5,"key":"Dexterity Potion"},{"floor":10,"key":"SkillPotion"},{"floor":11,"key":"PowerPotion"},{"floor":22,"key":"Regen Potion"}],"is_trial":false,"path_per_floor":["M","M","M","M","M","R","M","M","T","E","M","?","R","E","R","B",null,"M","?","$","M","M","R","?","E"],"character_chosen":"IRONCLAD","items_purchased":["Pummel","Armaments+1","Molten Egg 2"],"campfire_rested":0,"item_purchase_floors":[20,20,20],"current_hp_per_floor":[78,84,81,69,71,71,85,77,77,66,62,62,62,48,48,19,69,58,58,58,44,45,45,45,0],"gold":0,"neow_bonus":"THREE_SMALL_POTIONS","is_prod":false,"is_daily":false,"chose_seed":false,"campfire_upgraded":4,"win_rate":0,"timestamp":1547285910,"path_taken":["M","M","?","M","M","R","M","M","T","E","?","?","R","E","R","BOSS","M","?","$","M","?","R","?","E"],"build_version":"2019-01-10","purchased_purges":1,"victory":false,"max_hp_per_floor":[85,85,85,85,85,85,85,85,85,85,85,85,85,85,85,85,85,85,85,85,85,85,85,85,85],"card_choices":[{"not_picked":["Body Slam","Fire Breathing"],"picked":"Shrug It Off","floor":1},{"not_picked":["Ghostly Armor","Fire Breathing"],"picked":"Seeing Red","floor":2},{"not_picked":["Twin Strike","Searing Blow"],"picked":"Battle Trance","floor":3},{"not_picked":["Feel No Pain","Battle Trance"],"picked":"Iron Wave","floor":4},{"not_picked":["Thunderclap","Anger"],"picked":"Metallicize","floor":5},{"not_picked":["Twin Strike","Heavy Blade"],"picked":"Perfected Strike","floor":7},{"not_picked":["Armaments","Warcry"],"picked":"Pommel Strike","floor":8},{"not_picked":["Headbutt","Perfected Strike"],"picked":"Cleave","floor":10},{"not_picked":["Bloodletting","Body Slam"],"picked":"Pommel Strike","floor":11},{"not_picked":["Carnage","Sever Soul"],"picked":"Spot Weakness","floor":14},{"not_picked":["Limit Break+1","Fiend Fire"],"picked":"Demon Form","floor":16},{"not_picked":["Clash","Carnage"],"picked":"Perfected Strike","floor":18},{"not_picked":["Thunderclap+1","Corruption"],"picked":"Shrug It Off+1","floor":21},{"not_picked":["Flex+1","Thunderclap+1"],"picked":"Dual Wield+1","floor":22}],"player_experience":368974,"relics_obtained":[{"floor":9,"key":"Letter Opener"},{"floor":10,"key":"Regal Pillow"},{"floor":14,"key":"Toxic Egg 2"}],"event_choices":[{"damage_healed":0,"gold_gain":0,"player_choice":"Ignored","damage_taken":0,"max_hp_gain":0,"max_hp_loss":0,"event_name":"Liars Game","floor":12,"gold_loss":0},{"damage_healed":0,"gold_gain":0,"player_choice":"Upgraded","damage_taken":0,"max_hp_gain":0,"max_hp_loss":0,"event_name":"Upgrade Shrine","floor":19,"gold_loss":0,"cards_upgraded":["Demon Form"]},{"damage_healed":0,"gold_gain":100,"player_choice":"Pray","damage_taken":0,"max_hp_gain":0,"max_hp_loss":0,"event_name":"Golden Shrine","floor":24,"gold_loss":0}],"is_beta":false,"boss_relics":[{"not_picked":["Coffee Dripper","Pandora\u0027s Box"],"picked":"Ectoplasm"}],"items_purged_floors":[20],"is_endless":false,"potions_floor_spawned":[1,5,10,11,21,22],"killed_by":"Book of Stabbing","ascension_level":5}