{"gold_per_floor":[113,128,128,144,144,144,45,45,69,89,89,102,2,13,13,108,108,118,218,238,238,258,258,60,60,87,87,97,125,136,200,200,295,295,313,363,63,29,43,68,68,83,156,156,156,189,239,289,289,289],"floor_reached":51,"playtime":865,"items_purged":["Defend_R","Defend_R","Defend_R","Strike_R"],"score":765,"play_id":"26775443-5f68-4326-a777-4d763732fa6f","local_time":"20190420034054","is_ascension_mode":false,"campfire_choices":[{"data":"Flex","floor":6.0,"key":"SMITH"},{"data":"Bash","floor":8.0,"key":"SMITH"},{"data":"Inflame","floor":11.0,"key":"SMITH"},{"data":"Clash","floor":15.0,"key":"SMITH"},{"data":"Immolate","floor":23.0,"key":"SMITH"},{"data":"Clash","floor":25.0,"key":"SMITH"},{"data":"Twin Strike","floor":27.0,"key":"SMITH"},{"data":"Inflame","floor":32.0,"key":"SMITH"},{"data":"Immolate","floor":41.0,"key":"SMITH"},{"data":"Battle Trance","floor":45.0,"key":"SMITH"},{"floor":49.0,"key":"REST"}],"neow_cost":"NONE","seed_source_timestamp":7729536387459,"circlet_count":0,"master_deck":["Strike_R","Bash+1","Clash+1","Flex+1","Clash+1","Inflame+1","Immolate+1","Twin Strike","Twin Strike+1","Battle Trance+1","Inflame+1","Infernal Blade+1","Immolate+1","Iron Wave+1","Iron Wave+1"],"special_seed":0,"relics":["Burning Blood","NeowsBlessing","Strawberry","Sozu","Dead Branch","Self Forming Clay","SsserpentHead","Art of War","Charon\u0027s Ashes","Astrolabe","PreservedInsect","Du-Vu Doll","Singing Bowl","Bottled Flame","Juzu Bracelet"],"potions_floor_usage":[],"damage_taken":[{"damage":0.0,"enemies":"Jaw Worm","floor":1.0,"turns":1.0},{"damage":0.0,"enemies":"2 Louse","floor":2.0,"turns":1.0},{"damage":0.0,"enemies":"Small Slimes","floor":4.0,"turns":1.0},{"damage":5.0,"enemies":"Exordium Thugs","floor":10.0,"turns":3.0},{"damage":7.0,"enemies":"Blue Slaver","floor":12.0,"turns":2.0},{"damage":4.0,"enemies":"Gremlin Gang","floor":14.0,"turns":3.0},{"damage":50.0,"enemies":"The Guardian","floor":16.0,"turns":7.0},{"damage":5.0,"enemies":"Chosen","floor":18.0,"turns":3.0},{"damage":32.0,"enemies":"Colosseum Slavers","floor":19.0,"turns":3.0},{"damage":9.0,"enemies":"Colosseum Nobs","floor":19.0,"turns":3.0},{"damage":5.0,"enemies":"3 Byrds","floor":20.0,"turns":4.0},{"damage":0.0,"enemies":"Snake Plant","floor":22.0,"turns":2.0},{"damage":15.0,"enemies":"Shelled Parasite and Fungi","floor":28.0,"turns":2.0},{"damage":19.0,"enemies":"Book of Stabbing","floor":29.0,"turns":3.0},{"damage":10.0,"enemies":"Cultist and Chosen","floor":30.0,"turns":4.0},{"damage":0.0,"enemies":"3 Cultists","floor":31.0,"turns":2.0},{"damage":46.0,"enemies":"Champ","floor":33.0,"turns":5.0},{"damage":15.0,"enemies":"Orb Walker","floor":35.0,"turns":3.0},{"damage":0.0,"enemies":"3 Darklings","floor":39.0,"turns":2.0},{"damage":23.0,"enemies":"Reptomancer","floor":40.0,"turns":3.0},{"damage":9.0,"enemies":"Sphere and 2 Shapes","floor":42.0,"turns":2.0},{"damage":0.0,"enemies":"Giant Head","floor":46.0,"turns":4.0},{"damage":63,"enemies":"Donu and Deca","floor":50,"turns":7}],"seed_played":"8066831765341143965","potions_obtained":[{"floor":4.0,"key":"Energy Potion"},{"floor":14.0,"key":"Energy Potion"},{"floor":16.0,"key":"SteroidPotion"}],"is_trial":false,"path_per_floor":["M","M","?","M","?","R","$","R","T","M","R","M","$","M","R","B",null,"M","?","M","?","M","R","$","R","T","R","M","E","M","M","R","B",null,"M","?","$","?","M","E","R","M","T","$","R","E","?","?","R","B",null],"character_chosen":"IRONCLAD","items_purchased":["Clash","Battle Trance","PreservedInsect"],"campfire_rested":1,"item_purchase_floors":[7,24,37],"current_hp_per_floor":[80,80,73,79,84,84,84,84,91,92,92,91,91,92,92,48,92,92,63,64,64,70,70,70,70,70,70,61,48,44,50,50,10,92,83,83,83,83,87,72,72,71,71,71,71,79,79,79,93,36],"gold":289,"neow_bonus":"THREE_ENEMY_KILL","is_prod":false,"is_daily":false,"chose_seed":false,"campfire_upgraded":10,"win_rate":0,"timestamp":1555753254,"path_taken":["M","M","?","M","?","R","$","R","T","M","R","?","$","M","R","BOSS","M","?","M","?","M","R","$","R","T","R","M","E","M","?","R","BOSS","M","?","$","?","M","E","R","M","T","$","R","E","?","?","R","BOSS"],"build_version":"2019-01-23","purchased_purges":4,"victory":true,"max_hp_per_floor":[80,80,80,80,85,85,85,85,92,92,92,92,92,92,92,92,92,92,92,92,92,92,92,92,92,92,92,92,92,92,92,92,92,92,92,87,87,87,87,89,89,91,91,91,91,93,93,93,93,93],"card_choices":[{"not_picked":["Anger","Reckless Charge"],"picked":"Clash","floor":1.0},{"not_picked":["Warcry","Bloodletting"],"picked":"Flex","floor":2.0},{"not_picked":["Searing Blow","Rage","Wild Strike"],"picked":"SKIP","floor":4.0},{"not_picked":["Havoc","Rupture"],"picked":"Inflame","floor":10.0},{"not_picked":["Rampage","Flame Barrier","Clothesline"],"picked":"SKIP","floor":12.0},{"not_picked":["Armaments","Havoc","Pommel Strike"],"picked":"SKIP","floor":14.0},{"not_picked":["Barricade","Juggernaut"],"picked":"Immolate","floor":16.0},{"not_picked":["Power Through","Armaments"],"picked":"Twin Strike","floor":18.0},{"not_picked":["Clothesline","Rage+1","Sever Soul"],"picked":"SKIP","floor":20.0},{"not_picked":["Shrug It Off","Clothesline"],"picked":"Twin Strike","floor":22.0},{"not_picked":["Ghostly Armor","Sever Soul","Bludgeon"],"picked":"SKIP","floor":28.0},{"not_picked":["Flame Barrier+1","Pommel Strike"],"picked":"Inflame","floor":29.0},{"not_picked":["Dual Wield","Warcry","Reckless Charge"],"picked":"SKIP","floor":30.0},{"not_picked":["Cleave","Rupture","Infernal Blade+1"],"picked":"SKIP","floor":31.0},{"not_picked":["Cleave","Rupture"],"picked":"Infernal Blade+1","floor":31.0},{"not_picked":["Exhume","Fiend Fire"],"picked":"Immolate","floor":33.0},{"not_picked":["Seeing Red","Intimidate","Reckless Charge"],"picked":"SKIP","floor":35.0},{"not_picked":["Twin Strike","Body Slam","Sword Boomerang+1"],"picked":"SKIP","floor":39.0},{"not_picked":["Anger","Sever Soul","Pommel Strike+1"],"picked":"Singing Bowl","floor":40.0},{"not_picked":["Sentinel+1","Anger","Flex"],"picked":"Singing Bowl","floor":42.0},{"not_picked":["Clash+1","Clothesline+1","Flex"],"picked":"Singing Bowl","floor":46.0}],"player_experience":1263248,"relics_obtained":[{"floor":9.0,"key":"Strawberry"},{"floor":19.0,"key":"Dead Branch"},{"floor":19.0,"key":"Self Forming Clay"},{"floor":26.0,"key":"Art of War"},{"floor":29.0,"key":"Charon\u0027s Ashes"},{"floor":40.0,"key":"Singing Bowl"},{"floor":43.0,"key":"Bottled Flame"},{"floor":46.0,"key":"Juzu Bracelet"}],"event_choices":[{"cards_removed":["Strike_R"],"damage_healed":0.0,"max_hp_gain":0.0,"max_hp_loss":0.0,"gold_gain":0.0,"event_name":"Golden Wing","player_choice":"Card Removal","floor":3.0,"gold_loss":0.0,"damage_taken":7.0},{"damage_healed":0.0,"max_hp_gain":5.0,"max_hp_loss":0.0,"gold_gain":0.0,"event_name":"Big Fish","player_choice":"Donut","floor":5.0,"gold_loss":0.0,"damage_taken":0.0},{"damage_healed":0.0,"max_hp_gain":0.0,"max_hp_loss":0.0,"gold_gain":0.0,"event_name":"Colosseum","player_choice":"Fight","floor":19.0,"gold_loss":0.0,"damage_taken":0.0},{"damage_healed":0.0,"max_hp_gain":0.0,"max_hp_loss":0.0,"gold_gain":0.0,"event_name":"Colosseum","player_choice":"Fought Nobs","floor":19.0,"gold_loss":0.0,"damage_taken":0.0},{"damage_healed":0.0,"max_hp_gain":0.0,"max_hp_loss":0.0,"gold_gain":0.0,"event_name":"FaceTrader","player_choice":"Trade","floor":21.0,"gold_loss":0.0,"damage_taken":0.0,"relics_obtained":["SsserpentHead"]},{"damage_healed":0.0,"max_hp_gain":0.0,"max_hp_loss":5.0,"gold_gain":0.0,"event_name":"Winding Halls","player_choice":"Max HP","floor":36.0,"gold_loss":0.0,"damage_taken":0.0},{"damage_healed":0.0,"max_hp_gain":0.0,"max_hp_loss":0.0,"gold_gain":0.0,"event_name":"WeMeetAgain","player_choice":"Paid Gold","floor":38.0,"gold_loss":84.0,"damage_taken":0.0,"relics_obtained":["Du-Vu Doll"]},{"damage_healed":0.0,"max_hp_gain":0.0,"max_hp_loss":0.0,"gold_gain":0.0,"event_name":"Mysterious Sphere","player_choice":"Ignored","floor":47.0,"gold_loss":0.0,"damage_taken":0.0},{"cards_removed":["Impervious"],"damage_healed":0.0,"max_hp_gain":0.0,"max_hp_loss":0.0,"gold_gain":0.0,"event_name":"Falling","player_choice":"Removed Skill","floor":48.0,"gold_loss":0.0,"damage_taken":0.0}],"is_beta":false,"boss_relics":[{"not_picked":["Velvet Choker","Eternal Feather"],"picked":"Sozu"},{"not_picked":["Runic Dome","Runic Cube"],"picked":"Astrolabe"}],"items_purged_floors":[7,13,24,37],"is_endless":false,"potions_floor_spawned":[4,14,16,19,28,29,31,33,39,40,42,46],"ascension_level":0}