{"path_per_floor":["M","$","M","M","M","R","M","M","T","R","?","M","R","E","R","B",null,"M","$","M","?","M","R","M","?","T","M","T","?","?","M","R"],"character_chosen":"IRONCLAD","items_purchased":["Warcry","Gremlin Horn"],"gold_per_floor":[118,43,56,66,85,85,103,123,123,123,123,146,146,179,179,309,309,333,40,64,64,89,89,109,9,34,52,52,52,52,64,64],"floor_reached":33,"campfire_rested":3,"playtime":2598,"current_hp_per_floor":[80,80,80,80,72,72,69,69,69,69,49,55,79,72,72,46,80,80,80,80,80,37,61,14,14,21,9,9,9,9,17,43],"items_purged":["Strike_R"],"gold":64,"score":251,"play_id":"a8d1b568-9241-4346-ba13-7faffe7510b9","is_prod":false,"is_daily":false,"is_ascension_mode":false,"campfire_upgraded":3,"path_taken":["M","$","M","M","M","R","M","M","T","R","?","M","R","E","R","BOSS","M","$","M","?","M","R","?","?","T","M","?","?","?","M","R","BOSS"],"build_version":"2018-02-22-PROD2","purchased_purges":1,"victory":false,"master_deck":["Strike_R","Strike_R","Strike_R","Defend_R+1","Defend_R","Defend_R","Bash+1","Headbutt","Ghostly Armor","Dropkick","Pommel Strike+1","Thunderclap","Seeing Red+1","Heavy Blade","Intimidate","Berserk+1","Havoc","Warcry+1","Seeing Red","Headbutt","Impervious","J.A.X.","Body Slam+1","Infernal Blade+1"],"max_hp_per_floor":[80,80,80,80,80,80,80,80,80,80,80,80,80,80,80,80,80,80,80,80,80,80,80,80,80,87,87,87,87,87,87,87],"relics":["Burning Blood","Gambling Chip","Bloody Idol","Matryoshka","Question Card","Gremlin Horn","Strawberry","War Paint","Bottled Lightning","Du-Vu Doll"],"card_choices":[{"not_picked":["Clothesline","Power Through"],"picked":"Headbutt"},{"not_picked":["Wild Strike","Body Slam"],"picked":"Ghostly Armor"},{"not_picked":["Berserk","Warcry"],"picked":"Dropkick"},{"not_picked":["Armaments","Iron Wave"],"picked":"Pommel Strike"},{"not_picked":["Wild Strike","Burning Pact"],"picked":"Thunderclap"},{"not_picked":["Clothesline","Shrug It Off"],"picked":"Seeing Red"},{"not_picked":["Perfected Strike","Feel No Pain"],"picked":"Heavy Blade"},{"not_picked":["Clash","Headbutt"],"picked":"Intimidate"},{"not_picked":["Impervious","Brutality"],"picked":"Berserk"},{"not_picked":["Evolve","Wild Strike","Sword Boomerang"],"picked":"Havoc"},{"not_picked":["Disarm","Wild Strike","Sentinel"],"picked":"Seeing Red"},{"not_picked":["Iron Wave","Disarm","Heavy Blade"],"picked":"Headbutt"},{"not_picked":["Flame Barrier","Power Through","Sword Boomerang"],"picked":"Impervious"},{"not_picked":["Blood for Blood","Heavy Blade","Flex"],"picked":"Body Slam"},{"not_picked":["Havoc","Anger","Second Wind"],"picked":"Infernal Blade"}],"player_experience":114222,"potions_floor_usage":[14,16,20,27,31,33,33],"damage_taken":[{"damage":4,"enemies":"Jaw Worm","floor":1,"turns":5},{"damage":1,"enemies":"Cultist","floor":3,"turns":3},{"damage":1,"enemies":"2 Louse","floor":4,"turns":3},{"damage":14,"enemies":"Gremlin Gang","floor":5,"turns":7},{"damage":9,"enemies":"Large Slime","floor":7,"turns":6},{"damage":6,"enemies":"3 Louse","floor":8,"turns":4},{"damage":0,"enemies":"2 Fungi Beasts","floor":12,"turns":2},{"damage":13,"enemies":"Lagavulin","floor":14,"turns":3},{"damage":32,"enemies":"Slime Boss","floor":16,"turns":8},{"damage":2,"enemies":"Chosen","floor":18,"turns":4},{"damage":4,"enemies":"3 Byrds","floor":20,"turns":5},{"damage":49,"enemies":"Slaver and Parasite","floor":22,"turns":6},{"damage":53,"enemies":"Snecko","floor":24,"turns":7},{"damage":18,"enemies":"Cultist and Chosen","floor":27,"turns":7},{"damage":3,"enemies":"3 Cultists","floor":31,"turns":3},{"damage":59,"enemies":"Automaton","floor":33,"turns":8}],"event_choices":[{"event_name":"Golden Idol","player_choice":"Take Damage","floor":11,"damage_taken":0},{"event_name":"Accursed Blacksmith","player_choice":"Forge","floor":21,"damage_taken":0},{"event_name":"Drug Dealer","player_choice":"Got JAXXED","floor":25,"damage_taken":0},{"event_name":"Back to Basics","player_choice":"Elegance","floor":29,"damage_taken":0},{"event_name":"Forgotten Altar","player_choice":"Gave Idol","floor":30,"damage_taken":0}],"boss_relics":[{"not_picked":["Eternal Feather","Philosopher\u0027s Stone"],"picked":"Question Card"}],"potions_floor_spawned":[5,7,8,16,24,27,31],"seed_played":"-4374589064918650948","killed_by":"Automaton","ascension_level":0,"is_trial":false}