{"gold_per_floor":[118,128,141,141,66,66,81,81,81,119,135,150,174,174,174,305,305,324,423,444,457,457,457,470,97,151,174,186,123,146,6,6,106,106,125,125,141,152,8,23,37,48,48,48,62,62,62,62,62,62],"floor_reached":51,"playtime":2347,"items_purged":["Regret","Strike_B"],"score":958,"play_id":"d7587b73-c968-4af4-b325-7f1f28da6e3e","local_time":"20181221153136","is_ascension_mode":true,"campfire_choices":[{"data":"Zap","floor":6,"key":"SMITH"},{"data":"Dualcast","floor":8,"key":"SMITH"},{"data":"Blizzard","floor":15,"key":"SMITH"},{"floor":23,"key":"REST"},{"data":"Hologram","floor":28,"key":"SMITH"},{"data":"Capacitor","floor":32,"key":"SMITH"},{"data":"Capacitor","floor":44,"key":"SMITH"},{"data":"Consume","floor":46,"key":"SMITH"},{"data":"Cold Snap","floor":49,"key":"SMITH"}],"neow_cost":"CURSE","seed_source_timestamp":23284041213600,"circlet_count":0,"master_deck":["AscendersBane","Defend_B","Defend_B","Defend_B","Zap+1","Dualcast+1","Glacier","Cold Snap","FTL","Consume+1","Blizzard+1","Core Surge","Turbo+1","FTL","Hologram+1","Capacitor+1","Recycle+1","Capacitor+1","Coolheaded","Electrodynamics","Redo+1","Multi-Cast+1","Static Discharge+1","Cold Snap+1","Glacier","Coolheaded+1","Storm+1","Self Repair+1"],"relics":["Cracked Core","Mango","Bloody Idol","Mercury Hourglass","Blue Candle","Regal Pillow","Nuclear Battery","Bird Faced Urn","MawBank","Astrolabe","Girya","Blood Vial","Turnip"],"potions_floor_usage":[10,10,16,18,18,21,33,42,50],"damage_taken":[{"damage":11,"enemies":"2 Louse","floor":1,"turns":2},{"damage":2,"enemies":"Jaw Worm","floor":2,"turns":5},{"damage":13,"enemies":"Small Slimes","floor":3,"turns":4},{"damage":2,"enemies":"Exordium Wildlife","floor":7,"turns":6},{"damage":5,"enemies":"Gremlin Nob","floor":10,"turns":5},{"damage":0,"enemies":"Large Slime","floor":11,"turns":5},{"damage":9,"enemies":"Blue Slaver","floor":12,"turns":3},{"damage":2,"enemies":"Lots of Slimes","floor":13,"turns":3},{"damage":29,"enemies":"Slime Boss","floor":16,"turns":11},{"damage":12,"enemies":"Chosen","floor":18,"turns":4},{"damage":25,"enemies":"2 Thieves","floor":20,"turns":4},{"damage":6,"enemies":"3 Cultists","floor":21,"turns":5},{"damage":2,"enemies":"Chosen and Byrds","floor":24,"turns":6},{"damage":40,"enemies":"Snake Plant","floor":27,"turns":5},{"damage":7,"enemies":"Cultist and Chosen","floor":30,"turns":8},{"damage":12,"enemies":"Automaton","floor":33,"turns":12},{"damage":24,"enemies":"3 Darklings","floor":35,"turns":3},{"damage":21,"enemies":"3 Shapes","floor":37,"turns":5},{"damage":18,"enemies":"Jaw Worm Horde","floor":38,"turns":4},{"damage":5,"enemies":"Sphere and 2 Shapes","floor":40,"turns":7},{"damage":6,"enemies":"4 Shapes","floor":41,"turns":5},{"damage":36,"enemies":"Jaw Worm Horde","floor":42,"turns":5},{"damage":33,"enemies":"3 Darklings","floor":45,"turns":2},{"damage":45,"enemies":"Donu and Deca","floor":50,"turns":6}],"seed_played":"1255611999249281474","potions_obtained":[{"floor":2,"key":"Strength Potion"},{"floor":3,"key":"FocusPotion"},{"floor":11,"key":"Energy Potion"},{"floor":16,"key":"EntropicBrew"},{"floor":20,"key":"Swift Potion"},{"floor":27,"key":"LiquidBronze"},{"floor":30,"key":"Ancient Potion"},{"floor":33,"key":"Poison Potion"},{"floor":37,"key":"LiquidBronze"},{"floor":41,"key":"Fire Potion"}],"is_trial":false,"path_per_floor":["M","M","M","?","$","R","M","R","T","E","M","M","M","?","R","B",null,"M","?","M","M","?","R","M","$","T","M","R","?","M","$","R","B",null,"M","?","M","M","$","M","M","M","T","R","M","R","?","$","R","B",null],"character_chosen":"DEFECT","items_purchased":["Capacitor","Bird Faced Urn","Coolheaded","Blood Vial"],"campfire_rested":1,"item_purchase_floors":[25,25,31,39],"current_hp_per_floor":[71,69,56,56,56,56,54,54,54,49,49,40,38,38,38,9,64,52,52,27,21,21,60,63,63,68,40,45,50,55,60,60,57,76,61,61,49,44,44,54,61,38,38,38,20,20,72,72,72,35],"gold":62,"neow_bonus":"ONE_RARE_RELIC","is_prod":false,"is_daily":false,"chose_seed":false,"campfire_upgraded":8,"win_rate":0,"timestamp":1545402696,"path_taken":["M","M","M","?","$","R","M","R","T","E","M","M","M","?","R","BOSS","M","?","M","M","?","R","M","?","T","?","R","?","M","$","R","BOSS","M","?","M","M","$","M","M","M","T","R","?","R","?","?","R","BOSS"],"build_version":"2018-12-20","purchased_purges":2,"victory":true,"max_hp_per_floor":[89,89,89,82,82,82,82,82,82,82,82,82,82,82,82,82,82,82,82,82,82,82,82,82,82,82,82,82,82,82,82,82,82,82,82,82,82,82,82,82,82,82,82,82,82,82,72,72,72,72],"card_choices":[{"not_picked":["Steam Power","Beam Cell"],"picked":"Glacier","floor":1},{"not_picked":["Barrage","Stack","Rebound"],"picked":"SKIP","floor":2},{"not_picked":["Barrage","Streamline"],"picked":"Cold Snap","floor":3},{"not_picked":["Steam","Heatsinks","Stack"],"picked":"SKIP","floor":7},{"not_picked":["Leap","Streamline"],"picked":"FTL","floor":10},{"not_picked":["Gash","Rebound"],"picked":"Consume","floor":11},{"not_picked":["Barrage","Coolheaded"],"picked":"Blizzard","floor":12},{"not_picked":["Amplify","Beam Cell","Hologram"],"picked":"SKIP","floor":13},{"not_picked":["Thunder Strike","Hyperbeam"],"picked":"Core Surge","floor":16},{"not_picked":["Leap","Aggregate+1"],"picked":"Turbo+1","floor":18},{"not_picked":["Auto Shields","Force Field"],"picked":"FTL","floor":20},{"not_picked":["Leap","Stack","Darkness"],"picked":"SKIP","floor":21},{"not_picked":["Sweeping Beam","Rebound+1"],"picked":"Hologram","floor":24},{"not_picked":["Genetic Algorithm","Gash+1"],"picked":"Recycle+1","floor":27},{"not_picked":["Doom and Gloom+1","Gash"],"picked":"Capacitor","floor":30},{"not_picked":["Machine Learning","All For One"],"picked":"Electrodynamics","floor":33},{"not_picked":["Sweeping Beam","Conserve Battery+1"],"picked":"Cold Snap","floor":35},{"not_picked":["Force Field","Beam Cell"],"picked":"Glacier","floor":37},{"not_picked":["Cold Snap","Hologram"],"picked":"Coolheaded+1","floor":38},{"not_picked":["Conserve Battery+1","Streamline","Meteor Strike"],"picked":"SKIP","floor":40},{"not_picked":["Turbo","Scrape","Lockon+1"],"picked":"SKIP","floor":41},{"not_picked":["Rebound+1","Sweeping Beam"],"picked":"Storm+1","floor":42},{"not_picked":["Beam Cell","Genetic Algorithm"],"picked":"Self Repair+1","floor":45}],"player_experience":297778,"relics_obtained":[{"floor":9,"key":"Mercury Hourglass"},{"floor":10,"key":"Blue Candle"},{"floor":26,"key":"MawBank"},{"floor":43,"key":"Turnip"}],"event_choices":[{"damage_healed":0,"gold_gain":0,"player_choice":"Lose Max HP","damage_taken":0,"relics_obtained":["Golden Idol"],"max_hp_gain":0,"max_hp_loss":7,"event_name":"Golden Idol","floor":4,"gold_loss":0},{"damage_healed":0,"gold_gain":0,"player_choice":"Searched \u00272\u0027 times","damage_taken":0,"relics_obtained":["Regal Pillow"],"max_hp_gain":0,"max_hp_loss":0,"event_name":"Dead Adventurer","floor":14,"gold_loss":0},{"damage_healed":0,"gold_gain":99,"player_choice":"Stole From Cult","damage_taken":0,"max_hp_gain":0,"max_hp_loss":0,"event_name":"Nest","floor":19,"gold_loss":0},{"damage_healed":0,"gold_gain":0,"player_choice":"Gave Idol","damage_taken":0,"relics_obtained":["Bloody Idol"],"max_hp_gain":0,"max_hp_loss":0,"event_name":"Forgotten Altar","floor":22,"relics_lost":["Golden Idol"],"gold_loss":0},{"cards_removed":["Strike_B"],"damage_healed":0,"gold_gain":0,"player_choice":"Gave Gold","damage_taken":0,"max_hp_gain":0,"max_hp_loss":0,"event_name":"Beggar","floor":29,"gold_loss":75},{"damage_healed":0,"gold_gain":0,"player_choice":"Gave Potion","damage_taken":0,"relics_obtained":["Girya"],"max_hp_gain":0,"max_hp_loss":0,"event_name":"WeMeetAgain","floor":36,"gold_loss":0},{"damage_healed":72,"gold_gain":0,"player_choice":"Heal","damage_taken":0,"max_hp_gain":0,"max_hp_loss":10,"event_name":"The Moai Head","floor":47,"gold_loss":0}],"is_beta":false,"boss_relics":[{"not_picked":["Runic Dome","Calling Bell"],"picked":"Nuclear Battery"},{"not_picked":["Tiny House","Snecko Eye"],"picked":"Astrolabe"}],"items_purged_floors":[5,31],"is_endless":false,"potions_floor_spawned":[2,3,11,16,20,27,30,33,37,40,41],"ascension_level":10}