{"gold_per_floor":[18,28,42,42,55,55,85,96,96,96,117,117,144,35,35,130,130,148,48,60,74,74,74,94,94,163,182,209,209,221,251,251,348,348,361,19,33,0,19,45,45,65,65,96,41,55,55,87,87,87],"floor_reached":51,"playtime":2863,"items_purged":["Strike_G","Strike_G","Strike_G"],"score":955,"play_id":"eb0c4fad-f9f4-4e6f-8ad6-8a7f69921c57","local_time":"20190422063306","is_ascension_mode":true,"campfire_choices":[{"data":"Skewer","floor":6.0,"key":"SMITH"},{"data":"Neutralize","floor":10.0,"key":"SMITH"},{"data":"Terror","floor":15,"key":"SMITH"},{"data":"Glass Knife","floor":23,"key":"SMITH"},{"data":"Cloak And Dagger","floor":25,"key":"SMITH"},{"data":"Blade Dance","floor":29,"key":"SMITH"},{"data":"Neutralize","floor":32,"key":"SMITH"},{"data":"After Image","floor":41,"key":"SMITH"},{"data":"Noxious Fumes","floor":49,"key":"SMITH"}],"neow_cost":"NO_GOLD","seed_source_timestamp":939728370527889,"circlet_count":0,"master_deck":["Defend_G","Defend_G","Defend_G","Defend_G","Defend_G+1","Survivor","Neutralize+1","Blade Dance+1","Skewer+1","Glass Knife+1","Neutralize+1","Backflip+1","Terror+1","Adrenaline","Backstab","Cloak And Dagger+1","Blur+1","Backflip+1","After Image+1","Cloak And Dagger","Leg Sweep","Cloak And Dagger","Noxious Fumes+1","Bouncing Flask","Accuracy+1"],"special_seed":0,"relics":["Ring of the Snake","Mango","Lantern","PreservedInsect","Odd Mushroom","Pear","Black Star","Sundial","Anchor","Mummified Hand","Potion Belt","The Courier","Coffee Dripper","Ice Cream","Red Mask","Ornamental Fan","Thread and Needle","Mercury Hourglass","Art of War","War Paint","Snake Skull","Smiling Mask"],"potions_floor_usage":[16,28,31,33,37,50,50,50],"damage_taken":[{"damage":0.0,"enemies":"Cultist","floor":1.0,"turns":6.0},{"damage":1.0,"enemies":"Jaw Worm","floor":2.0,"turns":5.0},{"damage":0.0,"enemies":"Small Slimes","floor":3.0,"turns":4.0},{"damage":4.0,"enemies":"Looter","floor":5.0,"turns":4.0},{"damage":31.0,"enemies":"Lagavulin","floor":7.0,"turns":8.0},{"damage":2.0,"enemies":"Exordium Thugs","floor":8.0,"turns":3.0},{"damage":0.0,"enemies":"The Mushroom Lair","floor":11.0,"turns":3.0},{"damage":2,"enemies":"3 Sentries","floor":13,"turns":4},{"damage":2,"enemies":"The Guardian","floor":16,"turns":11},{"damage":0,"enemies":"Shell Parasite","floor":18,"turns":2},{"damage":0,"enemies":"Chosen","floor":20,"turns":2},{"damage":1,"enemies":"3 Cultists","floor":21,"turns":5},{"damage":0,"enemies":"Centurion and Healer","floor":24,"turns":6},{"damage":0,"enemies":"Chosen and Byrds","floor":27,"turns":4},{"damage":0,"enemies":"Gremlin Leader","floor":28,"turns":4},{"damage":1,"enemies":"Shelled Parasite and Fungi","floor":30,"turns":4},{"damage":3,"enemies":"Slavers","floor":31,"turns":4},{"damage":29,"enemies":"Automaton","floor":33,"turns":15},{"damage":0,"enemies":"Orb Walker","floor":35,"turns":3},{"damage":0,"enemies":"3 Darklings","floor":37,"turns":4},{"damage":0,"enemies":"Spire Growth","floor":39,"turns":3},{"damage":4,"enemies":"Reptomancer","floor":40,"turns":4},{"damage":0,"enemies":"Maw","floor":42,"turns":7},{"damage":0,"enemies":"Nemesis","floor":44,"turns":9},{"damage":0,"enemies":"3 Darklings","floor":46,"turns":4},{"damage":0,"enemies":"Reptomancer","floor":48,"turns":6},{"damage":0,"enemies":"Donu and Deca","floor":50,"turns":8}],"seed_played":"5773881594702227318","potions_obtained":[{"floor":5.0,"key":"Ancient Potion"},{"floor":7.0,"key":"Block Potion"},{"floor":11.0,"key":"SpeedPotion"},{"floor":13,"key":"Poison Potion"},{"floor":18,"key":"Swift Potion"},{"floor":28,"key":"Dexterity Potion"},{"floor":35,"key":"Swift Potion"},{"floor":46,"key":"Poison Potion"},{"floor":48,"key":"Swift Potion"}],"is_trial":false,"path_per_floor":["?","?","?","$","?","?","?"],"character_chosen":"THE_SILENT","items_purchased":["Terror","Ice Cream","Noxious Fumes"],"campfire_rested":0,"item_purchase_floors":[14,36,45],"current_hp_per_floor":[70,69,69,76,72,72,41,39,39,39,39,39,47,47,47,45,94,94,94,94,93,93,93,93,93,93,93,93,93,92,89,89,60,94,94,94,94,94,94,90,90,90,90,90,90,90,90,90,90,90],"gold":87,"neow_bonus":"REMOVE_TWO","is_prod":false,"is_daily":false,"chose_seed":false,"campfire_upgraded":9,"win_rate":0,"timestamp":1555932786,"path_taken":["M","M","M","?","M","R","E","M","T","R","?","?","E","$","R","BOSS","M","?","M","M","?","R","M","R","T","M","E","R","M","E","R","BOSS","M","$","M","?","M","E","R","M","T","E","$","M","?","E","R","BOSS"],"build_version":"2019-01-23","purchased_purges":3,"victory":true,"max_hp_per_floor":[70,70,70,84,84,84,84,84,84,84,84,84,94,94,94,94,94,94,94,94,94,94,94,94,94,94,94,94,94,94,94,94,94,94,94,94,94,94,94,94,94,94,94,94,94,94,94,94,94,94],"card_choices":[{"not_picked":["Underhanded Strike","Deflect"],"picked":"Blade Dance","floor":1.0},{"not_picked":["Acrobatics","Flying Knee","Dodge and Roll"],"picked":"SKIP","floor":2.0},{"not_picked":["Masterful Stab","Bane"],"picked":"Dagger Spray","floor":3.0},{"not_picked":["PiercingWail","Acrobatics"],"picked":"Skewer","floor":5.0},{"not_picked":["Masterful Stab","Outmaneuver"],"picked":"Glass Knife","floor":7.0},{"not_picked":["Blade Dance","Riddle With Holes","Masterful Stab"],"picked":"SKIP","floor":8.0},{"not_picked":["Catalyst","Dagger Throw"],"picked":"Backflip","floor":13},{"not_picked":["A Thousand Cuts","Doppelganger"],"picked":"Adrenaline","floor":16},{"not_picked":["Blade Dance","Flying Knee"],"picked":"Backstab","floor":18},{"not_picked":["Prepared","Bane+1","Backflip"],"picked":"SKIP","floor":20},{"not_picked":["Concentrate","Distraction","Terror"],"picked":"SKIP","floor":21},{"not_picked":["Concentrate","Distraction","Terror"],"picked":"SKIP","floor":21},{"not_picked":["Acrobatics","Masterful Stab"],"picked":"Cloak And Dagger","floor":24},{"not_picked":["Dagger Throw+1","Deflect"],"picked":"Blur+1","floor":27},{"not_picked":["Setup","Die Die Die","Tools of the Trade"],"picked":"SKIP","floor":28},{"not_picked":["Outmaneuver","Acrobatics","Sucker Punch+1"],"picked":"SKIP","floor":30},{"not_picked":["Caltrops","Eviscerate"],"picked":"Backflip+1","floor":31},{"not_picked":["A Thousand Cuts","Die Die Die"],"picked":"After Image","floor":33},{"not_picked":["Tactician","Flying Knee","Outmaneuver+1"],"picked":"SKIP","floor":35},{"not_picked":["Prepared+1","Dagger Spray+1"],"picked":"Cloak And Dagger","floor":37},{"not_picked":["Poisoned Stab+1","Backflip"],"picked":"Leg Sweep","floor":39},{"not_picked":["Sucker Punch+1","Bane+1","Caltrops"],"picked":"SKIP","floor":40},{"not_picked":["Slice+1","Deadly Poison","Quick Slash"],"picked":"SKIP","floor":42},{"not_picked":["Blur+1","Outmaneuver"],"picked":"Cloak And Dagger","floor":44},{"not_picked":["Poisoned Stab+1","All Out Attack+1","Slice+1"],"picked":"SKIP","floor":46},{"not_picked":["Skewer","Riddle With Holes+1"],"picked":"Accuracy+1","floor":48}],"player_experience":489382,"relics_obtained":[{"floor":7.0,"key":"Lantern"},{"floor":9.0,"key":"PreservedInsect"},{"floor":11.0,"key":"Odd Mushroom"},{"floor":13,"key":"Pear"},{"floor":26,"key":"Sundial"},{"floor":28,"key":"Anchor"},{"floor":28,"key":"Mummified Hand"},{"floor":31,"key":"Potion Belt"},{"floor":31,"key":"The Courier"},{"floor":40,"key":"Ornamental Fan"},{"floor":40,"key":"Thread and Needle"},{"floor":43,"key":"Mercury Hourglass"},{"floor":44,"key":"Art of War"},{"floor":44,"key":"War Paint"},{"floor":48,"key":"Snake Skull"},{"floor":48,"key":"Smiling Mask"}],"event_choices":[{"damage_healed":0.0,"max_hp_gain":0.0,"max_hp_loss":0.0,"gold_gain":0.0,"event_name":"Scrap Ooze","player_choice":"Success","floor":4.0,"gold_loss":0.0,"damage_taken":7.0,"relics_obtained":["Mango"]},{"damage_healed":0.0,"max_hp_gain":0.0,"max_hp_loss":0.0,"gold_gain":0.0,"event_name":"Mushrooms","player_choice":"Fought Mushrooms","floor":11.0,"gold_loss":0.0,"damage_taken":0.0},{"damage_healed":0.0,"max_hp_gain":0.0,"max_hp_loss":0.0,"gold_gain":0.0,"event_name":"Match and Keep!","player_choice":"1 cards matched","floor":12.0,"gold_loss":0.0,"damage_taken":0.0,"cards_obtained":["Neutralize"]},{"damage_healed":0,"gold_gain":0,"player_choice":"Ignored","damage_taken":0,"max_hp_gain":0,"max_hp_loss":0,"event_name":"NoteForYourself","floor":22,"gold_loss":0},{"damage_healed":0,"gold_gain":0,"player_choice":"Paid","damage_taken":0,"relics_obtained":["Red Mask"],"max_hp_gain":0,"max_hp_loss":0,"event_name":"Tomb of Lord Red Mask","floor":38,"gold_loss":33},{"damage_healed":0,"gold_gain":0,"cards_transformed":["Dagger Spray"],"player_choice":"Transformed","damage_taken":0,"max_hp_gain":0,"max_hp_loss":0,"event_name":"Transmorgrifier","floor":47,"gold_loss":0,"cards_obtained":["Bouncing Flask"]}],"is_beta":false,"boss_relics":[{"not_picked":["Astrolabe","HoveringKite"],"picked":"Black Star"},{"not_picked":["Busted Crown","Cursed Key"],"picked":"Coffee Dripper"}],"items_purged_floors":[14,19,36],"is_endless":false,"potions_floor_spawned":[5,7,11,13,18,27,28,35,46,48],"ascension_level":1}