{"gold_per_floor":[115,134,153,163,10,339,359,359,408,408,77,127,127,156,156,235,235,245,270,287,69,0,0,16,16,65,79,92,92,92,102,102,102],"floor_reached":33,"playtime":1177,"items_purged":["Strike_G","Strike_G"],"score":475,"play_id":"40031b13-e2da-4f7b-a1e8-120743872fbd","local_time":"20190218163413","is_ascension_mode":true,"campfire_choices":[{"data":"Noxious Fumes","floor":10,"key":"SMITH"},{"floor":13,"key":"REST"},{"floor":15,"key":"REST"},{"data":"After Image","floor":23,"key":"SMITH"},{"floor":25,"key":"REST"},{"floor":32,"key":"REST"}],"neow_cost":"NONE","seed_source_timestamp":288979299289700,"circlet_count":0,"master_deck":["AscendersBane","Defend_G","Defend_G","Defend_G","Defend_G+1","Defend_G","Strike_G+1","Strike_G","Survivor+1","Neutralize","Masterful Stab","Flying Knee+1","Terror","Dagger Spray","Flying Knee","Caltrops","Sucker Punch","Noxious Fumes+1","After Image+1","Crippling Poison","Bouncing Flask","Deflect","Catalyst","PiercingWail","Dodge and Roll"],"relics":["Ring of the Snake","Old Coin","The Courier","Whetstone","Incense Burner","Juzu Bracelet","Sozu","Vajra","Mummified Hand","War Paint"],"potions_floor_usage":[4,16],"damage_taken":[{"damage":0,"enemies":"2 Louse","floor":1,"turns":3},{"damage":0,"enemies":"Jaw Worm","floor":2,"turns":3},{"damage":0,"enemies":"Cultist","floor":3,"turns":3},{"damage":0,"enemies":"Exordium Thugs","floor":4,"turns":4},{"damage":20,"enemies":"3 Sentries","floor":6,"turns":6},{"damage":0,"enemies":"2 Fungi Beasts","floor":7,"turns":2},{"damage":24,"enemies":"Gremlin Nob","floor":14,"turns":4},{"damage":23,"enemies":"The Guardian","floor":16,"turns":10},{"damage":16,"enemies":"3 Byrds","floor":18,"turns":5},{"damage":9,"enemies":"Spheric Guardian","floor":20,"turns":5},{"damage":6,"enemies":"Chosen and Byrds","floor":24,"turns":4},{"damage":0,"enemies":"Centurion and Healer","floor":27,"turns":4},{"damage":11,"enemies":"3 Cultists","floor":28,"turns":4},{"damage":9,"enemies":"Sentry and Sphere","floor":31,"turns":4},{"damage":74,"enemies":"Champ","floor":33,"turns":10}],"seed_played":"-5390257647016328475","potions_obtained":[{"floor":2,"key":"SpeedPotion"},{"floor":6,"key":"Regen Potion"},{"floor":14,"key":"Energy Potion"}],"is_trial":false,"path_per_floor":["M","M","M","M","$","E","M","?","T","R","$","?","R","E","R","B",null,"M","T","M","$","?","R","M","R","T","M","M","?","$","M","R","B"],"character_chosen":"THE_SILENT","items_purchased":["Caltrops","Incense Burner","Mummified Hand"],"campfire_rested":4,"item_purchase_floors":[5,11,21],"current_hp_per_floor":[59,59,59,59,59,39,39,21,21,21,21,21,40,16,35,27,56,40,40,31,31,31,31,25,44,44,44,33,33,33,24,43,0],"gold":102,"neow_bonus":"TRANSFORM_CARD","is_prod":false,"is_daily":false,"chose_seed":false,"campfire_upgraded":2,"win_rate":0,"timestamp":1550504053,"path_taken":["M","M","M","M","$","E","M","?","T","R","?","?","R","E","R","BOSS","M","?","M","$","?","R","M","R","T","M","M","?","?","M","R","BOSS"],"build_version":"2019-01-23","purchased_purges":2,"victory":false,"max_hp_per_floor":[66,66,66,66,66,66,66,66,66,66,66,66,66,66,66,66,66,66,66,66,66,66,66,66,66,66,66,66,66,66,66,66,66],"card_choices":[{"not_picked":["Acrobatics","Outmaneuver"],"picked":"Flying Knee","floor":1},{"not_picked":["Skewer","Blade Dance"],"picked":"Terror","floor":2},{"not_picked":["Deflect","All Out Attack"],"picked":"Dagger Spray","floor":3},{"not_picked":["Acrobatics","Prepared"],"picked":"Flying Knee","floor":4},{"not_picked":["Slice","Finisher"],"picked":"Sucker Punch","floor":6},{"not_picked":["Flying Knee","Endless Agony"],"picked":"Noxious Fumes","floor":7},{"not_picked":["Reflex","Venomology","Grand Finale"],"picked":"SKIP","floor":14},{"not_picked":["Die Die Die","Envenom"],"picked":"After Image","floor":16},{"not_picked":["Prepared","Slice"],"picked":"Crippling Poison","floor":18},{"not_picked":["All Out Attack","Reflex"],"picked":"Bouncing Flask","floor":20},{"not_picked":["Bane","Crippling Poison"],"picked":"Deflect","floor":24},{"not_picked":["Blur","Setup"],"picked":"Catalyst","floor":27},{"not_picked":["Slice","Blade Dance"],"picked":"PiercingWail","floor":28},{"not_picked":["Flying Knee","Heel Hook","Calculated Gamble"],"picked":"SKIP","floor":31}],"player_experience":516293,"relics_obtained":[{"floor":6,"key":"Old Coin"},{"floor":9,"key":"Whetstone"},{"floor":14,"key":"Juzu Bracelet"},{"floor":19,"key":"Vajra"},{"floor":26,"key":"War Paint"}],"event_choices":[{"damage_healed":0,"gold_gain":0,"player_choice":"Success","damage_taken":18,"relics_obtained":["The Courier"],"max_hp_gain":0,"max_hp_loss":0,"event_name":"Scrap Ooze","floor":8,"gold_loss":0},{"damage_healed":0,"gold_gain":50,"player_choice":"Pray","damage_taken":0,"max_hp_gain":0,"max_hp_loss":0,"event_name":"Golden Shrine","floor":12,"gold_loss":0},{"damage_healed":0,"gold_gain":0,"player_choice":"Paid Fearfully","damage_taken":0,"max_hp_gain":0,"max_hp_loss":0,"event_name":"Masked Bandits","floor":22,"gold_loss":69},{"damage_healed":0,"gold_gain":0,"player_choice":"Read","damage_taken":0,"max_hp_gain":0,"max_hp_loss":0,"event_name":"The Library","floor":29,"gold_loss":0,"cards_obtained":["Dodge and Roll"]}],"is_beta":false,"boss_relics":[{"not_picked":["Pandora\u0027s Box","HoveringKite"],"picked":"Sozu"}],"items_purged_floors":[5,11],"is_endless":false,"potions_floor_spawned":[2,6,14,24,27],"killed_by":"Champ","ascension_level":17}