{"gold_per_floor":[111,123,138,138,138,138,479,479,561,626,626,626],"floor_reached":12,"playtime":351,"items_purged":[],"score":142,"play_id":"5b07ebcd-adc5-4f88-b65b-78851a1f0d82","local_time":"20190318193233","is_ascension_mode":true,"campfire_choices":[{"data":"Armaments","floor":6,"key":"SMITH"},{"data":"Whirlwind","floor":11,"key":"SMITH"}],"neow_cost":"NONE","seed_source_timestamp":386554291872800,"circlet_count":0,"master_deck":["AscendersBane","Strike_R","Strike_R","Strike_R","Strike_R","Strike_R","Defend_R","Defend_R","Defend_R","Defend_R","Bash","Armaments+1","Sword Boomerang","Rage","Regret","Feed","Whirlwind+1"],"special_seed":0,"relics":["Burning Blood","Orichalcum","Question Card","Golden Idol","Old Coin","Mummified Hand","Frozen Egg 2","Tiny Chest"],"potions_floor_usage":[10],"damage_taken":[{"damage":6.0,"enemies":"Small Slimes","floor":1.0,"turns":4.0},{"damage":10.0,"enemies":"Jaw Worm","floor":2.0,"turns":4.0},{"damage":1.0,"enemies":"Cultist","floor":3.0,"turns":3.0},{"damage":33,"enemies":"3 Sentries","floor":7,"turns":11},{"damage":12,"enemies":"Gremlin Nob","floor":10,"turns":4},{"damage":43,"enemies":"Lagavulin","floor":12,"turns":7}],"seed_played":"3697922831397599085","potions_obtained":[{"floor":1.0,"key":"Fire Potion"}],"is_trial":false,"path_per_floor":["M","M","M","?","?","R","E","T","T","E","R","E"],"character_chosen":"IRONCLAD","items_purchased":[],"campfire_rested":0,"item_purchase_floors":[],"current_hp_per_floor":[72,68,73,73,73,73,46,46,46,40,40,0],"gold":626,"neow_bonus":"RANDOM_COMMON_RELIC","is_prod":false,"is_daily":false,"chose_seed":false,"campfire_upgraded":2,"win_rate":0,"timestamp":1552933953,"path_taken":["M","M","M","?","?","R","E","?","T","E","R","E"],"build_version":"2019-01-23","purchased_purges":0,"victory":false,"max_hp_per_floor":[80,80,80,80,74,74,74,74,74,74,74,74],"card_choices":[{"not_picked":["Evolve","Heavy Blade"],"picked":"Armaments","floor":1.0},{"not_picked":["Reckless Charge","Wild Strike"],"picked":"Sword Boomerang","floor":2.0},{"not_picked":["Flex","Evolve"],"picked":"Rage","floor":3.0},{"not_picked":["Headbutt","Rupture","Cleave"],"picked":"Feed","floor":7},{"not_picked":["Headbutt","Inflame+1","True Grit"],"picked":"Whirlwind","floor":10}],"player_experience":555345,"relics_obtained":[{"floor":7,"key":"Old Coin"},{"floor":8,"key":"Mummified Hand"},{"floor":9,"key":"Frozen Egg 2"},{"floor":10,"key":"Tiny Chest"}],"event_choices":[{"damage_healed":0.0,"max_hp_gain":0.0,"max_hp_loss":0.0,"gold_gain":0.0,"event_name":"Big Fish","player_choice":"Box","floor":4.0,"gold_loss":0.0,"damage_taken":0.0,"relics_obtained":["Question Card"],"cards_obtained":["Regret"]},{"damage_healed":0.0,"max_hp_gain":0.0,"max_hp_loss":6.0,"gold_gain":0.0,"event_name":"Golden Idol","player_choice":"Lose Max HP","floor":5.0,"gold_loss":0.0,"damage_taken":0.0,"relics_obtained":["Golden Idol"]}],"is_beta":false,"boss_relics":[],"items_purged_floors":[],"is_endless":false,"potions_floor_spawned":[1],"killed_by":"Lagavulin","ascension_level":13}