{"gold_per_floor":[112,131,131,142,156,188,188,219,266,266,300,300,329,329,329,401,401,421,421,21,38,64,64,64,64,113,38,8,8,27,44,44,44],"floor_reached":33,"playtime":1536,"items_purged":[],"score":501,"play_id":"5602195a-cfe3-4ef5-bc45-8abfdf5d5511","local_time":"20190226143230","is_ascension_mode":true,"campfire_choices":[{"floor":7,"key":"REST"},{"floor":10,"key":"REST"},{"floor":12,"key":"REST"},{"data":"Cloak And Dagger","floor":15,"key":"SMITH"},{"floor":23,"key":"REST"},{"data":"Footwork","floor":24,"key":"SMITH"},{"data":"Well Laid Plans","floor":25,"key":"SMITH"},{"data":"After Image","floor":29,"key":"SMITH"},{"floor":32,"key":"REST"}],"neow_cost":"NONE","seed_source_timestamp":22192937895800,"circlet_count":0,"master_deck":["AscendersBane","Defend_G","Defend_G","Defend_G","Defend_G","Defend_G","Strike_G+1","Strike_G+1","Strike_G","Strike_G","Survivor","Neutralize","PiercingWail","Sucker Punch","Predator","Unload","Dagger Throw","Cloak And Dagger+1","Leg Sweep","Die Die Die","Dagger Throw","After Image+1","Dagger Spray","Backstab","Dash","Escape Plan","Dodge and Roll","Footwork+1","Well Laid Plans+1","After Image","Dagger Spray+1","Blur","Blade Dance"],"relics":["Ring of the Snake","WingedGreaves","Gremlin Horn","Whetstone","Ancient Tea Set","Orichalcum","Orrery","Nloth\u0027s Gift","Membership Card","Molten Egg 2","Happy Flower","Centennial Puzzle"],"potions_floor_usage":[5,8,11,13,33],"damage_taken":[{"damage":4,"enemies":"Small Slimes","floor":1,"turns":5},{"damage":5,"enemies":"Jaw Worm","floor":2,"turns":6},{"damage":3,"enemies":"Cultist","floor":4,"turns":4},{"damage":13,"enemies":"Exordium Thugs","floor":5,"turns":6},{"damage":37,"enemies":"3 Sentries","floor":6,"turns":13},{"damage":17,"enemies":"Lagavulin","floor":8,"turns":8},{"damage":8,"enemies":"Gremlin Nob","floor":11,"turns":3},{"damage":10,"enemies":"3 Sentries","floor":13,"turns":6},{"damage":10,"enemies":"The Guardian","floor":16,"turns":16},{"damage":16,"enemies":"3 Byrds","floor":18,"turns":5},{"damage":24,"enemies":"2 Thieves","floor":21,"turns":4},{"damage":0,"enemies":"Centurion and Healer","floor":30,"turns":9},{"damage":8,"enemies":"Snake Plant","floor":31,"turns":7},{"damage":62,"enemies":"Collector","floor":33,"turns":7}],"seed_played":"-202881734674232848","potions_obtained":[{"floor":1,"key":"FearPotion"},{"floor":6,"key":"SpeedPotion"},{"floor":8,"key":"SteroidPotion"},{"floor":11,"key":"Poison Potion"},{"floor":31,"key":"EssenceOfSteel"}],"is_trial":false,"path_per_floor":["M","M","?","M","M","E","R","E","T","R","E","R","E","T","R","B",null,"M","?","$","M","T","R","R","R","T","?","$","R","M","M","R","B"],"character_chosen":"THE_SILENT","items_purchased":["Membership Card","Well Laid Plans","Molten Egg 2","Dagger Spray+1"],"campfire_rested":5,"item_purchase_floors":[20,20,20,28],"current_hp_per_floor":[55,50,55,52,39,2,23,6,6,27,19,40,30,30,30,20,58,42,42,42,18,18,39,39,39,39,39,39,39,39,31,52,0],"gold":44,"neow_bonus":"THREE_CARDS","is_prod":false,"is_daily":false,"chose_seed":false,"campfire_upgraded":4,"win_rate":0,"timestamp":1551187950,"path_taken":["M","M","?","M","M","E","R","E","T","R","E","R","E","?","R","BOSS","M","?","$","?","?","R","R","R","T","?","?","R","M","M","R","BOSS"],"build_version":"2019-01-23","purchased_purges":0,"victory":false,"max_hp_per_floor":[66,66,71,71,71,71,71,71,71,71,71,71,71,71,71,71,71,71,71,71,71,71,71,71,71,71,71,71,71,71,71,71,71],"card_choices":[{"not_picked":["Concentrate","Dodge and Roll"],"picked":"PiercingWail","floor":0},{"not_picked":["Endless Agony","PiercingWail"],"picked":"Sucker Punch","floor":1},{"not_picked":["Backflip","Blur"],"picked":"Predator","floor":2},{"not_picked":["Backflip","Outmaneuver"],"picked":"Unload","floor":4},{"not_picked":["Outmaneuver","Acrobatics"],"picked":"Dagger Throw","floor":5},{"not_picked":["Sucker Punch","Blade Dance"],"picked":"Cloak And Dagger","floor":6},{"not_picked":["Poisoned Stab","Dodge and Roll"],"picked":"Leg Sweep","floor":8},{"not_picked":["Dagger Throw","Deflect"],"picked":"Die Die Die","floor":11},{"not_picked":["Flying Knee","Acrobatics"],"picked":"Dagger Throw","floor":13},{"not_picked":["Bullet Time","Tools of the Trade"],"picked":"After Image","floor":16},{"not_picked":["Reflex","Crippling Poison"],"picked":"Dagger Spray","floor":17},{"not_picked":["Cloak And Dagger","Deadly Poison"],"picked":"Backstab","floor":17},{"not_picked":["Backflip","Infinite Blades"],"picked":"Dash","floor":17},{"not_picked":["Prepared","Setup"],"picked":"Escape Plan","floor":17},{"not_picked":["Finisher","Tactician"],"picked":"Dodge and Roll","floor":17},{"not_picked":["Infinite Blades","Blade Dance"],"picked":"Footwork","floor":18},{"not_picked":["Infinite Blades+1","Acrobatics"],"picked":"After Image","floor":21},{"not_picked":["Acrobatics","Underhanded Strike+1"],"picked":"Blur","floor":30},{"not_picked":["Infinite Blades","Backflip"],"picked":"Blade Dance","floor":31}],"player_experience":521844,"relics_obtained":[{"floor":6,"key":"WingedGreaves"},{"floor":8,"key":"Gremlin Horn"},{"floor":9,"key":"Whetstone"},{"floor":11,"key":"Dream Catcher"},{"floor":13,"key":"Ancient Tea Set"},{"floor":14,"key":"Orichalcum"},{"floor":22,"key":"Happy Flower"},{"floor":26,"key":"Centennial Puzzle"}],"event_choices":[{"damage_healed":0,"gold_gain":0,"player_choice":"Donut","damage_taken":0,"max_hp_gain":5,"max_hp_loss":0,"event_name":"Big Fish","floor":3,"gold_loss":0},{"damage_healed":0,"gold_gain":0,"player_choice":"Traded Relic","damage_taken":0,"relics_obtained":["Nloth\u0027s Gift"],"max_hp_gain":0,"max_hp_loss":0,"event_name":"N\u0027loth","floor":19,"relics_lost":["Dream Catcher"],"gold_loss":0},{"cards_removed":["Strike_G"],"damage_healed":0,"gold_gain":0,"player_choice":"Gave Gold","damage_taken":0,"max_hp_gain":0,"max_hp_loss":0,"event_name":"Beggar","floor":27,"gold_loss":75}],"is_beta":false,"boss_relics":[{"not_picked":["Philosopher\u0027s Stone","Tiny House"],"picked":"Orrery"}],"items_purged_floors":[],"is_endless":false,"potions_floor_spawned":[1,6,8,11,31],"killed_by":"Collector","ascension_level":17}