{"gold_per_floor":[118,137,216,105,122,122,153,167,194,94,119,119,135,146,146,251,251,262,262,280,296,296,296,331,331,331,331],"floor_reached":27,"playtime":2089,"items_purged":["Strike_R","Strike_R"],"score":316,"play_id":"bc56a344-8f7c-4cad-b11a-7c86833e747e","local_time":"20190401204438","is_ascension_mode":true,"campfire_choices":[{"data":"Carnage","floor":6,"key":"SMITH"},{"data":"Body Slam","floor":12,"key":"SMITH"},{"floor":15,"key":"REST"},{"data":"Heavy Blade","floor":23,"key":"SMITH"},{"data":"Flame Barrier","floor":25,"key":"SMITH"}],"neow_cost":"NONE","seed_source_timestamp":270170355934100,"circlet_count":0,"master_deck":["Strike_R","Strike_R","Strike_R","Defend_R","Defend_R","Defend_R","Defend_R","Bash","Carnage+1","Shrug It Off","Thunderclap","Inflame","Shrug It Off","Spot Weakness","Body Slam+1","Flame Barrier+1","Heavy Blade+1","Double Tap","Intimidate","Swift Strike","Shockwave+1"],"relics":["Black Blood","Lantern","Regal Pillow","Happy Flower","Bottled Lightning","Bottled Flame"],"potions_floor_usage":[7,8,11,16,16,24,24],"damage_taken":[{"damage":0,"enemies":"Small Slimes","floor":1,"turns":2},{"damage":2,"enemies":"Jaw Worm","floor":2,"turns":3},{"damage":6,"enemies":"Cultist","floor":5,"turns":3},{"damage":16,"enemies":"Gremlin Nob","floor":7,"turns":3},{"damage":0,"enemies":"Blue Slaver","floor":8,"turns":2},{"damage":23,"enemies":"3 Sentries","floor":11,"turns":8},{"damage":22,"enemies":"Exordium Wildlife","floor":13,"turns":6},{"damage":5,"enemies":"Gremlin Gang","floor":14,"turns":4},{"damage":15,"enemies":"The Guardian","floor":16,"turns":9},{"damage":26,"enemies":"Chosen","floor":18,"turns":5},{"damage":1,"enemies":"Shell Parasite","floor":20,"turns":4},{"damage":0,"enemies":"Snecko","floor":21,"turns":3},{"damage":50,"enemies":"Gremlin Leader","floor":24,"turns":7},{"damage":30,"enemies":"3 Cultists","floor":27,"turns":4}],"seed_played":"1811385153350742087","potions_obtained":[{"floor":1,"key":"SteroidPotion"},{"floor":7,"key":"Energy Potion"},{"floor":8,"key":"Dexterity Potion"},{"floor":11,"key":"PowerPotion"},{"floor":14,"key":"SkillPotion"},{"floor":20,"key":"Strength Potion"},{"floor":21,"key":"Strength Potion"}],"is_trial":false,"path_per_floor":["M","M","?","$","M","R","E","M","T","$","E","R","M","M","R","B",null,"M","?","M","M","?","R","E","R","T","M"],"character_chosen":"IRONCLAD","items_purchased":["Inflame"],"campfire_rested":1,"item_purchase_floors":[4],"current_hp_per_floor":[78,80,80,80,80,80,70,76,76,76,59,59,43,44,80,71,78,62,46,55,65,65,65,25,25,25,0],"gold":331,"neow_bonus":"THREE_CARDS","is_prod":false,"is_daily":false,"chose_seed":false,"campfire_upgraded":4,"win_rate":0,"timestamp":1554144278,"path_taken":["M","M","?","$","M","R","E","M","T","$","E","R","M","M","R","BOSS","M","?","?","M","?","R","E","R","T","M"],"build_version":"2019-01-23","purchased_purges":2,"victory":false,"max_hp_per_floor":[80,80,80,80,80,80,80,80,80,80,80,80,80,80,80,80,80,80,80,80,80,80,80,80,80,80,80],"card_choices":[{"not_picked":["Thunderclap","Metallicize"],"picked":"Carnage","floor":0},{"not_picked":["Clothesline","Carnage"],"picked":"Shrug It Off","floor":1},{"not_picked":["Combust","Battle Trance"],"picked":"Thunderclap","floor":2},{"not_picked":["Rupture","Iron Wave"],"picked":"Shrug It Off","floor":5},{"not_picked":["Intimidate","Rage"],"picked":"Spot Weakness","floor":7},{"not_picked":["Wild Strike","Rupture","Flame Barrier"],"picked":"SKIP","floor":8},{"not_picked":["Battle Trance","Inflame"],"picked":"Body Slam","floor":11},{"not_picked":["Uppercut","Warcry"],"picked":"Flame Barrier","floor":13},{"not_picked":["Sentinel","Perfected Strike"],"picked":"Heavy Blade","floor":14},{"not_picked":["Exhume","Fiend Fire"],"picked":"Double Tap","floor":16},{"not_picked":["Perfected Strike+1","Wild Strike+1"],"picked":"Intimidate","floor":18},{"not_picked":["True Grit","Havoc","Iron Wave"],"picked":"SKIP","floor":20},{"not_picked":["Dropkick","Clothesline"],"picked":"Shockwave+1","floor":21},{"not_picked":["Reckless Charge","True Grit","Warcry"],"picked":"SKIP","floor":24}],"player_experience":519028,"relics_obtained":[{"floor":7,"key":"Lantern"},{"floor":9,"key":"Regal Pillow"},{"floor":11,"key":"Happy Flower"},{"floor":24,"key":"Bottled Lightning"},{"floor":26,"key":"Bottled Flame"}],"event_choices":[{"damage_healed":0,"gold_gain":79,"player_choice":"Gained Gold","damage_taken":0,"max_hp_gain":0,"max_hp_loss":0,"event_name":"Golden Wing","floor":3,"gold_loss":0},{"damage_healed":0,"gold_gain":0,"player_choice":"CARD ","damage_taken":16,"max_hp_gain":0,"max_hp_loss":0,"event_name":"Knowing Skull","floor":19,"potions_obtained":[],"gold_loss":0,"cards_obtained":["Swift Strike"]},{"damage_healed":0,"gold_gain":0,"player_choice":"Ignored","damage_taken":0,"max_hp_gain":0,"max_hp_loss":0,"event_name":"Vampires","floor":22,"gold_loss":0}],"is_beta":false,"boss_relics":[{"not_picked":["Runic Dome","Empty Cage"],"picked":"Black Blood"}],"items_purged_floors":[4,10],"is_endless":false,"potions_floor_spawned":[1,7,8,11,14,20,21],"killed_by":"3 Cultists","ascension_level":6}