{"gold_per_floor":[118,118,193,210,160,190,204,204,204,129,129,161,176,192,192,292,292,309,320,144,144,144,144,155,155,223,223,253,253,282,293,293,388,388,404,404,279,299,299,299,315,333,333,28,44,56,76,90,90,90],"floor_reached":51,"playtime":1987,"items_purged":["Strike_R","Strike_R","Strike_R","Disarm"],"score":824,"play_id":"7cc0bf51-b876-4964-a3fe-800842e6a2af","local_time":"20180710212525","is_ascension_mode":false,"campfire_choices":[{"data":"1","floor":8,"key":"LIFT"},{"data":"Bash","floor":11,"key":"SMITH"},{"data":"Pommel Strike","floor":15,"key":"SMITH"},{"data":"2","floor":23,"key":"LIFT"},{"data":"3","floor":25,"key":"LIFT"},{"data":"Sword Boomerang","floor":27,"key":"SMITH"},{"data":"Battle Trance","floor":29,"key":"SMITH"},{"data":"Offering","floor":32,"key":"SMITH"},{"data":"Heavy Blade","floor":40,"key":"SMITH"},{"data":"Spot Weakness","floor":49,"key":"SMITH"}],"neow_cost":"NONE","seed_source_timestamp":1035077103552285,"circlet_count":0,"master_deck":["Strike_R+1","Defend_R","Defend_R","Defend_R","Defend_R+1","Bash+1","Battle Trance+1","Cleave","Sword Boomerang+1","Pommel Strike+1","Reaper","Dual Wield+1","Twin Strike","Spot Weakness+1","Shrug It Off+1","Offering+1","Thunderclap+1","Immolate","Heavy Blade+1","Headbutt+1","Brutality+1"],"relics":["Burning Blood","NeowsBlessing","Girya","Shuriken","Bag of Preparation","Sozu","Frozen Egg 2","Kunai","Matryoshka","Calipers","Busted Crown","Molten Egg 2","Letter Opener","Vajra"],"potions_floor_usage":[50,50],"damage_taken":[{"damage":0,"enemies":"2 Louse","floor":1,"turns":1},{"damage":0,"enemies":"Jaw Worm","floor":4,"turns":1},{"damage":0,"enemies":"Lagavulin","floor":6,"turns":1},{"damage":2,"enemies":"Small Slimes","floor":7,"turns":3},{"damage":12,"enemies":"Gremlin Nob","floor":12,"turns":4},{"damage":2,"enemies":"Looter","floor":13,"turns":2},{"damage":5,"enemies":"Lots of Slimes","floor":14,"turns":2},{"damage":45,"enemies":"Hexaghost","floor":16,"turns":10},{"damage":13,"enemies":"Shell Parasite","floor":18,"turns":4},{"damage":6,"enemies":"Chosen","floor":19,"turns":3},{"damage":16,"enemies":"3 Cultists","floor":24,"turns":4},{"damage":12,"enemies":"Book of Stabbing","floor":28,"turns":4},{"damage":27,"enemies":"Slavers","floor":30,"turns":3},{"damage":12,"enemies":"Centurion and Healer","floor":31,"turns":3},{"damage":23,"enemies":"Collector","floor":33,"turns":4},{"damage":4,"enemies":"Orb Walker","floor":35,"turns":2},{"damage":4,"enemies":"3 Darklings","floor":38,"turns":1},{"damage":6,"enemies":"4 Shapes","floor":41,"turns":2},{"damage":15,"enemies":"Maw","floor":42,"turns":4},{"damage":4,"enemies":"3 Darklings","floor":45,"turns":3},{"damage":6,"enemies":"4 Shapes","floor":46,"turns":3},{"damage":4,"enemies":"Sphere and 2 Shapes","floor":47,"turns":3},{"damage":4,"enemies":"3 Darklings","floor":48,"turns":2},{"damage":30,"enemies":"Donu and Deca","floor":50,"turns":4}],"seed_played":"3910745150366216279","potions_obtained":[{"floor":1,"key":"BloodPotion"},{"floor":6,"key":"Dexterity Potion"},{"floor":16,"key":"Energy Potion"}],"is_trial":false,"path_per_floor":["M","?","?","M","?","E","M","R","T","$","R","E","M","M","R","B",null,"M","M","$","?","T","R","M","R","T","R","E","R","E","M","R","B",null,"M","?","$","M","?","R","M","M","T","$","M","M","M","M","R","B"],"character_chosen":"IRONCLAD","items_purchased":["Spot Weakness","Vajra"],"campfire_rested":0,"item_purchase_floors":[20,44],"current_hp_per_floor":[80,64,53,59,59,65,69,69,69,69,69,63,67,68,68,29,80,73,80,80,80,80,80,77,77,77,77,71,71,70,64,64,47,80,80,80,80,80,80,80,80,71,71,71,80,80,80,80,80,80],"gold":90,"neow_bonus":"THREE_ENEMY_KILL","is_prod":false,"is_daily":false,"chose_seed":false,"campfire_upgraded":7,"win_rate":0,"timestamp":1531229125,"path_taken":["M","?","?","M","?","E","M","R","T","$","R","E","M","M","R","BOSS","M","M","$","?","?","R","M","R","T","R","E","R","E","M","R","BOSS","M","?","$","?","?","R","M","M","T","?","M","M","M","M","R","BOSS"],"build_version":"2018-07-05","purchased_purges":4,"victory":true,"max_hp_per_floor":[80,80,80,80,80,80,80,80,80,80,80,80,80,80,80,80,80,80,80,80,80,80,80,80,80,80,80,80,80,80,80,80,80,80,80,80,80,80,80,80,80,80,80,80,80,80,80,80,80,80],"card_choices":[{"not_picked":["Body Slam","Feel No Pain"],"picked":"Battle Trance","floor":1},{"not_picked":["Iron Wave","Heavy Blade","Rampage"],"picked":"SKIP","floor":4},{"not_picked":["Perfected Strike","Hemokinesis"],"picked":"Cleave","floor":6},{"not_picked":["Heavy Blade","True Grit"],"picked":"Disarm","floor":7},{"not_picked":["Hemokinesis","Cleave"],"picked":"Sword Boomerang","floor":12},{"not_picked":["Heavy Blade","Searing Blow"],"picked":"Pommel Strike","floor":13},{"not_picked":["True Grit","Iron Wave","Immolate"],"picked":"SKIP","floor":14},{"not_picked":["Barricade","Immolate"],"picked":"Reaper","floor":16},{"not_picked":["Clothesline+1","Clash+1"],"picked":"Dual Wield+1","floor":18},{"not_picked":["Body Slam+1","Dual Wield"],"picked":"Twin Strike","floor":19},{"not_picked":["Carnage+1","Flex","Clothesline"],"picked":"SKIP","floor":24},{"not_picked":["Armaments","Evolve+1"],"picked":"Shrug It Off+1","floor":28},{"not_picked":["True Grit","Wild Strike"],"picked":"Offering","floor":30},{"not_picked":["Clash","Wild Strike"],"picked":"Thunderclap+1","floor":31},{"not_picked":["Berserk+1","Dark Embrace+1"],"picked":"Immolate","floor":33},{"not_picked":["Power Through"],"picked":"SKIP","floor":35},{"not_picked":[],"picked":"Heavy Blade","floor":38},{"not_picked":["Flex"],"picked":"SKIP","floor":41},{"not_picked":["Clothesline"],"picked":"SKIP","floor":42},{"not_picked":[],"picked":"Headbutt+1","floor":45},{"not_picked":["Havoc"],"picked":"SKIP","floor":46},{"not_picked":["Perfected Strike+1"],"picked":"SKIP","floor":47},{"not_picked":[],"picked":"Brutality+1","floor":48}],"player_experience":664063,"relics_obtained":[{"floor":6,"key":"Girya"},{"floor":9,"key":"Shuriken"},{"floor":12,"key":"Bag of Preparation"},{"floor":22,"key":"Frozen Egg 2"},{"floor":26,"key":"Kunai"},{"floor":28,"key":"Matryoshka"},{"floor":30,"key":"Calipers"},{"floor":43,"key":"Molten Egg 2"},{"floor":43,"key":"Letter Opener"}],"event_choices":[{"event_name":"Shining Light","player_choice":"Entered Light","floor":2,"damage_taken":0},{"event_name":"World of Goop","player_choice":"Gather Gold","floor":3,"damage_taken":0},{"event_name":"The Cleric","player_choice":"Card Removal","floor":5,"damage_taken":0},{"event_name":"Ghosts","player_choice":"Ignored","floor":21,"damage_taken":0},{"event_name":"Match and Keep!","player_choice":"1 cards matched","floor":36,"damage_taken":0},{"event_name":"Falling","player_choice":"Removed Skill","floor":39,"damage_taken":0}],"boss_relics":[{"not_picked":["Philosopher\u0027s Stone","Tiny House"],"picked":"Sozu"},{"not_picked":["Eternal Feather","Orrery"],"picked":"Busted Crown"}],"items_purged_floors":[10,20,37,44],"is_endless":false,"potions_floor_spawned":[1,6,16,18,30,42,45,46,48],"ascension_level":0}