{"gold_per_floor":[116,131,306,192,206,206,234,245,294,294,304,315,315,23,23,147,147,162,162,37,57,57,57,98,98,149,162,162,183,197,212,212,335,335,355,379,379,32,95,110,110,123,123,123,142,142,166,179,179,179],"floor_reached":50,"playtime":3463,"items_purged":["Doubt","Strike_B","Strike_B"],"score":493,"play_id":"10fb74db-2d8b-459d-b97a-8396e52e05f5","local_time":"20190303221111","is_ascension_mode":false,"campfire_choices":[{"data":"Hologram","floor":6,"key":"SMITH"},{"data":"Seek","floor":10,"key":"SMITH"},{"data":"Static Discharge","floor":15,"key":"SMITH"},{"data":"Dualcast","floor":23,"key":"SMITH"},{"data":"Electrodynamics","floor":25,"key":"SMITH"},{"data":"Loop","floor":32,"key":"SMITH"},{"floor":41,"key":"REST"},{"floor":44,"key":"RECALL"},{"floor":46,"key":"REST"},{"floor":49,"key":"REST"}],"neow_cost":"NONE","seed_source_timestamp":715386511525109,"circlet_count":0,"master_deck":["Strike_B","Strike_B","Defend_B","Defend_B","Defend_B+1","Defend_B","Zap+1","Dualcast+1","Conserve Battery","Hologram+1","Self Repair","Ball Lightning","Cold Snap","Seek+1","Auto Shields","Glacier","Static Discharge+1","Core Surge","Machine Learning","Turbo+1","Shame","Electrodynamics+1","Reprogram+1","Loop+1","Redo","Reinforced Body","Amplify","Leap+1","Apotheosis","Double Energy+1","Redo+1","Clumsy","Thunder Strike+1","Coolheaded"],"relics":["Cracked Core","Pantograph","Anchor","Golden Idol","Busted Crown","Dream Catcher","Turnip","Boot","Cursed Key","War Paint","Emotion Chip","Molten Egg 2"],"potions_floor_usage":[7,24,30,39,39,40,45,50],"damage_taken":[{"damage":1,"enemies":"Jaw Worm","floor":1,"turns":3},{"damage":0,"enemies":"2 Louse","floor":2,"turns":2},{"damage":7,"enemies":"Small Slimes","floor":5,"turns":3},{"damage":11,"enemies":"Gremlin Nob","floor":7,"turns":3},{"damage":2,"enemies":"Blue Slaver","floor":8,"turns":4},{"damage":0,"enemies":"Large Slime","floor":11,"turns":3},{"damage":2,"enemies":"Gremlin Gang","floor":12,"turns":3},{"damage":32,"enemies":"The Guardian","floor":16,"turns":13},{"damage":4,"enemies":"2 Thieves","floor":18,"turns":4},{"damage":3,"enemies":"3 Byrds","floor":21,"turns":4},{"damage":8,"enemies":"Book of Stabbing","floor":24,"turns":6},{"damage":0,"enemies":"Centurion and Healer","floor":27,"turns":5},{"damage":14,"enemies":"Shelled Parasite and Fungi","floor":29,"turns":6},{"damage":0,"enemies":"Cultist and Chosen","floor":30,"turns":5},{"damage":0,"enemies":"Centurion and Healer","floor":31,"turns":4},{"damage":40,"enemies":"Automaton","floor":33,"turns":11},{"damage":3,"enemies":"Orb Walker","floor":35,"turns":3},{"damage":10,"enemies":"3 Shapes","floor":36,"turns":2},{"damage":56,"enemies":"2 Orb Walkers","floor":39,"turns":4},{"damage":19,"enemies":"Transient","floor":40,"turns":5},{"damage":7,"enemies":"Sphere and 2 Shapes","floor":42,"turns":5},{"damage":36,"enemies":"Jaw Worm Horde","floor":45,"turns":5},{"damage":5,"enemies":"3 Darklings","floor":47,"turns":5},{"damage":16,"enemies":"Maw","floor":48,"turns":6},{"damage":81,"enemies":"Awakened One","floor":50,"turns":12}],"seed_played":"-8067397805947844167","potions_obtained":[{"floor":1,"key":"FocusPotion"},{"floor":2,"key":"LiquidBronze"},{"floor":8,"key":"SkillPotion"},{"floor":16,"key":"SpeedPotion"},{"floor":27,"key":"Fire Potion"},{"floor":30,"key":"FearPotion"},{"floor":31,"key":"Regen Potion"},{"floor":39,"key":"EssenceOfSteel"},{"floor":42,"key":"Strength Potion"},{"floor":45,"key":"Energy Potion"}],"is_trial":false,"path_per_floor":["M","M","?","$","M","R","E","M","T","R","M","M","?","$","R","B",null,"M","?","$","M","?","R","E","R","T","M","?","M","M","M","R","B",null,"M","M","?","$","?","M","R","M","T","R","M","R","M","M","R","B"],"character_chosen":"DEFECT","items_purchased":["Self Repair","Static Discharge","Core Surge","Apotheosis","War Paint"],"campfire_rested":3,"item_purchase_floors":[4,14,14,38,38],"current_hp_per_floor":[74,74,74,74,74,74,70,75,75,75,75,75,57,57,57,50,75,75,75,75,75,75,75,74,74,74,75,75,68,75,75,75,42,75,75,65,65,65,23,14,36,39,39,39,13,35,50,44,66,0],"gold":179,"neow_bonus":"UPGRADE_CARD","is_prod":false,"is_daily":false,"chose_seed":false,"campfire_upgraded":6,"win_rate":0,"timestamp":1551622271,"path_taken":["M","M","?","$","M","R","E","M","T","R","M","M","?","$","R","BOSS","M","?","$","M","?","R","E","R","T","M","?","M","M","M","R","BOSS","M","M","?","$","?","M","R","M","T","R","M","R","M","M","R","BOSS"],"build_version":"2019-01-23","purchased_purges":3,"victory":false,"max_hp_per_floor":[75,75,75,75,75,75,75,75,75,75,75,75,75,75,75,75,75,75,75,75,75,75,75,75,75,75,75,75,75,75,75,75,75,75,75,75,75,75,75,75,75,75,75,75,75,75,75,75,75,75],"card_choices":[{"not_picked":["Chill","Rebound"],"picked":"Conserve Battery","floor":1},{"not_picked":["Turbo","All For One"],"picked":"Hologram","floor":2},{"not_picked":["Fusion","Stack"],"picked":"Ball Lightning","floor":5},{"not_picked":["Reprogram","Beam Cell"],"picked":"Cold Snap","floor":7},{"not_picked":["Gash","Turbo"],"picked":"Seek","floor":8},{"not_picked":["Coolheaded","Compile Driver"],"picked":"Auto Shields","floor":11},{"not_picked":["Recycle","Steam Power"],"picked":"Glacier","floor":12},{"not_picked":["Seek","Amplify"],"picked":"Machine Learning","floor":16},{"not_picked":[],"picked":"Turbo","floor":18},{"not_picked":["Cold Snap"],"picked":"SKIP","floor":21},{"not_picked":[],"picked":"Electrodynamics","floor":24},{"not_picked":[],"picked":"Reprogram+1","floor":27},{"not_picked":[],"picked":"Redo","floor":29},{"not_picked":["Recycle"],"picked":"SKIP","floor":30},{"not_picked":[],"picked":"Reinforced Body","floor":31},{"not_picked":[],"picked":"Amplify","floor":33},{"not_picked":[],"picked":"Leap+1","floor":35},{"not_picked":["Streamline+1"],"picked":"SKIP","floor":36},{"not_picked":[],"picked":"Double Energy+1","floor":39},{"not_picked":["Gash"],"picked":"SKIP","floor":40},{"not_picked":[],"picked":"Redo+1","floor":41},{"not_picked":["Gash"],"picked":"SKIP","floor":42},{"not_picked":["Streamline+1"],"picked":"SKIP","floor":45},{"not_picked":[],"picked":"Thunder Strike+1","floor":47},{"not_picked":["Streamline+1"],"picked":"SKIP","floor":48},{"not_picked":[],"picked":"Coolheaded","floor":49}],"player_experience":738475,"relics_obtained":[{"floor":7,"key":"Pantograph"},{"floor":9,"key":"Anchor"},{"floor":24,"key":"Boot"},{"floor":39,"key":"Emotion Chip"},{"floor":43,"key":"Molten Egg 2"}],"event_choices":[{"damage_healed":0,"gold_gain":175,"player_choice":"AGREE","damage_taken":0,"max_hp_gain":0,"max_hp_loss":0,"event_name":"Liars Game","floor":3,"gold_loss":0,"cards_obtained":["Doubt"]},{"damage_healed":0,"gold_gain":0,"player_choice":"Take Damage","damage_taken":18,"relics_obtained":["Golden Idol"],"max_hp_gain":0,"max_hp_loss":0,"event_name":"Golden Idol","floor":13,"gold_loss":0},{"damage_healed":0,"gold_gain":0,"player_choice":"Opened","damage_taken":0,"relics_obtained":["Dream Catcher"],"max_hp_gain":0,"max_hp_loss":0,"event_name":"The Mausoleum","floor":19,"gold_loss":0},{"damage_healed":0,"gold_gain":0,"player_choice":"Stole Relic","damage_taken":0,"relics_obtained":["Turnip"],"max_hp_gain":0,"max_hp_loss":0,"event_name":"Addict","floor":22,"gold_loss":0,"cards_obtained":["Shame"]},{"damage_healed":0,"gold_gain":0,"player_choice":"Read","damage_taken":0,"max_hp_gain":0,"max_hp_loss":0,"event_name":"The Library","floor":28,"gold_loss":0,"cards_obtained":["Loop"]},{"damage_healed":0,"gold_gain":0,"player_choice":"Ignored","damage_taken":0,"max_hp_gain":0,"max_hp_loss":0,"event_name":"Tomb of Lord Red Mask","floor":37,"gold_loss":0},{"damage_healed":0,"gold_gain":0,"player_choice":"Fight","damage_taken":0,"max_hp_gain":0,"max_hp_loss":0,"event_name":"Mysterious Sphere","floor":39,"gold_loss":0}],"is_beta":false,"boss_relics":[{"not_picked":["Coffee Dripper","Black Star"],"picked":"Busted Crown"},{"not_picked":["Philosopher\u0027s Stone","Tiny House"],"picked":"Cursed Key"}],"items_purged_floors":[4,14,20],"is_endless":false,"potions_floor_spawned":[1,2,8,16,27,30,31,33,36,39,42,45],"killed_by":"Awakened One","ascension_level":0}