{"path_per_floor":["M","?","M","M","$","R","M","M","T","R","M","R","?","T","R","B",null,"M","?","?","$","M","E","M","R","T","R","M","M","E","M","R"],"character_chosen":"IRONCLAD","items_purchased":["Inflame","Armaments","Pommel Strike"],"gold_per_floor":[362,362,374,392,184,184,200,215,293,293,309,309,309,309,309,404,404,344,269,269,169,169,169,169,169,169,169,169,169,169,169,169,169],"floor_reached":33,"campfire_rested":1,"playtime":1132,"current_hp_per_floor":[42,35,37,42,42,42,48,62,62,62,65,65,65,65,65,57,80,69,69,69,69,75,55,45,69,69,69,69,70,73,63,63,0],"items_purged":["Strike_R","Strike_R"],"gold":169,"score":279,"play_id":"7293482a-91d1-4d1f-be2b-b9037a28fc25","local_time":"20180519213306","is_prod":false,"is_daily":false,"chose_seed":false,"is_ascension_mode":false,"campfire_upgraded":6,"timestamp":1526736786,"campfire_choices":[{"data":"Armaments","floor":6,"key":"SMITH"},{"data":"Bash","floor":10,"key":"SMITH"},{"data":"Pommel Strike","floor":12,"key":"SMITH"},{"data":"Inflame","floor":15,"key":"SMITH"},{"floor":25,"key":"REST"},{"data":"Shockwave","floor":27,"key":"SMITH"},{"data":"Berserk","floor":32,"key":"SMITH"}],"path_taken":["M","?","M","M","$","R","M","?","T","R","M","R","?","?","R","BOSS","M","?","?","$","?","E","M","R","T","R","M","M","E","M","R","BOSS"],"build_version":"2018-05-17","seed_source_timestamp":36147768930183,"purchased_purges":2,"victory":false,"master_deck":["Strike_R","Defend_R","Defend_R","Defend_R","Defend_R","Bash+1","Body Slam+1","Iron Wave","Spot Weakness","Inflame+1","Armaments+1","Pommel Strike+1","Inflame","Sword Boomerang","Berserk+1","Flex+1","Whirlwind+1","Shockwave+1","Sword Boomerang","Thunderclap","Sword Boomerang+1","Heavy Blade+1"],"max_hp_per_floor":[80,80,80,80,80,80,80,80,80,80,80,80,80,80,80,80,80,80,80,80,80,80,80,80,80,80,80,80,80,80,80,80,80],"relics":["Burning Blood","Blue Candle","Centennial Puzzle","Ectoplasm","Sundial","Bag of Marbles","Omamori","Dream Catcher"],"card_choices":[{"not_picked":["Dual Wield","Havoc"],"picked":"Body Slam","floor":1},{"not_picked":["Flex","Hemokinesis"],"picked":"Iron Wave","floor":3},{"not_picked":["Thunderclap","Body Slam"],"picked":"Spot Weakness","floor":4},{"not_picked":["Fire Breathing","Armaments","Flex"],"picked":"SKIP","floor":7},{"not_picked":["Heavy Blade","Wild Strike"],"picked":"Inflame","floor":8},{"not_picked":["Body Slam","Second Wind"],"picked":"Sword Boomerang","floor":11},{"not_picked":["Fiend Fire","Double Tap"],"picked":"Berserk","floor":16},{"not_picked":["Disarm","Sentinel"],"picked":"Flex+1","floor":18},{"not_picked":["Blood for Blood","Clash"],"picked":"Whirlwind+1","floor":22},{"not_picked":["Ghostly Armor","Spot Weakness"],"picked":"Shockwave","floor":23},{"not_picked":["Blood for Blood","Body Slam"],"picked":"Sword Boomerang","floor":24},{"not_picked":["Iron Wave","Inflame"],"picked":"Thunderclap","floor":28},{"not_picked":["Havoc+1","Anger"],"picked":"Sword Boomerang+1","floor":29},{"not_picked":["Spot Weakness","Hemokinesis"],"picked":"Heavy Blade+1","floor":30},{"not_picked":["Hemokinesis+1","Body Slam","Thunderclap"],"picked":"SKIP","floor":31}],"player_experience":649460,"potions_floor_usage":[8,23,33,33],"damage_taken":[{"damage":4,"enemies":"2 Louse","floor":1,"turns":4},{"damage":4,"enemies":"Small Slimes","floor":3,"turns":4},{"damage":1,"enemies":"Cultist","floor":4,"turns":4},{"damage":0,"enemies":"Blue Slaver","floor":7,"turns":4},{"damage":6,"enemies":"Lots of Slimes","floor":8,"turns":7},{"damage":3,"enemies":"Exordium Wildlife","floor":11,"turns":3},{"damage":14,"enemies":"The Guardian","floor":16,"turns":7},{"damage":17,"enemies":"2 Thieves","floor":18,"turns":3},{"damage":0,"enemies":"Chosen","floor":22,"turns":2},{"damage":26,"enemies":"Slavers","floor":23,"turns":4},{"damage":16,"enemies":"Snake Plant","floor":24,"turns":2},{"damage":6,"enemies":"Snecko","floor":28,"turns":3},{"damage":5,"enemies":"Cultist and Chosen","floor":29,"turns":3},{"damage":3,"enemies":"Gremlin Leader","floor":30,"turns":4},{"damage":16,"enemies":"Centurion and Healer","floor":31,"turns":3},{"damage":64,"enemies":"Champ","floor":33,"turns":8}],"relics_obtained":[{"floor":9,"key":"Blue Candle"},{"floor":14,"key":"Centennial Puzzle"},{"floor":23,"key":"Bag of Marbles"},{"floor":26,"key":"Omamori"},{"floor":30,"key":"Dream Catcher"}],"event_choices":[{"event_name":"Golden Wing","player_choice":"Card Removal","floor":2,"damage_taken":0},{"event_name":"Upgrade Shrine","player_choice":"Upgraded","floor":13,"damage_taken":0},{"event_name":"Beggar","player_choice":"Gave Gold","floor":19,"damage_taken":0},{"event_name":"The Mausoleum","player_choice":"Yes","floor":20,"damage_taken":0}],"boss_relics":[{"not_picked":["Snecko Eye","Pandora\u0027s Box"],"picked":"Ectoplasm"}],"potions_floor_spawned":[1,4,16,18,24,28,30],"seed_played":"-9119512293520116084","killed_by":"Champ","ascension_level":0,"potions_obtained":[{"floor":1,"key":"SmokeBomb"},{"floor":4,"key":"Regen Potion"},{"floor":16,"key":"Block Potion"},{"floor":18,"key":"GamblersBrew"},{"floor":24,"key":"Block Potion"}],"is_trial":false}