{"path_per_floor":["M","M","M","M","$","R","E","R","T","E","M","R","M","?","R","B",null,"M","M","M","M","$","M","M","R","T","R","?","R","M","?","R","B",null,"M","M","?","?","M","R","T","M","T","M","M","$","?","M","R","B"],"character_chosen":"IRONCLAD","items_purchased":["Shrug It Off","Brutality","Orichalcum"],"gold_per_floor":[113,126,141,154,34,34,65,65,65,100,116,116,126,126,126,230,230,243,261,277,288,33,48,64,64,64,64,64,64,74,74,74,178,178,195,215,215,215,235,235,280,290,370,383,395,124,124,144,144,144],"floor_reached":51,"campfire_rested":5,"playtime":2391,"current_hp_per_floor":[80,80,80,75,75,75,70,70,70,38,39,63,67,51,75,43,80,80,80,62,50,50,31,35,35,49,77,61,61,46,46,65,47,65,65,62,62,62,51,51,51,41,41,18,19,19,35,36,55,12],"items_purged":["Defend_R","Strike_R","Defend_R"],"gold":144,"score":690,"play_id":"5adf0552-d1ed-49c6-9eb6-e10d1519e83e","local_time":"20180326004304","is_prod":false,"is_daily":false,"is_ascension_mode":false,"campfire_upgraded":5,"timestamp":1521996184,"path_taken":["M","M","M","M","$","R","E","R","T","E","M","R","M","?","R","BOSS","M","M","M","?","$","M","M","R","T","R","?","R","?","?","R","BOSS","M","M","?","?","M","R","?","?","T","M","M","$","?","?","R","BOSS"],"build_version":"2018-03-22v2","purchased_purges":3,"victory":true,"master_deck":["Defend_R","Bash+1","Blood for Blood","Demon Form+1","Shrug It Off+1","Shrug It Off","Sword Boomerang","Seeing Red+1","Pommel Strike","Battle Trance","Offering","Armaments+1","Pummel+1","Pommel Strike","Twin Strike","Brutality","Sword Boomerang","Bite","Bite","Limit Break+1","Blind+1","Exhume+1","Transmutation+1","Spot Weakness","Rupture","Headbutt","Heavy Blade","Heavy Blade"],"max_hp_per_floor":[80,80,80,80,80,80,80,80,80,80,80,80,80,80,80,80,80,80,80,80,80,80,80,80,80,94,94,94,94,94,65,65,65,65,65,65,65,65,65,65,65,65,65,65,65,65,65,65,65,65],"relics":["Burning Blood","NeowsBlessing","Omamori","Red Skull","Unceasing Top","Mark of Pain","Mango","Necronomicon","Astrolabe","Bag of Preparation","Centennial Puzzle","Orichalcum"],"card_choices":[{"not_picked":["Clash","Flex"],"picked":"Blood for Blood","floor":2},{"not_picked":["Dual Wield","Ghostly Armor"],"picked":"Demon Form","floor":3},{"not_picked":["Havoc","Flex"],"picked":"Shrug It Off","floor":4},{"not_picked":["Corruption","Blood for Blood"],"picked":"Sword Boomerang","floor":7},{"not_picked":["Sword Boomerang","Bludgeon"],"picked":"Seeing Red","floor":10},{"not_picked":["Body Slam","Uppercut"],"picked":"Pommel Strike","floor":11},{"not_picked":["Headbutt","Shrug It Off"],"picked":"Battle Trance","floor":13},{"not_picked":["Fiend Fire","Double Tap"],"picked":"Offering","floor":16},{"not_picked":["Anger","Clash"],"picked":"Armaments","floor":18},{"not_picked":["Thunderclap","Havoc"],"picked":"Pummel","floor":19},{"not_picked":["Shockwave","Iron Wave"],"picked":"Pommel Strike","floor":20},{"not_picked":["Clash","Perfected Strike"],"picked":"Twin Strike","floor":21},{"not_picked":["Twin Strike","Headbutt"],"picked":"Sword Boomerang","floor":23},{"not_picked":["Brutality","Immolate"],"picked":"Limit Break","floor":33},{"not_picked":["Headbutt","Combust"],"picked":"Spot Weakness","floor":35},{"not_picked":["Havoc","Body Slam"],"picked":"Rupture","floor":36},{"not_picked":["Armaments","Infernal Blade"],"picked":"Headbutt","floor":44},{"not_picked":["Burning Pact","Whirlwind"],"picked":"Heavy Blade","floor":45},{"not_picked":["Twin Strike","Flex"],"picked":"Heavy Blade","floor":48}],"player_experience":376512,"potions_floor_usage":[33,39,50,50],"damage_taken":[{"damage":0,"enemies":"Jaw Worm","floor":1,"turns":1},{"damage":0,"enemies":"Small Slimes","floor":2,"turns":1},{"damage":0,"enemies":"2 Louse","floor":3,"turns":1},{"damage":11,"enemies":"Gremlin Gang","floor":4,"turns":6},{"damage":11,"enemies":"3 Sentries","floor":7,"turns":7},{"damage":38,"enemies":"Gremlin Nob","floor":10,"turns":5},{"damage":5,"enemies":"Large Slime","floor":11,"turns":5},{"damage":2,"enemies":"Blue Slaver","floor":13,"turns":4},{"damage":38,"enemies":"Hexaghost","floor":16,"turns":6},{"damage":6,"enemies":"Chosen","floor":18,"turns":3},{"damage":4,"enemies":"Spheric Guardian","floor":19,"turns":3},{"damage":24,"enemies":"Centurion and Healer","floor":20,"turns":4},{"damage":18,"enemies":"Sentry and Sphere","floor":21,"turns":5},{"damage":25,"enemies":"Cultist and Chosen","floor":23,"turns":6},{"damage":2,"enemies":"Snecko","floor":24,"turns":3},{"damage":21,"enemies":"Slaver and Parasite","floor":30,"turns":5},{"damage":33,"enemies":"Champ","floor":33,"turns":6},{"damage":8,"enemies":"3 Shapes","floor":35,"turns":4},{"damage":11,"enemies":"3 Darklings","floor":36,"turns":3},{"damage":22,"enemies":"4 Shapes","floor":39,"turns":6},{"damage":21,"enemies":"Maw","floor":42,"turns":5},{"damage":34,"enemies":"3 Darklings","floor":44,"turns":3},{"damage":5,"enemies":"Sphere and 2 Shapes","floor":45,"turns":3},{"damage":10,"enemies":"Maw","floor":48,"turns":3},{"damage":54,"enemies":"Awakened One","floor":50,"turns":5}],"event_choices":[{"event_name":"Shining Light","player_choice":"Entered Light","floor":14,"damage_taken":0},{"event_name":"Cursed Tome","player_choice":"Obtained Book","floor":28,"damage_taken":0},{"event_name":"Vampires","player_choice":"Became a vampire","floor":31,"damage_taken":0},{"event_name":"Mysterious Sphere","player_choice":"Ignore","floor":38,"damage_taken":0},{"event_name":"Winding Halls","player_choice":"Writhe","floor":47,"damage_taken":0}],"boss_relics":[{"not_picked":["Black Star","Philosopher\u0027s Stone"],"picked":"Mark of Pain"},{"not_picked":["Question Card","Tiny House"],"picked":"Astrolabe"}],"potions_floor_spawned":[3,7,11,13,19,20,24,30,36,39,45],"seed_played":"-583188234307689981","ascension_level":0,"is_trial":false}