{"gold_per_floor":[110,110,124,199,28,61,74,84,84,84,34,34,209,228,228,323,323,323,323,33,33,33,33,33,33,33,33,33,33,33,33,33,33,33,33,33,33,33,33,33,33,33,33,33,33,33,33,33,33,33],"floor_reached":51,"playtime":2689,"items_purged":["Strike_G"],"score":1024,"play_id":"7fcc885a-bc8c-4925-bbdf-63159ee49a06","local_time":"20190305214901","is_ascension_mode":false,"campfire_choices":[{"data":"Neutralize","floor":12.0,"key":"SMITH"},{"data":"Footwork","floor":15.0,"key":"SMITH"},{"data":"Blade Dance","floor":24.0,"key":"SMITH"},{"data":"Blind","floor":28.0,"key":"SMITH"},{"data":"Blade Dance","floor":32.0,"key":"SMITH"},{"data":"Burst","floor":42.0,"key":"SMITH"},{"floor":49,"key":"DIG"}],"neow_cost":"NONE","seed_source_timestamp":20614850175628,"circlet_count":0,"master_deck":["Defend_G","Defend_G","Defend_G","Defend_G","Defend_G","Strike_G+1","Strike_G+1","Strike_G","Survivor","Neutralize+1","Dash","Blind+1","Footwork+1","Backflip","Dagger Spray","Doubt","Well Laid Plans","A Thousand Cuts","Concentrate+1","Ghostly","Ghostly","Ghostly","Ghostly","Ghostly","Blade Dance+1","Blade Dance+1","Backstab+1","Cloak And Dagger+1","Footwork","Expertise+1","Burst+1","Slice","Blade Dance+1","Leg Sweep","Blade Dance+1","Malaise+1","Calculated Gamble+1","After Image","Infinite Blades+1"],"special_seed":0,"relics":["Ring of the Snake","Whetstone","Darkstone Periapt","Ice Cream","Shuriken","Ectoplasm","Kunai","Shovel","Dodecahedron","CultistMask","Cursed Key","Question Card","Toxic Egg 2","Bottled Tornado"],"potions_floor_usage":[50,50],"damage_taken":[{"damage":0.0,"enemies":"Small Slimes","floor":1.0,"turns":3.0},{"damage":0.0,"enemies":"2 Louse","floor":3.0,"turns":3.0},{"damage":11.0,"enemies":"3 Sentries","floor":6.0,"turns":12.0},{"damage":0.0,"enemies":"Jaw Worm","floor":7.0,"turns":4.0},{"damage":0.0,"enemies":"Blue Slaver","floor":8.0,"turns":4.0},{"damage":0.0,"enemies":"2 Fungi Beasts","floor":14.0,"turns":4.0},{"damage":0.0,"enemies":"The Guardian","floor":16.0,"turns":14.0},{"damage":0.0,"enemies":"Shell Parasite","floor":18.0,"turns":8.0},{"damage":1.0,"enemies":"Spheric Guardian","floor":22.0,"turns":6.0},{"damage":4.0,"enemies":"Book of Stabbing","floor":23.0,"turns":8.0},{"damage":0.0,"enemies":"Centurion and Healer","floor":25.0,"turns":7.0},{"damage":7.0,"enemies":"Snake Plant","floor":29.0,"turns":6.0},{"damage":0.0,"enemies":"Sentry and Sphere","floor":30.0,"turns":6.0},{"damage":0.0,"enemies":"Champ","floor":33.0,"turns":10.0},{"damage":0.0,"enemies":"3 Shapes","floor":35.0,"turns":3.0},{"damage":4.0,"enemies":"3 Darklings","floor":37.0,"turns":6.0},{"damage":0.0,"enemies":"Spire Growth","floor":38.0,"turns":5.0},{"damage":0.0,"enemies":"Writhing Mass","floor":39.0,"turns":8.0},{"damage":0.0,"enemies":"Nemesis","floor":40.0,"turns":7.0},{"damage":0.0,"enemies":"Maw","floor":41.0,"turns":8.0},{"damage":1.0,"enemies":"Jaw Worm Horde","floor":45.0,"turns":3.0},{"damage":0.0,"enemies":"Transient","floor":46.0,"turns":5.0},{"damage":0,"enemies":"Donu and Deca","floor":50,"turns":10}],"seed_played":"5824792953807977009","potions_obtained":[{"floor":1.0,"key":"Weak Potion"},{"floor":7.0,"key":"SteroidPotion"},{"floor":14.0,"key":"EssenceOfSteel"},{"floor":16.0,"key":"SkillPotion"},{"floor":25.0,"key":"PowerPotion"},{"floor":27.0,"key":"Fruit Juice"},{"floor":27.0,"key":"FairyPotion"},{"floor":27.0,"key":"PowerPotion"},{"floor":33.0,"key":"Ancient Potion"},{"floor":37.0,"key":"Weak Potion"},{"floor":39.0,"key":"Explosive Potion"},{"floor":41.0,"key":"Explosive Potion"}],"is_trial":false,"path_per_floor":["M","?","M","?","$","E","M","M","T","T","?","R","?","M","R","B",null,"M","?","$","?","M","E","R","M","T","?","R","M","M","?","R","B",null,"M","?","M","M","M","E","M","R","T","?","M","M","T","T","R","B",null],"character_chosen":"THE_SILENT","items_purchased":["Blind","Kunai","Blade Dance"],"campfire_rested":0,"item_purchase_floors":[5,20,20],"current_hp_per_floor":[70,75,75,64,64,53,53,53,53,53,53,53,59,59,59,59,81,81,40,40,40,39,35,35,35,35,40,40,33,33,33,33,33,45,45,45,41,41,41,41,41,41,41,41,40,40,40,40,40,40],"gold":33,"neow_bonus":"RANDOM_COMMON_RELIC","is_prod":false,"is_daily":false,"chose_seed":false,"campfire_upgraded":6,"win_rate":0,"timestamp":1551844141,"path_taken":["M","?","M","?","?","E","M","M","T","?","?","R","?","M","R","BOSS","M","?","$","?","M","E","R","M","T","?","R","?","M","?","R","BOSS","M","?","M","M","?","E","M","R","T","?","M","?","?","?","R","BOSS"],"build_version":"2019-01-23","purchased_purges":1,"victory":true,"max_hp_per_floor":[70,75,75,75,75,75,75,75,75,75,75,75,81,81,81,81,81,81,40,40,40,40,40,40,40,40,45,45,45,45,45,45,45,45,45,45,45,45,45,45,45,45,45,45,45,45,45,45,45,45],"card_choices":[{"not_picked":["Flechettes","PiercingWail","Acrobatics"],"picked":"SKIP","floor":1.0},{"not_picked":["Blade Dance","Crippling Poison"],"picked":"Dash","floor":3.0},{"not_picked":["Distraction","Sucker Punch"],"picked":"Footwork","floor":6.0},{"not_picked":["Bane","Terror"],"picked":"Backflip","floor":7.0},{"not_picked":["Dodge and Roll","Escape Plan"],"picked":"Dagger Spray","floor":8.0},{"not_picked":["Escape Plan","Quick Slash"],"picked":"Well Laid Plans","floor":14.0},{"not_picked":["Unload","Bullet Time"],"picked":"A Thousand Cuts","floor":16.0},{"not_picked":["Dagger Spray+1","Deadly Poison+1"],"picked":"Concentrate+1","floor":18.0},{"not_picked":["Dagger Spray+1","All Out Attack"],"picked":"Blade Dance","floor":22.0},{"not_picked":["Catalyst+1","Choke"],"picked":"Backstab+1","floor":23.0},{"not_picked":["Prepared","Well Laid Plans"],"picked":"Cloak And Dagger+1","floor":25.0},{"not_picked":["Bane+1","Prepared+1"],"picked":"Footwork","floor":29.0},{"not_picked":["Caltrops","Masterful Stab"],"picked":"Expertise+1","floor":30.0},{"not_picked":["Bullet Time","Phantasmal Killer"],"picked":"Burst","floor":33.0},{"not_picked":["Outmaneuver","Terror"],"picked":"Slice","floor":35.0},{"not_picked":["Tactician+1","Flying Knee+1","Heel Hook+1"],"picked":"Blade Dance+1","floor":37.0},{"not_picked":["Quick Slash","PiercingWail+1","Acrobatics"],"picked":"Leg Sweep","floor":38.0},{"not_picked":["Venomology","Sucker Punch","Quick Slash+1"],"picked":"Blade Dance+1","floor":39.0},{"not_picked":["Endless Agony","Flechettes","Cloak And Dagger+1"],"picked":"Malaise","floor":40.0},{"not_picked":["Deadly Poison+1","Acrobatics+1","Leg Sweep+1"],"picked":"Calculated Gamble+1","floor":41.0},{"not_picked":["Underhanded Strike","Cloak And Dagger+1","Outmaneuver+1"],"picked":"After Image","floor":45.0},{"not_picked":["Endless Agony","Concentrate+1","Slice"],"picked":"Infinite Blades+1","floor":46.0}],"player_experience":993012,"relics_obtained":[{"floor":6.0,"key":"Darkstone Periapt"},{"floor":9.0,"key":"Ice Cream"},{"floor":10.0,"key":"Shuriken"},{"floor":23.0,"key":"Shovel"},{"floor":26.0,"key":"Dodecahedron"},{"floor":40.0,"key":"Toxic Egg 2"},{"floor":49,"key":"Bottled Tornado"}],"event_choices":[{"damage_healed":0.0,"max_hp_gain":5.0,"max_hp_loss":0.0,"gold_gain":0.0,"event_name":"Big Fish","player_choice":"Donut","floor":2.0,"gold_loss":0.0,"damage_taken":0.0},{"damage_healed":0.0,"max_hp_gain":0.0,"max_hp_loss":0.0,"gold_gain":75.0,"event_name":"World of Goop","player_choice":"Gather Gold","floor":4.0,"gold_loss":0.0,"damage_taken":11.0},{"cards_removed":["Strike_G"],"damage_healed":0.0,"max_hp_gain":0.0,"max_hp_loss":0.0,"gold_gain":0.0,"event_name":"The Cleric","player_choice":"Card Removal","floor":11.0,"gold_loss":50.0,"damage_taken":0.0},{"damage_healed":0.0,"max_hp_gain":0.0,"max_hp_loss":0.0,"gold_gain":175.0,"event_name":"Liars Game","player_choice":"AGREE","floor":13.0,"gold_loss":0.0,"damage_taken":0.0,"cards_obtained":["Doubt"]},{"damage_healed":0.0,"max_hp_gain":0.0,"max_hp_loss":41.0,"gold_gain":0.0,"event_name":"Ghosts","player_choice":"Became a Ghost","floor":19.0,"gold_loss":0.0,"damage_taken":0.0,"cards_obtained":["Ghostly","Ghostly","Ghostly","Ghostly","Ghostly"]},{"damage_healed":0.0,"max_hp_gain":0.0,"max_hp_loss":0.0,"gold_gain":0.0,"event_name":"Vampires","player_choice":"Ignored","floor":21.0,"gold_loss":0.0,"damage_taken":0.0},{"damage_healed":0.0,"max_hp_gain":0.0,"max_hp_loss":0.0,"gold_gain":0.0,"event_name":"Lab","player_choice":"Got Potions","floor":27.0,"gold_loss":0.0,"damage_taken":0.0},{"damage_healed":0.0,"max_hp_gain":0.0,"max_hp_loss":0.0,"gold_gain":0.0,"event_name":"FaceTrader","player_choice":"Trade","floor":31.0,"gold_loss":0.0,"damage_taken":0.0,"relics_obtained":["CultistMask"]},{"damage_healed":0.0,"max_hp_gain":0.0,"max_hp_loss":0.0,"gold_gain":0.0,"event_name":"WeMeetAgain","player_choice":"Gave Potion","floor":36.0,"gold_loss":0.0,"damage_taken":0.0,"relics_obtained":["Question Card"]},{"damage_healed":0.0,"max_hp_gain":0.0,"max_hp_loss":0.0,"gold_gain":100.0,"event_name":"Golden Shrine","player_choice":"Pray","floor":44.0,"gold_loss":0.0,"damage_taken":0.0}],"is_beta":false,"boss_relics":[{"not_picked":["Black Star","Ring of the Serpent"],"picked":"Ectoplasm"},{"not_picked":["Empty Cage","Astrolabe"],"picked":"Cursed Key"}],"items_purged_floors":[5],"is_endless":false,"potions_floor_spawned":[1,7,14,16,25,33,37,39,41,46],"ascension_level":0}