{"gold_per_floor":[128,159,184,196,208,220,245,257,269,297,325,337,379,402,414,531,543,543,543,543,543,543,543,543,543,543,543,543,543,543,124,124,124,124,124,124,124,124,124,124,124,124,124,124,7,7,7,7,7,7],"floor_reached":51,"playtime":1797,"items_purged":["Shame"],"score":744,"play_id":"e9d36f2c-6943-46bc-b051-3d948db3f23b","local_time":"20190320014736","is_ascension_mode":false,"campfire_choices":[{"data":"Zap","floor":6.0,"key":"SMITH"},{"data":"Defragment","floor":8.0,"key":"SMITH"},{"floor":15.0,"key":"REST"},{"data":"Consume","floor":23.0,"key":"SMITH"},{"floor":32.0,"key":"REST"},{"floor":40,"key":"REST"},{"floor":44,"key":"REST"},{"floor":49,"key":"REST"}],"neow_cost":"NONE","seed_source_timestamp":1430425586106,"circlet_count":0,"master_deck":["Strike_B","Strike_B","Strike_B","Strike_B","Defend_B","Defend_B","Defend_B","Defend_B","Zap+1","Dualcast","Defragment+1","Hello World+1","Capacitor","Go for the Eyes","Hologram","Consume+1","Hello World+1","Machine Learning+1","Glacier","Cold Snap","Heatsinks+1","Beam Cell+1","Sweeping Beam+1","Storm+1","Cold Snap+1","Hello World+1","Mayhem+1","Creative AI+1","Skim+1","Cold Snap+1","Hologram+1","Parasite","Stack+1","Compile Driver","Loop+1","Conserve Battery","Heatsinks+1"],"special_seed":0,"relics":["Cracked Core","MawBank","Mango","Frozen Egg 2","Odd Mushroom","Ectoplasm","Emotion Chip","Pen Nib","Potion Belt","Runic Dome","PreservedInsect"],"potions_floor_usage":[33,33,33,33,33,33,33,39,39,50,50,50],"damage_taken":[{"damage":0.0,"enemies":"Cultist","floor":1.0,"turns":3.0},{"damage":7.0,"enemies":"Small Slimes","floor":2.0,"turns":4.0},{"damage":11.0,"enemies":"Jaw Worm","floor":3.0,"turns":3.0},{"damage":0.0,"enemies":"Looter","floor":7.0,"turns":3.0},{"damage":0.0,"enemies":"Large Slime","floor":10.0,"turns":4.0},{"damage":5.0,"enemies":"2 Fungi Beasts","floor":11.0,"turns":3.0},{"damage":18.0,"enemies":"The Mushroom Lair","floor":13.0,"turns":5.0},{"damage":13.0,"enemies":"Lots of Slimes","floor":14.0,"turns":3.0},{"damage":8.0,"enemies":"Slime Boss","floor":16.0,"turns":7.0},{"damage":8.0,"enemies":"Spheric Guardian","floor":18.0,"turns":4.0},{"damage":7.0,"enemies":"Shell Parasite","floor":19.0,"turns":5.0},{"damage":12.0,"enemies":"Cultist and Chosen","floor":20.0,"turns":7.0},{"damage":12.0,"enemies":"Snake Plant","floor":22.0,"turns":7.0},{"damage":22.0,"enemies":"3 Cultists","floor":24.0,"turns":6.0},{"damage":32.0,"enemies":"Gremlin Leader","floor":25.0,"turns":6.0},{"damage":0.0,"enemies":"Cultist and Chosen","floor":28.0,"turns":6.0},{"damage":0.0,"enemies":"Shelled Parasite and Fungi","floor":30.0,"turns":6.0},{"damage":12,"enemies":"Collector","floor":33,"turns":5},{"damage":17,"enemies":"3 Darklings","floor":35,"turns":3},{"damage":27,"enemies":"3 Shapes","floor":36,"turns":3},{"damage":23,"enemies":"Jaw Worm Horde","floor":38,"turns":3},{"damage":19,"enemies":"Writhing Mass","floor":39,"turns":5},{"damage":0,"enemies":"Sphere and 2 Shapes","floor":41,"turns":5},{"damage":16,"enemies":"Spire Growth","floor":42,"turns":4},{"damage":9,"enemies":"4 Shapes","floor":47,"turns":3},{"damage":15,"enemies":"Writhing Mass","floor":48,"turns":6},{"damage":42,"enemies":"Awakened One","floor":50,"turns":14}],"seed_played":"464415594661382565","potions_obtained":[{"floor":2.0,"key":"Fire Potion"},{"floor":3.0,"key":"FocusPotion"},{"floor":7.0,"key":"FearPotion"},{"floor":16.0,"key":"Energy Potion"},{"floor":21.0,"key":"Dexterity Potion"},{"floor":21.0,"key":"EssenceOfSteel"},{"floor":22.0,"key":"Ancient Potion"},{"floor":28.0,"key":"Swift Potion"},{"floor":30.0,"key":"Strength Potion"},{"floor":33,"key":"FearPotion"},{"floor":36,"key":"Regen Potion"},{"floor":39,"key":"GamblersBrew"},{"floor":42,"key":"Fire Potion"},{"floor":48,"key":"Explosive Potion"}],"is_trial":false,"path_per_floor":["M","M","M","$","?","R","M","R","T","M","M","?","?","M","R","B",null,"M","M","M","?","M","R","M","E","T","?","M","?","M","$","R","B",null,"M","M","?","M","M","R","M","M","T","R","$","?","M","M","R","B",null],"character_chosen":"DEFECT","items_purchased":["Hello World+1","Mayhem+1","EntropicBrew","Loop+1","Strength Potion"],"campfire_rested":5,"item_purchase_floors":[31,31,31,45,45],"current_hp_per_floor":[75,68,57,57,64,64,64,64,64,64,59,64,46,33,61,53,94,86,79,67,67,55,55,33,1,1,1,1,1,1,1,29,17,94,77,50,50,27,22,50,50,34,34,62,62,62,53,38,66,24],"gold":7,"neow_bonus":"RANDOM_COMMON_RELIC","is_prod":false,"is_daily":false,"chose_seed":false,"campfire_upgraded":3,"win_rate":0,"timestamp":1553068056,"path_taken":["M","M","M","?","?","R","M","R","T","?","M","?","?","M","R","BOSS","M","M","M","?","?","R","M","E","T","?","M","?","?","$","R","BOSS","M","M","?","?","M","R","?","M","T","R","?","?","M","M","R","BOSS"],"build_version":"2019-01-23","purchased_purges":1,"victory":true,"max_hp_per_floor":[75,75,75,75,89,89,89,89,89,89,89,94,94,94,94,94,94,94,94,94,94,94,94,94,94,94,94,94,94,94,94,94,94,94,94,94,94,94,94,94,94,94,94,94,94,94,94,94,94,94],"card_choices":[{"not_picked":["Redo","Reinforced Body"],"picked":"Defragment","floor":1.0},{"not_picked":["Rebound","Beam Cell"],"picked":"Hello World","floor":2.0},{"not_picked":["Loop","Hologram"],"picked":"Capacitor","floor":3.0},{"not_picked":["Stack","Beam Cell","Streamline"],"picked":"SKIP","floor":7.0},{"not_picked":["Sweeping Beam","Steam"],"picked":"Go for the Eyes","floor":10.0},{"not_picked":["Beam Cell","BootSequence"],"picked":"Hologram","floor":11.0},{"not_picked":["Static Discharge+1","Turbo"],"picked":"Consume","floor":13.0},{"not_picked":["Chill","Genetic Algorithm"],"picked":"Hello World+1","floor":14.0},{"not_picked":["Seek","Fission"],"picked":"Machine Learning+1","floor":16.0},{"not_picked":["Sweeping Beam","Skim+1"],"picked":"Glacier","floor":18.0},{"not_picked":["Scrape+1","Gash"],"picked":"Cold Snap","floor":19.0},{"not_picked":["Redo","Genetic Algorithm+1"],"picked":"Heatsinks+1","floor":20.0},{"not_picked":["Barrage+1","Sweeping Beam"],"picked":"Beam Cell+1","floor":22.0},{"not_picked":["Turbo+1","Gash"],"picked":"Sweeping Beam+1","floor":24.0},{"not_picked":["Recycle","Redo","Barrage"],"picked":"SKIP","floor":25.0},{"not_picked":["Rainbow","Blizzard"],"picked":"Storm+1","floor":28.0},{"not_picked":["Barrage","Gash+1"],"picked":"Cold Snap+1","floor":30.0},{"not_picked":["Rainbow","Hyperbeam"],"picked":"Creative AI+1","floor":33},{"not_picked":["Redo","Conserve Battery"],"picked":"Skim+1","floor":35},{"not_picked":["Fusion+1","Barrage"],"picked":"Cold Snap+1","floor":36},{"not_picked":["Cold Snap","Conserve Battery"],"picked":"Hologram+1","floor":38},{"not_picked":["Force Field+1","Auto Shields"],"picked":"Stack+1","floor":39},{"not_picked":["Turbo","Cold Snap","Go for the Eyes+1"],"picked":"SKIP","floor":41},{"not_picked":["Redo+1","Stack"],"picked":"Compile Driver","floor":42},{"not_picked":["Tempest","Streamline"],"picked":"Conserve Battery","floor":47},{"not_picked":["Double Energy+1","Buffer+1"],"picked":"Heatsinks+1","floor":48}],"player_experience":1079973,"relics_obtained":[{"floor":9.0,"key":"Frozen Egg 2"},{"floor":13.0,"key":"Odd Mushroom"},{"floor":25.0,"key":"Emotion Chip"},{"floor":26.0,"key":"Pen Nib"},{"floor":43,"key":"PreservedInsect"}],"event_choices":[{"damage_healed":0.0,"max_hp_gain":0.0,"max_hp_loss":0.0,"gold_gain":0.0,"event_name":"Scrap Ooze","player_choice":"Success","floor":5.0,"gold_loss":0.0,"damage_taken":7.0,"relics_obtained":["Mango"]},{"damage_healed":0.0,"max_hp_gain":5.0,"max_hp_loss":0.0,"gold_gain":0.0,"event_name":"Big Fish","player_choice":"Donut","floor":12.0,"gold_loss":0.0,"damage_taken":0.0},{"damage_healed":0.0,"max_hp_gain":0.0,"max_hp_loss":0.0,"gold_gain":0.0,"event_name":"Mushrooms","player_choice":"Fought Mushrooms","floor":13.0,"gold_loss":0.0,"damage_taken":0.0},{"damage_healed":0.0,"max_hp_gain":0.0,"max_hp_loss":0.0,"gold_gain":0.0,"event_name":"Lab","player_choice":"Got Potions","floor":21.0,"gold_loss":0.0,"damage_taken":0.0},{"damage_healed":0.0,"max_hp_gain":0.0,"max_hp_loss":0.0,"gold_gain":0.0,"event_name":"Addict","player_choice":"Stole Relic","floor":27.0,"gold_loss":0.0,"damage_taken":0.0,"relics_obtained":["Potion Belt"],"cards_obtained":["Shame"]},{"damage_healed":0.0,"max_hp_gain":0.0,"max_hp_loss":0.0,"gold_gain":0.0,"event_name":"Upgrade Shrine","player_choice":"Upgraded","floor":29.0,"gold_loss":0.0,"damage_taken":0.0,"cards_upgraded":["Hello World"]},{"damage_healed":0,"gold_gain":100,"player_choice":"Pray","damage_taken":0,"max_hp_gain":0,"max_hp_loss":0,"event_name":"Golden Shrine","floor":37,"gold_loss":0},{"damage_healed":0,"gold_gain":0,"player_choice":"Ignored","damage_taken":0,"max_hp_gain":0,"max_hp_loss":0,"event_name":"Mysterious Sphere","floor":46,"gold_loss":0}],"is_beta":false,"boss_relics":[{"not_picked":["Black Star","Empty Cage"],"picked":"Ectoplasm"},{"not_picked":["Coffee Dripper","Lizard Tail"],"picked":"Runic Dome"}],"items_purged_floors":[31],"is_endless":false,"potions_floor_spawned":[2,3,7,16,19,22,28,30,33,36,39,42,48],"ascension_level":0}