{"path_per_floor":["M","M","M","$","M","R","M","R","T","M","R","M","E","M","R","B",null,"M","?","M","M","?","R","M","$","T","T","R","M","R","M","R","B",null,"M","?","M","M","M","R","M","$","T","R","$","R","M","M","R","B"],"character_chosen":"IRONCLAD","items_purchased":["Armaments","Regal Pillow","Tiny Chest","Mummified Hand"],"gold_per_floor":[111,128,147,93,103,103,120,120,120,139,139,156,188,204,204,309,309,328,328,345,360,360,360,379,104,156,183,183,200,200,210,210,306,306,316,316,331,350,367,367,383,70,70,70,70,70,81,92,92,92],"floor_reached":51,"campfire_rested":4,"playtime":5333,"current_hp_per_floor":[80,80,80,80,77,77,80,80,80,80,80,80,66,57,80,63,80,71,55,45,42,42,42,24,24,24,24,63,58,58,61,61,16,80,72,72,70,44,32,32,23,23,37,80,80,80,79,63,94,73],"items_purged":["Strike_R"],"gold":92,"score":657,"play_id":"3b5540e3-597e-4863-bc06-685b6cbafe6e","local_time":"20180313014331","is_prod":false,"is_daily":false,"is_ascension_mode":false,"campfire_upgraded":8,"timestamp":1520876611,"path_taken":["M","M","M","$","M","R","M","R","T","M","R","M","E","M","R","BOSS","M","?","M","M","?","R","M","$","T","?","R","M","R","M","R","BOSS","M","?","M","M","M","R","M","$","T","R","$","R","?","M","R","BOSS"],"build_version":"2018-03-09","purchased_purges":1,"victory":true,"master_deck":["Strike_R+1","Strike_R+1","Strike_R+1","Defend_R+1","Defend_R+1","Defend_R+1","Defend_R+1","Bash+1","Anger","Shrug It Off","Headbutt+1","Rage+1","Armaments+1","Clash","Metallicize","Blood for Blood","Barricade+1","Limit Break","Pommel Strike","Entrench+1","Double Tap","Iron Wave","True Grit+1","Ghostly Armor","Bloodletting","Flex","Iron Wave","Offering+1","Intimidate+1","Seeing Red+1","Shrug It Off+1","Heavy Blade+1","Shrug It Off+1","Body Slam+1","Armaments+1","Evolve+1","Limit Break"],"max_hp_per_floor":[80,80,80,80,80,80,80,80,80,80,80,80,80,80,80,80,80,80,80,80,80,80,80,80,80,80,80,80,80,80,80,80,80,80,80,80,80,80,80,80,80,80,94,94,94,94,94,94,94,94],"relics":["Burning Blood","Red Skull","Dream Catcher","Runic Cube","Nilry\u0027s Codex","Regal Pillow","Tiny Chest","Happy Flower","Oddly Smooth Stone","Mark of Pain","Mummified Hand","Mango"],"card_choices":[{"not_picked":["Feel No Pain","Entrench"],"picked":"Shrug It Off"},{"not_picked":["Perfected Strike","Reckless Charge"],"picked":"Headbutt"},{"not_picked":["Flame Barrier","Cleave"],"picked":"Rage"},{"not_picked":["Clothesline","Ghostly Armor"],"picked":"Clash"},{"not_picked":["Second Wind","Body Slam"],"picked":"Metallicize"},{"not_picked":["Carnage","Fire Breathing"],"picked":"Blood for Blood"},{"not_picked":["Thunderclap","Wild Strike"],"picked":"Barricade"},{"not_picked":["Body Slam","Ghostly Armor"],"picked":"Limit Break"},{"not_picked":["Body Slam","Clash"],"picked":"Pommel Strike"},{"not_picked":["Shrug It Off","Perfected Strike"],"picked":"Entrench"},{"not_picked":["Feed","Immolate"],"picked":"Double Tap"},{"not_picked":["Ghostly Armor","Fire Breathing"],"picked":"Iron Wave"},{"not_picked":["Iron Wave","Cleave"],"picked":"True Grit"},{"not_picked":["Sentinel","Perfected Strike"],"picked":"Ghostly Armor"},{"not_picked":["Heavy Blade","Fire Breathing"],"picked":"Bloodletting"},{"not_picked":["Clothesline","Disarm"],"picked":"Flex"},{"not_picked":["Perfected Strike","Hemokinesis"],"picked":"Iron Wave"},{"not_picked":["Immolate","Feed"],"picked":"Offering"},{"not_picked":["Dropkick","Corruption"],"picked":"Intimidate"},{"not_picked":["Infernal Blade","Heavy Blade"],"picked":"Seeing Red"},{"not_picked":["Wild Strike","Bloodletting"],"picked":"Shrug It Off"},{"not_picked":["Fire Breathing","Cleave"],"picked":"Heavy Blade"},{"not_picked":["Spot Weakness","Bloodletting"],"picked":"Shrug It Off"},{"not_picked":["Anger","Armaments"],"picked":"Body Slam"},{"not_picked":["Corruption","Headbutt"],"picked":"Armaments"},{"not_picked":["Ghostly Armor","Iron Wave"],"picked":"Evolve"},{"not_picked":["Clash","Blood for Blood"],"picked":"Limit Break"}],"player_experience":252416,"potions_floor_usage":[16,18,20,20,21,21,33,39,41,50,50],"damage_taken":[{"damage":5,"enemies":"Small Slimes","floor":1,"turns":4},{"damage":1,"enemies":"Jaw Worm","floor":2,"turns":4},{"damage":2,"enemies":"2 Louse","floor":3,"turns":3},{"damage":9,"enemies":"Blue Slaver","floor":5,"turns":4},{"damage":2,"enemies":"Large Slime","floor":7,"turns":6},{"damage":2,"enemies":"Looter","floor":10,"turns":3},{"damage":1,"enemies":"2 Fungi Beasts","floor":12,"turns":3},{"damage":20,"enemies":"Gremlin Nob","floor":13,"turns":4},{"damage":15,"enemies":"Exordium Thugs","floor":14,"turns":4},{"damage":23,"enemies":"Hexaghost","floor":16,"turns":13},{"damage":15,"enemies":"Shell Parasite","floor":18,"turns":7},{"damage":16,"enemies":"3 Byrds","floor":20,"turns":7},{"damage":9,"enemies":"Centurion and Healer","floor":21,"turns":5},{"damage":24,"enemies":"Cultist and Chosen","floor":24,"turns":8},{"damage":11,"enemies":"Snake Plant","floor":29,"turns":5},{"damage":3,"enemies":"Snecko","floor":31,"turns":6},{"damage":51,"enemies":"Collector","floor":33,"turns":9},{"damage":14,"enemies":"3 Shapes","floor":35,"turns":8},{"damage":8,"enemies":"Orb Walker","floor":37,"turns":4},{"damage":32,"enemies":"3 Darklings","floor":38,"turns":5},{"damage":18,"enemies":"Maw","floor":39,"turns":6},{"damage":15,"enemies":"4 Shapes","floor":41,"turns":4},{"damage":7,"enemies":"Sphere and 2 Shapes","floor":47,"turns":5},{"damage":22,"enemies":"Maw","floor":48,"turns":11},{"damage":27,"enemies":"Awakened One","floor":50,"turns":23}],"event_choices":[{"event_name":"Cursed Tome","player_choice":"Obtained Book","floor":19,"damage_taken":0},{"event_name":"Back to Basics","player_choice":"Simplicity","floor":22,"damage_taken":0},{"event_name":"Mysterious Sphere","player_choice":"Ignore","floor":36,"damage_taken":0}],"boss_relics":[{"not_picked":["Sozu","Tiny House"],"picked":"Runic Cube"},{"not_picked":["Velvet Choker","Runic Dome"],"picked":"Mark of Pain"}],"potions_floor_spawned":[1,3,12,14,16,18,20,31,38,39,41,47],"seed_played":"7701126214446116475","ascension_level":0,"is_trial":false}