{"path_per_floor":["M","M","M","M","$","E","R","M","T","?","M","M","R","M","R","B",null,"M","$","?","?","M","R","M","?","T","M","R","E","R","M","R","B",null,"M","?","M","?","$","E","?","$","T","$","R","M","R","$","R"],"character_chosen":"IRONCLAD","items_purchased":["Apotheosis","Hemokinesis","Happy Flower","Fire Potion","Shrug It Off","Swift Potion"],"gold_per_floor":[109,125,138,153,78,106,106,117,117,117,128,142,142,160,160,259,259,272,3,3,3,15,15,28,28,28,48,48,77,77,90,90,193,193,207,207,226,226,20,46,46,46,69,43,43,58,58,8,8],"floor_reached":50,"campfire_rested":7,"playtime":3767,"current_hp_per_floor":[83,82,79,73,73,57,57,54,54,54,50,40,81,78,78,16,88,70,70,53,53,42,84,62,62,62,31,73,34,76,65,93,73,93,80,68,61,61,61,28,28,28,28,28,70,57,57,57,93],"items_purged":["Strike_R"],"gold":8,"score":518,"play_id":"cc828e20-1e0f-40af-bc5e-f8fcc75d8c53","is_prod":false,"is_daily":false,"is_ascension_mode":false,"campfire_upgraded":3,"path_taken":["M","M","M","M","$","E","R","M","T","?","M","M","R","M","R","BOSS","M","$","?","?","?","R","M","?","T","?","R","E","R","M","R","BOSS","M","?","M","?","$","E","?","$","T","$","R","M","R","?","R","BOSS"],"build_version":"2018-02-22-PROD2","purchased_purges":1,"victory":false,"master_deck":["Strike_R","Strike_R","Strike_R","Strike_R","Defend_R","Defend_R","Defend_R","Defend_R","Bash","Rampage","Twin Strike","Headbutt","Armaments+1","Heavy Blade","Flex","Headbutt","Headbutt","Warcry","Heavy Blade+1","Limit Break","Whirlwind+1","Apotheosis+1","Hemokinesis","Uppercut","Havoc+1","Warcry+1","Iron Wave","Intimidate+1","Spot Weakness","True Grit+1","Pommel Strike+1","Flex","Ghostly Armor+1","Demon Form","Blood for Blood","Dual Wield","Rupture+1","Cleave+1","Second Wind","Havoc+1","Madness","Madness","Pommel Strike","Headbutt+1","Shrug It Off","Flex+1","Impervious"],"max_hp_per_floor":[88,88,88,88,88,88,88,88,88,88,88,88,88,88,88,88,88,88,88,93,93,93,93,93,93,93,93,93,93,93,93,93,93,93,93,93,93,93,93,93,93,93,93,93,93,93,93,93,93],"relics":["Burning Blood","Regal Pillow","Dream Catcher","Question Card","Thread and Needle","Bag of Marbles","Orrery","Happy Flower","Mummified Hand","Lantern"],"card_choices":[{"not_picked":["Rupture","Heavy Blade"],"picked":"Rampage"},{"not_picked":["Body Slam","Anger"],"picked":"Twin Strike"},{"not_picked":["Cleave","Berserk"],"picked":"Headbutt"},{"not_picked":["Spot Weakness","Corruption"],"picked":"Armaments"},{"not_picked":["Iron Wave","Warcry"],"picked":"Heavy Blade"},{"not_picked":["Wild Strike","Searing Blow"],"picked":"Flex"},{"not_picked":["Armaments","Anger"],"picked":"Headbutt"},{"not_picked":["Twin Strike","Metallicize"],"picked":"Headbutt"},{"not_picked":["Body Slam","Sentinel"],"picked":"Warcry"},{"not_picked":["Iron Wave","Infernal Blade"],"picked":"Heavy Blade"},{"not_picked":["Feed","Berserk"],"picked":"Limit Break"},{"not_picked":["Fire Breathing","Corruption","Havoc"],"picked":"Whirlwind"},{"not_picked":["Pommel Strike","Flame Barrier","Sever Soul"],"picked":"Havoc"},{"not_picked":["Heavy Blade","Armaments","Perfected Strike"],"picked":"Warcry"},{"not_picked":["Sentinel","Body Slam","Clash"],"picked":"Iron Wave"},{"not_picked":["Thunderclap","Clash","Warcry"],"picked":"Intimidate"},{"not_picked":["Dark Embrace","Anger","Iron Wave"],"picked":"Spot Weakness"},{"not_picked":["Heavy Blade","Hemokinesis","Shrug It Off"],"picked":"True Grit"},{"not_picked":["Sentinel","Thunderclap","Flex"],"picked":"Pommel Strike"},{"not_picked":["Clash","Carnage","Anger"],"picked":"Flex"},{"not_picked":["Dual Wield","Clash","Bloodletting"],"picked":"Ghostly Armor"},{"not_picked":["Bludgeon","Fiend Fire","Impervious"],"picked":"Demon Form"},{"not_picked":["Anger","Perfected Strike","Entrench"],"picked":"Blood for Blood"},{"not_picked":["Thunderclap","Carnage","Havoc"],"picked":"Dual Wield"},{"not_picked":["Anger","Body Slam","Corruption"],"picked":"Rupture"},{"not_picked":["Ghostly Armor","Searing Blow","Twin Strike"],"picked":"Cleave"},{"not_picked":["Rage","Rupture","Havoc"],"picked":"Second Wind"},{"not_picked":["Corruption","Dark Embrace","Heavy Blade"],"picked":"Havoc"},{"not_picked":["Dual Wield","Corruption","Uppercut"],"picked":"Pommel Strike"},{"not_picked":["Hemokinesis","Clothesline","Thunderclap"],"picked":"Headbutt"},{"not_picked":["Rage","Armaments","Whirlwind"],"picked":"Flex"},{"not_picked":["Anger","Iron Wave","Dropkick"],"picked":"Impervious"}],"player_experience":87014,"potions_floor_usage":[6,16,16,18,33,33,37,37,40,40,50],"damage_taken":[{"damage":11,"enemies":"Jaw Worm","floor":1,"turns":5},{"damage":7,"enemies":"2 Louse","floor":2,"turns":3},{"damage":9,"enemies":"Small Slimes","floor":3,"turns":4},{"damage":12,"enemies":"3 Louse","floor":4,"turns":2},{"damage":28,"enemies":"Gremlin Nob","floor":6,"turns":4},{"damage":9,"enemies":"2 Fungi Beasts","floor":8,"turns":4},{"damage":10,"enemies":"Exordium Wildlife","floor":11,"turns":4},{"damage":16,"enemies":"Gremlin Gang","floor":12,"turns":3},{"damage":9,"enemies":"Blue Slaver","floor":14,"turns":3},{"damage":68,"enemies":"Hexaghost","floor":16,"turns":12},{"damage":24,"enemies":"3 Byrds","floor":18,"turns":6},{"damage":17,"enemies":"Chosen","floor":22,"turns":4},{"damage":28,"enemies":"Snecko","floor":24,"turns":5},{"damage":37,"enemies":"Snake Plant","floor":27,"turns":4},{"damage":45,"enemies":"Book of Stabbing","floor":29,"turns":5},{"damage":17,"enemies":"Centurion and Healer","floor":31,"turns":6},{"damage":26,"enemies":"Champ","floor":33,"turns":7},{"damage":19,"enemies":"Orb Walker","floor":35,"turns":5},{"damage":13,"enemies":"3 Shapes","floor":37,"turns":3},{"damage":39,"enemies":"Nemesis","floor":40,"turns":7},{"damage":19,"enemies":"Maw","floor":46,"turns":7},{"damage":104,"enemies":"Time Eater","floor":50,"turns":9}],"event_choices":[{"event_name":"Liars Game","player_choice":"disagreed","floor":10,"damage_taken":0},{"event_name":"Forgotten Altar","player_choice":"Shed Blood","floor":20,"damage_taken":0},{"event_name":"The Library","player_choice":"Read","floor":21,"damage_taken":0},{"event_name":"Beggar","player_choice":"Ignored","floor":25,"damage_taken":0},{"event_name":"Winding Halls","player_choice":"Embrace Madness","floor":36,"damage_taken":0},{"event_name":"Tomb of Lord Red Mask","player_choice":"Ignored","floor":38,"damage_taken":0},{"event_name":"The Moai Head","player_choice":"Ignored","floor":41,"damage_taken":0}],"boss_relics":[{"not_picked":["Mark of Pain","White Beast Statue"],"picked":"Question Card"},{"not_picked":["Runic Cube","Black Blood"],"picked":"Orrery"}],"potions_floor_spawned":[1,4,12,16,18,22,31,35,37],"seed_played":"8073543475530220287","killed_by":"Time Eater","ascension_level":0,"is_trial":false}