{"path_per_floor":["M","M","M","?","$","R","M","?","T","R","?","M","?","M","R","B",null,"M","M","?","M","?","R","M","?","T","M"],"character_chosen":"IRONCLAD","items_purchased":["Cleave"],"gold_per_floor":[114,134,154,154,26,26,44,44,68,68,168,181,161,179,179,278,278,294,281,281,297,297,297,297,297,348,360,360],"floor_reached":28,"campfire_rested":1,"playtime":675,"current_hp_per_floor":[75,75,74,74,74,78,73,73,73,77,77,69,69,67,73,62,80,67,52,52,33,33,39,39,39,39,3,33],"items_purged":["Strike_R"],"gold":360,"score":212,"play_id":"ab4cc8e3-996f-4511-b98f-284066d60ada","local_time":"20180519153914","is_prod":false,"is_daily":false,"chose_seed":false,"is_ascension_mode":false,"campfire_upgraded":4,"timestamp":1526715554,"campfire_choices":[{"data":"Shrug It Off","floor":6,"key":"SMITH"},{"data":"Pommel Strike","floor":10,"key":"SMITH"},{"data":"Inflame","floor":15,"key":"SMITH"},{"data":"Body Slam","floor":23,"key":"SMITH"},{"floor":28,"key":"REST"}],"path_taken":["M","?","M","?","$","R","M","?","T","R","?","M","?","M","R","BOSS","M","M","?","M","?","R","M","?","T","?","R"],"build_version":"2018-05-17","seed_source_timestamp":0,"purchased_purges":1,"victory":false,"master_deck":["Strike_R+1","Strike_R+1","Strike_R+1","Strike_R+1","Defend_R+1","Defend_R+1","Defend_R+1","Defend_R+1","Bash+1","Twin Strike","Flex","Shrug It Off+1","Cleave","Pommel Strike+1","Inflame+1","Reaper","True Grit+1","Body Slam+1","Body Slam"],"max_hp_per_floor":[80,80,80,80,80,80,80,80,80,80,80,80,80,80,80,80,80,80,80,80,80,80,80,80,80,80,80,80],"relics":["Eternal Feather"],"card_choices":[{"not_picked":["Havoc","Pummel"],"picked":"Twin Strike","floor":1},{"not_picked":["Iron Wave","Anger"],"picked":"Flex","floor":2},{"not_picked":["Clothesline","Havoc"],"picked":"Shrug It Off","floor":3},{"not_picked":["Brutality","Wild Strike"],"picked":"Pommel Strike","floor":7},{"not_picked":["Feel No Pain","Carnage","Sever Soul"],"picked":"SKIP","floor":12},{"not_picked":["Perfected Strike","Uppercut"],"picked":"Inflame","floor":14},{"not_picked":["Demon Form","Dark Embrace"],"picked":"Reaper","floor":16},{"not_picked":["Rage","Wild Strike+1"],"picked":"True Grit+1","floor":18},{"not_picked":["Clash+1","Searing Blow","Flex"],"picked":"SKIP","floor":19},{"not_picked":["Heavy Blade","Uppercut"],"picked":"Body Slam","floor":21},{"not_picked":["Perfected Strike+1","Heavy Blade+1"],"picked":"Body Slam","floor":27}],"player_experience":643404,"potions_floor_usage":[18,21,24],"damage_taken":[{"damage":5,"enemies":"Cultist","floor":1,"turns":4},{"damage":0,"enemies":"Small Slimes","floor":2,"turns":3},{"damage":1,"enemies":"Jaw Worm","floor":3,"turns":3},{"damage":5,"enemies":"Looter","floor":7,"turns":3},{"damage":8,"enemies":"Lots of Slimes","floor":12,"turns":2},{"damage":2,"enemies":"2 Fungi Beasts","floor":14,"turns":3},{"damage":11,"enemies":"Slime Boss","floor":16,"turns":6},{"damage":13,"enemies":"Chosen","floor":18,"turns":4},{"damage":29,"enemies":"2 Thieves","floor":19,"turns":4},{"damage":26,"enemies":"Snake Plant","floor":21,"turns":5},{"damage":0,"enemies":"Centurion and Healer","floor":24,"turns":2},{"damage":36,"enemies":"Cultist and Chosen","floor":27,"turns":7}],"relics_obtained":[],"event_choices":[{"event_name":"Upgrade Shrine","player_choice":"Upgraded","floor":4,"damage_taken":0},{"event_name":"Golden Idol","player_choice":"Ignored","floor":8,"damage_taken":0},{"event_name":"Golden Shrine","player_choice":"Pray","floor":11,"damage_taken":0},{"event_name":"The Woman in Blue","player_choice":"Bought 1 Potion","floor":13,"damage_taken":0},{"event_name":"Ghosts","player_choice":"Ignored","floor":20,"damage_taken":0},{"event_name":"Cursed Tome","player_choice":"Ignored","floor":22,"damage_taken":0},{"event_name":"Back to Basics","player_choice":"Simplicity","floor":25,"damage_taken":0}],"boss_relics":[{"not_picked":["Runic Dome","Calling Bell","Snecko Eye"]}],"potions_floor_spawned":[2,3,18],"seed_played":"-6107414700974991942","ascension_level":0,"potions_obtained":[{"floor":2,"key":"FearPotion"},{"floor":3,"key":"Weak Potion"},{"floor":13,"key":"SmokeBomb"},{"floor":18,"key":"GamblersBrew"}],"is_trial":false}