{"gold_per_floor":[114,131,131,56,67,95,95,109,109,138,138,150,40,51,51,154,154,169,169,169,268,292,320,338,263,263,263,281,609,609,628,628,726,726,739,1738,1738,845,894,894,914,931,931,931,931,951,273,293,293,293,293,293,13,47,47],"floor_reached":56,"playtime":5618,"items_purged":["Pain","Normality","Normality"],"score":1195,"play_id":"c550d96e-1d33-4a8e-87f6-455421914015","local_time":"20190422183455","is_ascension_mode":false,"campfire_choices":[{"floor":7.0,"key":"REST"},{"data":"Deadly Poison","floor":11.0,"key":"SMITH"},{"data":"Bouncing Flask","floor":15,"key":"SMITH"},{"floor":32,"key":"REST"},{"floor":40,"key":"RECALL"},{"floor":45,"key":"REST"},{"floor":49,"key":"REST"},{"data":"Caltrops","floor":52,"key":"SMITH"}],"neow_cost":"NONE","seed_source_timestamp":106146846046866,"circlet_count":0,"master_deck":["Survivor","Neutralize","Acrobatics","Deadly Poison+1","Quick Slash","Dash","Bouncing Flask+1","Caltrops+1","Cloak And Dagger","Predator+1","Backstab","Die Die Die","Dash+1","Reflex","Deadly Poison","Cloak And Dagger","Tools of the Trade","Burst","Tactician","Terror","Dash","Well Laid Plans","Footwork+1","Caltrops","Reflex","Leg Sweep+1","Tactician+1","Footwork","Predator","PiercingWail"],"special_seed":0,"relics":["HoveringKite","WarpedTongs","Ancient Tea Set","Pen Nib","Matryoshka","Empty Cage","Anchor","Bronze Scales","Ornamental Fan","Lantern","Bag of Marbles","Old Coin","Pandora\u0027s Box","Centennial Puzzle","HandDrill","Incense Burner","Ice Cream","Regal Pillow","Turnip","Bag of Preparation","Strawberry"],"potions_floor_usage":[16,16,29,33,55,55,55],"damage_taken":[{"damage":0.0,"enemies":"Small Slimes","floor":1.0,"turns":5.0},{"damage":2.0,"enemies":"Cultist","floor":2.0,"turns":5.0},{"damage":0.0,"enemies":"2 Louse","floor":5.0,"turns":2.0},{"damage":33.0,"enemies":"3 Sentries","floor":6.0,"turns":7.0},{"damage":0.0,"enemies":"Looter","floor":8.0,"turns":3.0},{"damage":7.0,"enemies":"Lagavulin","floor":10.0,"turns":7.0},{"damage":0.0,"enemies":"3 Louse","floor":12.0,"turns":3.0},{"damage":0,"enemies":"Exordium Wildlife","floor":14,"turns":3},{"damage":18,"enemies":"Hexaghost","floor":16,"turns":6},{"damage":16,"enemies":"2 Thieves","floor":18,"turns":4},{"damage":12,"enemies":"Gremlin Leader","floor":23,"turns":4},{"damage":0,"enemies":"Chosen","floor":24,"turns":3},{"damage":0,"enemies":"Snake Plant","floor":28,"turns":1},{"damage":4,"enemies":"Book of Stabbing","floor":29,"turns":4},{"damage":0,"enemies":"Cultist and Chosen","floor":31,"turns":2},{"damage":49,"enemies":"Champ","floor":33,"turns":9},{"damage":0,"enemies":"Orb Walker","floor":35,"turns":3},{"damage":28,"enemies":"2 Orb Walkers","floor":39,"turns":5},{"damage":0,"enemies":"3 Shapes","floor":41,"turns":4},{"damage":5,"enemies":"3 Darklings","floor":42,"turns":3},{"damage":22,"enemies":"Writhing Mass","floor":46,"turns":3},{"damage":32,"enemies":"Maw","floor":48,"turns":7},{"damage":34,"enemies":"Donu and Deca","floor":50,"turns":10},{"damage":9,"enemies":"Shield and Spear","floor":54,"turns":7},{"damage":44,"enemies":"The Heart","floor":55,"turns":8}],"seed_played":"-3033060960670545819","potions_obtained":[{"floor":1.0,"key":"Strength Potion"},{"floor":5.0,"key":"PowerPotion"},{"floor":6.0,"key":"EssenceOfSteel"},{"floor":14,"key":"EntropicBrew"},{"floor":16,"key":"Weak Potion"},{"floor":18,"key":"FearPotion"},{"floor":27,"key":"Regen Potion"},{"floor":27,"key":"SteroidPotion"},{"floor":28,"key":"GhostInAJar"},{"floor":39,"key":"Ancient Potion"},{"floor":48,"key":"LiquidBronze"}],"is_trial":false,"path_per_floor":["M","M","?","$","M","E","R","M","T","E","R","M","$","M","R","B",null,"M","?","?","?","T","E","M","?","T","?","M","E","?","M","R","B",null,"M","?","?","$","?","R","M","M","T","?","R","M","$","M","R","B",null,"R","$","E","B",null],"character_chosen":"THE_SILENT","items_purchased":["Bouncing Flask","Caltrops","Caltrops","Reflex","Centennial Puzzle","HandDrill","Incense Burner","Regal Pillow","Turnip","Footwork","Predator","Bag of Preparation","Regen Potion","Energy Potion"],"campfire_rested":4,"item_purchase_floors":[13,13,38,38,38,38,38,47,47,47,47,53,53,53],"current_hp_per_floor":[70,68,68,68,68,35,56,56,56,49,49,49,49,49,49,31,70,54,54,54,54,54,42,42,42,42,42,42,50,50,50,70,21,70,70,70,70,70,42,42,42,37,37,37,58,36,36,4,40,6,70,70,70,68,39],"gold":47,"neow_bonus":"BOSS_RELIC","is_prod":false,"is_daily":false,"chose_seed":false,"campfire_upgraded":3,"win_rate":0,"timestamp":1555976095,"path_taken":["M","M","?","$","M","E","R","M","T","E","R","M","?","M","R","BOSS","M","?","?","?","?","E","?","?","T","?","?","E","?","M","R","BOSS","M","?","?","?","?","R","M","M","T","?","R","?","$","M","R","BOSS","R","$","E","BOSS"],"build_version":"2019-01-23","purchased_purges":3,"victory":true,"max_hp_per_floor":[70,70,70,70,70,70,70,70,70,70,70,70,70,70,70,70,70,70,70,70,70,70,70,70,70,70,70,70,70,70,70,70,70,70,70,70,70,70,70,70,70,70,70,70,70,70,70,70,70,70,70,70,70,77,77],"card_choices":[{"not_picked":["Underhanded Strike","Riddle With Holes"],"picked":"Acrobatics","floor":1.0},{"not_picked":["Masterful Stab","Choke"],"picked":"Deadly Poison","floor":2.0},{"not_picked":["Blade Dance","Poisoned Stab"],"picked":"Quick Slash","floor":5.0},{"not_picked":["Deflect","Dodge and Roll"],"picked":"Dash","floor":6.0},{"not_picked":["Slice","Finisher","Prepared"],"picked":"SKIP","floor":8.0},{"not_picked":["Bullet Time","Blur","Tactician"],"picked":"SKIP","floor":10.0},{"not_picked":["Bullet Time","Blur","Tactician"],"picked":"SKIP","floor":10.0},{"not_picked":["Dodge and Roll","Poisoned Stab","Sucker Punch"],"picked":"SKIP","floor":12.0},{"not_picked":["Flying Knee","All Out Attack"],"picked":"Cloak And Dagger","floor":14},{"not_picked":["Wraith Form v2","Bullet Time"],"picked":"Glass Knife","floor":16},{"not_picked":["Prepared","Acrobatics+1"],"picked":"Predator+1","floor":18},{"not_picked":["Infinite Blades+1","Bullet Time"],"picked":"Dash+1","floor":23},{"not_picked":["Dagger Spray","Flying Knee+1"],"picked":"Reflex","floor":24},{"not_picked":["PiercingWail","Flying Knee"],"picked":"Deadly Poison","floor":28},{"not_picked":["Sucker Punch+1","Outmaneuver","Slice"],"picked":"SKIP","floor":29},{"not_picked":["Calculated Gamble","Bane"],"picked":"Cloak And Dagger","floor":31},{"not_picked":["Envenom","Venomology"],"picked":"Tools of the Trade","floor":33},{"not_picked":["Cloak And Dagger","Flying Knee+1"],"picked":"Footwork+1","floor":35},{"not_picked":["Flying Knee","Blur"],"picked":"Leg Sweep+1","floor":39},{"not_picked":["Acrobatics+1","Terror"],"picked":"Tactician+1","floor":41},{"not_picked":["Outmaneuver","Leg Sweep","Dagger Throw+1"],"picked":"SKIP","floor":42},{"not_picked":["Glass Knife","Dodge and Roll","Bane"],"picked":"SKIP","floor":46},{"not_picked":["Endless Agony+1","Bane","Eviscerate"],"picked":"SKIP","floor":48},{"not_picked":["Phantasmal Killer","Dash"],"picked":"PiercingWail","floor":54}],"player_experience":483223,"relics_obtained":[{"floor":6.0,"key":"Ancient Tea Set"},{"floor":9.0,"key":"Pen Nib"},{"floor":10.0,"key":"Matryoshka"},{"floor":22,"key":"Anchor"},{"floor":22,"key":"Bronze Scales"},{"floor":23,"key":"Ornamental Fan"},{"floor":26,"key":"Lantern"},{"floor":26,"key":"Bag of Marbles"},{"floor":29,"key":"Old Coin"},{"floor":39,"key":"Ice Cream"},{"floor":54,"key":"Strawberry"}],"event_choices":[{"damage_healed":0.0,"max_hp_gain":0.0,"max_hp_loss":0.0,"gold_gain":0.0,"event_name":"Accursed Blacksmith","player_choice":"Rummage","floor":3.0,"gold_loss":0.0,"damage_taken":0.0,"relics_obtained":["WarpedTongs"],"cards_obtained":["Pain"]},{"damage_healed":0,"gold_gain":0,"cards_transformed":["Defend_G","Strike_G"],"player_choice":"Became Test Subject","damage_taken":0,"max_hp_gain":0,"max_hp_loss":0,"event_name":"Drug Dealer","floor":19,"gold_loss":0,"cards_obtained":["Backstab","Die Die Die"]},{"damage_healed":0,"gold_gain":0,"player_choice":"Simplicity","damage_taken":0,"max_hp_gain":0,"max_hp_loss":0,"event_name":"Back to Basics","floor":20,"gold_loss":0,"cards_upgraded":["Defend_G","Defend_G","Defend_G","Strike_G","Strike_G","Strike_G"]},{"damage_healed":0,"gold_gain":99,"player_choice":"Stole From Cult","damage_taken":0,"max_hp_gain":0,"max_hp_loss":0,"event_name":"Nest","floor":21,"gold_loss":0},{"cards_removed":["Defend_G"],"damage_healed":0,"gold_gain":0,"player_choice":"Gave Gold","damage_taken":0,"max_hp_gain":0,"max_hp_loss":0,"event_name":"Beggar","floor":25,"gold_loss":75},{"damage_healed":0,"gold_gain":0,"player_choice":"Got Potions","damage_taken":0,"max_hp_gain":0,"max_hp_loss":0,"event_name":"Lab","floor":27,"gold_loss":0},{"damage_healed":0,"gold_gain":0,"player_choice":"Ignored","damage_taken":0,"max_hp_gain":0,"max_hp_loss":0,"event_name":"Vampires","floor":30,"gold_loss":0},{"damage_healed":0,"gold_gain":999,"player_choice":"Gold","damage_taken":0,"max_hp_gain":0,"max_hp_loss":0,"event_name":"MindBloom","floor":36,"gold_loss":0,"cards_obtained":["Normality","Normality"]},{"cards_removed":["Glass Knife"],"damage_healed":0,"gold_gain":0,"player_choice":"Removed Attack","damage_taken":0,"max_hp_gain":0,"max_hp_loss":0,"event_name":"Falling","floor":37,"gold_loss":0},{"damage_healed":0,"gold_gain":0,"player_choice":"Fight","damage_taken":0,"max_hp_gain":0,"max_hp_loss":0,"event_name":"Mysterious Sphere","floor":39,"gold_loss":0},{"damage_healed":0,"gold_gain":0,"player_choice":"Memory 1","damage_taken":0,"max_hp_gain":0,"max_hp_loss":0,"event_name":"SensoryStone","floor":44,"gold_loss":0}],"is_beta":false,"boss_relics":[{"not_picked":["Philosopher\u0027s Stone","WristBlade"],"picked":"Empty Cage"},{"not_picked":["White Beast Statue","Coffee Dripper"],"picked":"Pandora\u0027s Box"}],"items_purged_floors":[4,38,47],"is_endless":false,"potions_floor_spawned":[1,5,6,14,16,18,28,39,48],"ascension_level":0}