{"gold_per_floor":[121,144,156,183,208,220,242,254,289,301,19,33,48,66,66,166,166,181,181,271,282,299,299,317,336,405,422,422,436,436,450,450,551,551,565,565,138,84,94,120,120,132,132,132,132,142,108,118,118,118],"floor_reached":51,"playtime":2060,"items_purged":["Strike_B","Strike_B+1"],"score":1047,"play_id":"311d01a3-690f-4b7f-9ca1-93c7bfd47e5a","local_time":"20181221201637","is_ascension_mode":true,"campfire_choices":[{"data":"Zap","floor":6,"key":"SMITH"},{"data":"Dualcast","floor":8,"key":"SMITH"},{"data":"Melter","floor":10,"key":"SMITH"},{"data":"Apotheosis","floor":15,"key":"SMITH"},{"floor":23,"key":"REST"},{"floor":30,"key":"REST"},{"floor":32,"key":"REST"},{"floor":41,"key":"REST"},{"floor":44,"key":"REST"},{"floor":49,"key":"REST"}],"neow_cost":"NONE","seed_source_timestamp":40673079262300,"circlet_count":0,"master_deck":["AscendersBane","Strike_B+1","Strike_B+1","Defend_B+1","Defend_B+1","Defend_B+1","Defend_B+1","Zap+1","Dualcast+1","Melter+1","Ball Lightning","Capacitor","Apotheosis+1","Capacitor","Coolheaded","Consume","Fission","Coolheaded","Defragment","Cold Snap","Chill","Genetic Algorithm+1","Glacier+1","Cold Snap","Loop+1","Electrodynamics+1","Madness","Madness","Self Repair+1","Ball Lightning+1","Coolheaded","Barrage+1","Loop+1","Defragment+1","Redo+1"],"relics":["Cracked Core","MawBank","Blood Vial","Sozu","Frozen Egg 2","Nuclear Battery","Letter Opener","Oddly Smooth Stone","Bag of Preparation","Pen Nib"],"potions_floor_usage":[13,16,22,22],"damage_taken":[{"damage":1,"enemies":"2 Louse","floor":1,"turns":3},{"damage":1,"enemies":"Cultist","floor":2,"turns":3},{"damage":9,"enemies":"Jaw Worm","floor":4,"turns":3},{"damage":8,"enemies":"Blue Slaver","floor":5,"turns":2},{"damage":7,"enemies":"Looter","floor":7,"turns":3},{"damage":5,"enemies":"Exordium Thugs","floor":12,"turns":4},{"damage":0,"enemies":"Large Slime","floor":13,"turns":4},{"damage":16,"enemies":"Blue Slaver","floor":14,"turns":3},{"damage":5,"enemies":"The Guardian","floor":16,"turns":8},{"damage":14,"enemies":"Chosen","floor":18,"turns":4},{"damage":0,"enemies":"Spheric Guardian","floor":21,"turns":1},{"damage":30,"enemies":"Snake Plant","floor":22,"turns":4},{"damage":0,"enemies":"Cultist and Chosen","floor":24,"turns":6},{"damage":5,"enemies":"Snecko","floor":25,"turns":5},{"damage":23,"enemies":"Snake Plant","floor":27,"turns":5},{"damage":6,"enemies":"3 Cultists","floor":29,"turns":5},{"damage":20,"enemies":"Shelled Parasite and Fungi","floor":31,"turns":7},{"damage":11,"enemies":"Automaton","floor":33,"turns":13},{"damage":1,"enemies":"3 Shapes","floor":35,"turns":7},{"damage":20,"enemies":"Orb Walker","floor":39,"turns":4},{"damage":37,"enemies":"Nemesis","floor":40,"turns":9},{"damage":0,"enemies":"Spire Growth","floor":42,"turns":4},{"damage":41,"enemies":"Transient","floor":46,"turns":5},{"damage":24,"enemies":"4 Shapes","floor":48,"turns":7},{"damage":12,"enemies":"Awakened One","floor":50,"turns":10}],"seed_played":"-8961054765178026883","potions_obtained":[{"floor":1,"key":"GamblersBrew"},{"floor":5,"key":"Poison Potion"},{"floor":7,"key":"Regen Potion"},{"floor":14,"key":"Regen Potion"},{"floor":16,"key":"Weak Potion"}],"is_trial":false,"path_per_floor":["M","M","?","M","M","R","M","R","T","R","$","M","M","M","R","B",null,"M","?","?","M","M","R","M","M","T","M","?","M","R","M","R","B",null,"M","?","$","?","M","E","R","M","T","R","?","M","$","M","R","B",null],"character_chosen":"DEFECT","items_purchased":["Capacitor","Apotheosis","Letter Opener","Self Repair+1","Defragment+1"],"campfire_rested":6,"item_purchase_floors":[11,11,37,37,47],"current_hp_per_floor":[67,66,59,50,42,42,35,35,35,35,35,32,46,32,32,44,67,55,55,41,43,15,37,39,36,36,15,15,11,33,15,37,28,63,64,55,55,55,37,12,34,46,46,68,68,39,39,27,49,49],"gold":118,"neow_bonus":"RANDOM_COMMON_RELIC","is_prod":false,"is_daily":false,"chose_seed":false,"campfire_upgraded":4,"win_rate":0,"timestamp":1545419797,"path_taken":["M","M","?","M","M","R","?","R","T","R","?","?","?","M","R","BOSS","M","?","?","M","M","R","M","M","T","?","?","M","R","M","R","BOSS","M","?","$","?","?","E","R","M","T","R","?","M","$","M","R","BOSS"],"build_version":"2018-12-20","purchased_purges":2,"victory":true,"max_hp_per_floor":[75,75,75,75,75,75,75,75,75,75,75,75,75,75,75,75,75,75,75,75,75,75,75,75,75,75,75,75,75,75,75,75,75,75,75,75,75,75,75,75,75,75,75,75,75,75,75,75,75,75],"card_choices":[{"not_picked":["Fusion","Go for the Eyes"],"picked":"Melter","floor":1},{"not_picked":["Hologram","Aggregate"],"picked":"Ball Lightning","floor":2},{"not_picked":["Go for the Eyes","Leap"],"picked":"Ball Lightning","floor":4},{"not_picked":["Turbo","Scrape","Loop"],"picked":"SKIP","floor":5},{"not_picked":["Amplify","Gash","Streamline"],"picked":"SKIP","floor":7},{"not_picked":["Rebound","Chill"],"picked":"Capacitor","floor":12},{"not_picked":["Recycle","Chaos"],"picked":"Coolheaded","floor":13},{"not_picked":["Self Repair","Aggregate"],"picked":"Consume","floor":14},{"not_picked":["Reboot","Multi-Cast"],"picked":"Fission","floor":16},{"not_picked":["Undo","Rip and Tear"],"picked":"Coolheaded","floor":18},{"not_picked":["Streamline+1","Compile Driver"],"picked":"Cold Snap","floor":21},{"not_picked":["Gash","Hologram","Recycle"],"picked":"SKIP","floor":22},{"not_picked":["Rebound","Sunder"],"picked":"Chill","floor":24},{"not_picked":["Conserve Battery","Compile Driver"],"picked":"Genetic Algorithm+1","floor":25},{"not_picked":["Go for the Eyes","Hyperbeam"],"picked":"Glacier+1","floor":27},{"not_picked":["Compile Driver","Barrage"],"picked":"Cold Snap","floor":29},{"not_picked":["Reinforced Body","Doom and Gloom"],"picked":"Loop+1","floor":31},{"not_picked":["Core Surge","Rainbow"],"picked":"Electrodynamics+1","floor":33},{"not_picked":["Steam","Leap+1","Streamline+1"],"picked":"SKIP","floor":35},{"not_picked":["Consume+1","Lockon+1"],"picked":"Ball Lightning+1","floor":39},{"not_picked":["Amplify","FTL+1"],"picked":"Coolheaded","floor":40},{"not_picked":["Hologram","BootSequence"],"picked":"Barrage+1","floor":42},{"not_picked":["Turbo+1","Compile Driver"],"picked":"Loop+1","floor":46},{"not_picked":["Leap","Darkness"],"picked":"Redo+1","floor":48}],"player_experience":304017,"relics_obtained":[{"floor":9,"key":"Blood Vial"},{"floor":26,"key":"Frozen Egg 2"},{"floor":40,"key":"Bag of Preparation"},{"floor":43,"key":"Pen Nib"}],"event_choices":[{"damage_healed":0,"gold_gain":0,"player_choice":"Damaged","damage_taken":7,"max_hp_gain":0,"max_hp_loss":0,"event_name":"Wheel of Change","floor":3,"gold_loss":0},{"damage_healed":0,"gold_gain":0,"player_choice":"Read","damage_taken":0,"max_hp_gain":0,"max_hp_loss":0,"event_name":"The Library","floor":19,"gold_loss":0,"cards_obtained":["Defragment"]},{"damage_healed":0,"gold_gain":90,"player_choice":"GOLD ","damage_taken":14,"max_hp_gain":0,"max_hp_loss":0,"event_name":"Knowing Skull","floor":20,"potions_obtained":[],"gold_loss":0,"cards_obtained":[]},{"damage_healed":0,"gold_gain":0,"player_choice":"Simplicity","damage_taken":0,"max_hp_gain":0,"max_hp_loss":0,"event_name":"Back to Basics","floor":28,"gold_loss":0,"cards_upgraded":["Strike_B","Strike_B","Strike_B","Defend_B","Defend_B","Defend_B","Defend_B"]},{"damage_healed":0,"gold_gain":0,"player_choice":"Embrace Madness","damage_taken":9,"max_hp_gain":0,"max_hp_loss":0,"event_name":"Winding Halls","floor":36,"gold_loss":0,"cards_obtained":["Madness","Madness"]},{"damage_healed":0,"gold_gain":0,"player_choice":"Paid Gold","damage_taken":0,"relics_obtained":["Oddly Smooth Stone"],"max_hp_gain":0,"max_hp_loss":0,"event_name":"WeMeetAgain","floor":38,"gold_loss":54},{"cards_removed":["Ball Lightning"],"damage_healed":0,"gold_gain":0,"player_choice":"Removed Attack","damage_taken":0,"max_hp_gain":0,"max_hp_loss":0,"event_name":"Falling","floor":45,"gold_loss":0}],"is_beta":false,"boss_relics":[{"not_picked":["Lizard Tail","Tiny House"],"picked":"Sozu"},{"not_picked":["Cursed Key","Snecko Eye"],"picked":"Nuclear Battery"}],"items_purged_floors":[11,37],"is_endless":false,"potions_floor_spawned":[1,5,7,14,16,21,22,29,33,35,40],"ascension_level":11}