{"gold_per_floor":[115,132,146,19,35,35,35,65,147,147,164,164,164,177,177,279,279,297,49,59,59,59,59,59,59,59,75,92,92,92,107,107,107],"floor_reached":33,"playtime":2410,"items_purged":[],"score":395,"play_id":"45205162-93d4-42a6-8eaa-f576de3b293f","local_time":"20190406010145","is_ascension_mode":true,"campfire_choices":[{"data":"Riddle With Holes","floor":6,"key":"SMITH"},{"data":"Caltrops","floor":10,"key":"SMITH"},{"floor":13,"key":"REST"},{"data":"Cloak And Dagger","floor":15,"key":"SMITH"},{"data":"A Thousand Cuts","floor":23,"key":"SMITH"},{"data":"Well Laid Plans","floor":24,"key":"SMITH"},{"floor":29,"key":"REST"},{"data":"Leg Sweep","floor":30,"key":"SMITH"},{"floor":32,"key":"REST"}],"neow_cost":"NONE","seed_source_timestamp":463510006956,"circlet_count":0,"master_deck":["AscendersBane","Defend_G","Defend_G","Defend_G","Defend_G","Defend_G","Strike_G","Strike_G","Strike_G","Strike_G","Strike_G","Survivor","Neutralize+1","Caltrops+1","Dodge and Roll","Deflect","Well Laid Plans+1","Cloak And Dagger+1","Riddle With Holes+1","Bullet Time","Dodge and Roll","Escape Plan","A Thousand Cuts+1","Necronomicurse","Leg Sweep+1"],"relics":["Ring of the Snake","WingedGreaves","Gremlin Horn","Blood Vial","Snecko Eye","Ornamental Fan","MutagenicStrength","Necronomicon","Omamori"],"potions_floor_usage":[8,28,28],"damage_taken":[{"damage":2,"enemies":"2 Louse","floor":1,"turns":3},{"damage":5,"enemies":"Jaw Worm","floor":2,"turns":6},{"damage":1,"enemies":"Small Slimes","floor":3,"turns":4},{"damage":2,"enemies":"3 Louse","floor":5,"turns":4},{"damage":20,"enemies":"Lagavulin","floor":8,"turns":8},{"damage":4,"enemies":"Blue Slaver","floor":11,"turns":4},{"damage":0,"enemies":"Exordium Wildlife","floor":14,"turns":4},{"damage":12,"enemies":"The Guardian","floor":16,"turns":15},{"damage":0,"enemies":"3 Byrds","floor":18,"turns":4},{"damage":12,"enemies":"Spheric Guardian","floor":20,"turns":5},{"damage":17,"enemies":"Colosseum Slavers","floor":25,"turns":5},{"damage":3,"enemies":"3 Cultists","floor":27,"turns":3},{"damage":0,"enemies":"Snecko","floor":28,"turns":4},{"damage":13,"enemies":"Snake Plant","floor":31,"turns":3},{"damage":81,"enemies":"Champ","floor":33,"turns":17}],"seed_played":"-8473871641900630571","potions_obtained":[{"floor":1,"key":"LiquidBronze"},{"floor":8,"key":"GamblersBrew"},{"floor":11,"key":"Fire Potion"},{"floor":20,"key":"Swift Potion"}],"is_trial":false,"path_per_floor":["M","M","M","$","M","R","?","E","T","R","M","?","R","M","R","B",null,"M","$","M","?","?","R","R","?","T","M","M","R","R","M","R","B"],"character_chosen":"THE_SILENT","items_purchased":["Well Laid Plans","Cloak And Dagger","Ornamental Fan"],"campfire_rested":3,"item_purchase_floors":[4,4,19],"current_hp_per_floor":[61,56,55,55,53,53,53,33,33,33,29,26,47,49,49,39,62,64,64,54,54,38,38,38,23,23,22,24,45,45,34,55,0],"gold":107,"neow_bonus":"UPGRADE_CARD","is_prod":false,"is_daily":false,"chose_seed":false,"campfire_upgraded":6,"win_rate":0,"timestamp":1554537705,"path_taken":["M","M","M","$","M","R","?","E","T","R","M","?","R","M","R","BOSS","M","$","M","?","?","R","R","?","T","M","?","R","R","?","R","BOSS"],"build_version":"2019-01-23","purchased_purges":0,"victory":false,"max_hp_per_floor":[70,70,70,70,70,70,70,70,70,70,70,70,70,70,70,70,70,70,70,70,70,70,70,70,70,70,70,70,70,70,70,70,70],"card_choices":[{"not_picked":["Quick Slash","Underhanded Strike"],"picked":"Caltrops","floor":1},{"not_picked":["Expertise","Bane"],"picked":"Dodge and Roll","floor":2},{"not_picked":["Expertise","Eviscerate"],"picked":"Deflect","floor":3},{"not_picked":["Masterful Stab","Slice"],"picked":"Riddle With Holes","floor":5},{"not_picked":["Slice","Dagger Spray"],"picked":"Bullet Time","floor":8},{"not_picked":["Sucker Punch","Deadly Poison"],"picked":"Dodge and Roll","floor":11},{"not_picked":["Bane","Poisoned Stab"],"picked":"Escape Plan","floor":14},{"not_picked":["Storm of Steel","Glass Knife"],"picked":"A Thousand Cuts","floor":16},{"not_picked":["Concentrate","Quick Slash","Flying Knee"],"picked":"SKIP","floor":18},{"not_picked":["Concentrate","Quick Slash","Deadly Poison"],"picked":"SKIP","floor":20},{"not_picked":["Adrenaline","Dagger Throw+1"],"picked":"Leg Sweep","floor":27},{"not_picked":["Cloak And Dagger","Sucker Punch","Acrobatics"],"picked":"SKIP","floor":28},{"not_picked":["Bane","Outmaneuver","Flying Knee"],"picked":"SKIP","floor":31}],"player_experience":389359,"relics_obtained":[{"floor":8,"key":"WingedGreaves"},{"floor":9,"key":"Gremlin Horn"},{"floor":22,"key":"Necronomicon"},{"floor":26,"key":"Omamori"}],"event_choices":[{"damage_healed":0,"gold_gain":0,"player_choice":"Ignored","damage_taken":0,"max_hp_gain":0,"max_hp_loss":0,"event_name":"Golden Wing","floor":7,"gold_loss":0},{"damage_healed":0,"gold_gain":0,"player_choice":"Success","damage_taken":3,"relics_obtained":["Blood Vial"],"max_hp_gain":0,"max_hp_loss":0,"event_name":"Scrap Ooze","floor":12,"gold_loss":0},{"damage_healed":0,"gold_gain":0,"player_choice":"Inject Mutagens","damage_taken":0,"relics_obtained":["MutagenicStrength"],"max_hp_gain":0,"max_hp_loss":0,"event_name":"Drug Dealer","floor":21,"gold_loss":0},{"damage_healed":0,"gold_gain":0,"player_choice":"Obtained Book","damage_taken":16,"max_hp_gain":0,"max_hp_loss":0,"event_name":"Cursed Tome","floor":22,"gold_loss":0},{"damage_healed":0,"gold_gain":0,"player_choice":"Fight","damage_taken":0,"max_hp_gain":0,"max_hp_loss":0,"event_name":"Colosseum","floor":25,"gold_loss":0},{"damage_healed":0,"gold_gain":0,"player_choice":"Fled From Nobs","damage_taken":0,"max_hp_gain":0,"max_hp_loss":0,"event_name":"Colosseum","floor":25,"gold_loss":0}],"is_beta":false,"boss_relics":[{"not_picked":["Velvet Choker","White Beast Statue"],"picked":"Snecko Eye"}],"items_purged_floors":[],"is_endless":false,"potions_floor_spawned":[1,8,11,20,25],"killed_by":"Champ","ascension_level":12}