{"gold_per_floor":[110,110,80,80,90,90,115,115,115,145,164,176,207,225,225,320,320,330,24,37,37,57,57,67,67,91,181,215,226,226,236,236,339,339,353,43,43,62,162,162,196,196,276,296,7,7,19,42,54,66],"floor_reached":50,"playtime":4456,"items_purged":[],"score":585,"play_id":"c52e1181-ed84-4a08-aa27-11605de49e20","local_time":"20190211012301","is_ascension_mode":false,"campfire_choices":[{"data":"Inflame","floor":6,"key":"SMITH"},{"data":"Armaments","floor":8,"key":"SMITH"},{"data":"Clash","floor":15,"key":"SMITH"},{"data":"Bash","floor":23,"key":"SMITH"},{"data":"Metallicize","floor":30,"key":"SMITH"},{"floor":32,"key":"REST"},{"data":"Berserk","floor":40,"key":"SMITH"},{"floor":42,"key":"REST"},{"floor":47,"key":"REST"},{"floor":49,"key":"REST"}],"neow_cost":"NONE","seed_source_timestamp":1070397513813900,"circlet_count":0,"master_deck":["Strike_R","Strike_R","Strike_R","Strike_R","Strike_R","Defend_R","Defend_R","Defend_R","Defend_R","Bash+1","Clash","Clash+1","Inflame+1","Armaments+1","Iron Wave+1","Rampage+1","Immolate+1","Battle Trance+1","Clash+1","Reaper+1","Flame Barrier+1","True Grit+1","Battle Trance+1","Anger+1","Feed+1","Shrug It Off+1","Pommel Strike+1","Corruption+1","Metallicize+1","Shame","Flash of Steel+1","Headbutt+1","Clothesline+1","Thunderclap+1","Berserk+1","Barricade+1","Intimidate+1","Chrysalis+1","Feel No Pain+1","Disarm+1","Uppercut+1","Feel No Pain+1","Bandage Up+1","Cleave+1","Pummel+1","Iron Wave+1"],"relics":["Burning Blood","Dream Catcher","Toxic Egg 2","Molten Egg 2","Juzu Bracelet","Orrery","Ice Cream","MutagenicStrength","Ancient Tea Set","Strawberry","Torii","Snecko Eye","PreservedInsect","Orichalcum","Gremlin Horn","Medical Kit","MawBank"],"potions_floor_usage":[7,12,13,13,16,22,33,35,35,48],"damage_taken":[{"damage":0,"enemies":"Small Slimes","floor":1,"turns":3},{"damage":0,"enemies":"Cultist","floor":5,"turns":2},{"damage":26,"enemies":"Lagavulin","floor":7,"turns":5},{"damage":14,"enemies":"Gremlin Nob","floor":10,"turns":4},{"damage":0,"enemies":"2 Louse","floor":11,"turns":3},{"damage":0,"enemies":"Blue Slaver","floor":12,"turns":1},{"damage":2,"enemies":"3 Sentries","floor":13,"turns":3},{"damage":7,"enemies":"Large Slime","floor":14,"turns":4},{"damage":23,"enemies":"The Guardian","floor":16,"turns":7},{"damage":0,"enemies":"Spheric Guardian","floor":18,"turns":3},{"damage":11,"enemies":"2 Thieves","floor":20,"turns":4},{"damage":10,"enemies":"Sentry and Sphere","floor":22,"turns":4},{"damage":22,"enemies":"Snake Plant","floor":24,"turns":4},{"damage":23,"enemies":"Gremlin Leader","floor":28,"turns":6},{"damage":18,"enemies":"Shelled Parasite and Fungi","floor":29,"turns":4},{"damage":9,"enemies":"Snecko","floor":31,"turns":4},{"damage":72,"enemies":"Champ","floor":33,"turns":10},{"damage":42,"enemies":"3 Darklings","floor":35,"turns":5},{"damage":2,"enemies":"Orb Walker","floor":38,"turns":4},{"damage":78,"enemies":"Giant Head","floor":41,"turns":9},{"damage":25,"enemies":"Writhing Mass","floor":44,"turns":8},{"damage":26,"enemies":"Jaw Worm Horde","floor":48,"turns":4},{"damage":120,"enemies":"Awakened One","floor":50,"turns":6}],"seed_played":"-9053890063415752040","potions_obtained":[{"floor":3,"key":"Strength Potion"},{"floor":3,"key":"Poison Potion"},{"floor":7,"key":"SteroidPotion"},{"floor":11,"key":"Fire Potion"},{"floor":12,"key":"Poison Potion"},{"floor":14,"key":"Weak Potion"},{"floor":18,"key":"EssenceOfSteel"},{"floor":22,"key":"Explosive Potion"},{"floor":29,"key":"Dexterity Potion"},{"floor":33,"key":"GamblersBrew"},{"floor":44,"key":"LiquidBronze"},{"floor":48,"key":"Fire Potion"}],"is_trial":false,"path_per_floor":["M","$","?","$","M","R","E","R","T","E","M","M","E","M","R","B",null,"M","$","M","?","M","R","M","?","T","?","E","M","R","M","R","B",null,"M","$","?","M","?","R","E","R","T","M","$","T","R","M","R","B"],"character_chosen":"IRONCLAD","items_purchased":["Ice Cream","PreservedInsect","Chrysalis+1","Medical Kit","Bandage Up+1"],"campfire_rested":4,"item_purchase_floors":[19,36,36,45,45],"current_hp_per_floor":[80,80,80,80,80,80,60,60,60,52,58,64,68,67,67,50,80,84,84,83,83,88,88,81,81,88,61,52,47,47,52,82,21,103,77,77,77,86,86,86,23,53,53,36,36,36,66,56,88,0],"gold":66,"neow_bonus":"THREE_CARDS","is_prod":false,"is_daily":false,"chose_seed":false,"campfire_upgraded":6,"win_rate":0.0,"timestamp":1549844581,"path_taken":["M","$","?","$","M","R","E","R","T","E","M","M","E","M","R","BOSS","M","$","M","?","M","R","M","?","T","?","E","M","R","M","R","BOSS","M","?","?","M","?","R","E","R","T","M","$","?","R","M","R","BOSS"],"build_version":"2019-01-23","purchased_purges":0,"victory":false,"max_hp_per_floor":[80,80,80,80,80,80,80,80,80,80,80,80,80,80,80,80,80,84,84,88,88,92,92,92,92,99,99,99,103,103,103,103,103,103,103,103,103,103,103,103,103,103,103,103,103,103,103,107,107,111],"card_choices":[{"not_picked":["Entrench","Anger"],"picked":"Clash","floor":0},{"not_picked":["Body Slam","Headbutt"],"picked":"Clash","floor":1},{"not_picked":["Perfected Strike","Combust"],"picked":"Inflame","floor":5},{"not_picked":["Carnage","Clothesline"],"picked":"Armaments","floor":7},{"not_picked":["Armaments+1","Burning Pact+1"],"picked":"Iron Wave","floor":10},{"not_picked":["Ghostly Armor+1","Power Through+1"],"picked":"Rampage+1","floor":11},{"not_picked":["Clash+1","Iron Wave+1"],"picked":"Immolate+1","floor":12},{"not_picked":["Dark Embrace","Hemokinesis+1"],"picked":"Battle Trance+1","floor":13},{"not_picked":["Ghostly Armor+1","Pummel+1"],"picked":"Clash+1","floor":14},{"not_picked":["Impervious+1","Limit Break+1"],"picked":"Reaper+1","floor":16},{"not_picked":["Combust","Sword Boomerang+1"],"picked":"Flame Barrier+1","floor":17},{"not_picked":["Heavy Blade+1","Armaments+1"],"picked":"True Grit+1","floor":17},{"not_picked":["Armaments+1","Searing Blow+1"],"picked":"Battle Trance+1","floor":17},{"not_picked":["Armaments+1","Heavy Blade+1"],"picked":"Anger+1","floor":17},{"not_picked":["Body Slam+1","Iron Wave+1"],"picked":"Feed+1","floor":17},{"not_picked":["Clash+1","Wild Strike+1"],"picked":"Shrug It Off+1","floor":18},{"not_picked":["Anger+1","Shrug It Off+1"],"picked":"Pommel Strike+1","floor":20},{"not_picked":["Clothesline+1","Carnage+1"],"picked":"Corruption+1","floor":22},{"not_picked":["Thunderclap+1","Burning Pact+1"],"picked":"Metallicize","floor":24},{"not_picked":["Reaper+1","Armaments+1"],"picked":"Headbutt+1","floor":28},{"not_picked":["Hemokinesis+1","Ghostly Armor+1"],"picked":"Clothesline+1","floor":29},{"not_picked":["Headbutt+1","True Grit+1"],"picked":"Thunderclap+1","floor":31},{"not_picked":["Clothesline+1","Rupture"],"picked":"Berserk","floor":32},{"not_picked":["Feed+1","Bludgeon+1"],"picked":"Barricade","floor":33},{"not_picked":["Iron Wave+1","Shrug It Off+1"],"picked":"Intimidate+1","floor":35},{"not_picked":["Burning Pact+1","Headbutt+1"],"picked":"Feel No Pain+1","floor":38},{"not_picked":["Reckless Charge+1","Thunderclap+1"],"picked":"Disarm+1","floor":41},{"not_picked":["Armaments+1","Clothesline+1"],"picked":"Uppercut+1","floor":42},{"not_picked":["Body Slam+1","Wild Strike+1"],"picked":"Feel No Pain+1","floor":44},{"not_picked":["Body Slam+1","Heavy Blade+1"],"picked":"Cleave+1","floor":47},{"not_picked":["Sever Soul+1","Perfected Strike+1"],"picked":"Pummel+1","floor":48},{"not_picked":["Armaments+1","Barricade"],"picked":"Iron Wave+1","floor":49}],"player_experience":36984,"relics_obtained":[{"floor":7,"key":"Dream Catcher"},{"floor":9,"key":"Toxic Egg 2"},{"floor":10,"key":"Molten Egg 2"},{"floor":13,"key":"Juzu Bracelet"},{"floor":26,"key":"Strawberry"},{"floor":28,"key":"Torii"},{"floor":41,"key":"Orichalcum"},{"floor":43,"key":"Gremlin Horn"},{"floor":46,"key":"MawBank"}],"event_choices":[{"damage_healed":0,"gold_gain":0,"player_choice":"Bought 2 Potions","damage_taken":0,"max_hp_gain":0,"max_hp_loss":0,"event_name":"The Woman in Blue","floor":3,"gold_loss":0},{"damage_healed":0,"gold_gain":0,"player_choice":"Inject Mutagens","damage_taken":0,"relics_obtained":["MutagenicStrength"],"max_hp_gain":0,"max_hp_loss":0,"event_name":"Drug Dealer","floor":21,"gold_loss":0},{"damage_healed":0,"gold_gain":0,"player_choice":"Stole Relic","damage_taken":0,"relics_obtained":["Ancient Tea Set"],"max_hp_gain":0,"max_hp_loss":0,"event_name":"Addict","floor":25,"gold_loss":0,"cards_obtained":["Shame"]},{"damage_healed":0,"gold_gain":90,"player_choice":"GOLD CARD ","damage_taken":27,"max_hp_gain":0,"max_hp_loss":0,"event_name":"Knowing Skull","floor":27,"potions_obtained":[],"gold_loss":0,"cards_obtained":["Flash of Steel"]},{"damage_healed":0,"gold_gain":0,"player_choice":"Forge","damage_taken":0,"max_hp_gain":0,"max_hp_loss":0,"event_name":"Accursed Blacksmith","floor":37,"gold_loss":0,"cards_upgraded":["Barricade"]},{"damage_healed":0,"gold_gain":100,"player_choice":"Pray","damage_taken":0,"max_hp_gain":0,"max_hp_loss":0,"event_name":"Golden Shrine","floor":39,"gold_loss":0}],"is_beta":false,"boss_relics":[{"not_picked":["Eternal Feather","White Beast Statue"],"picked":"Orrery"},{"not_picked":["Astrolabe","Fusion Hammer"],"picked":"Snecko Eye"}],"items_purged_floors":[],"is_endless":false,"potions_floor_spawned":[7,11,12,14,18,22,29,33,44,48],"killed_by":"Awakened One","ascension_level":0}