{"gold_per_floor":[114,33,45,65,77,77,107,126,150,165,165,165,240,259,259,355,355,344,344,34,134,134,165,182,182,205,222,233,244,270,280,280,382,382,398,412,457,476,476,476,504,504,504,82,98,98,12,0,0,0],"floor_reached":50,"playtime":2597,"items_purged":["Writhe"],"score":795,"play_id":"8b68ea07-46f4-4cc7-8a73-07672bb81fb1","local_time":"20190116141148","is_ascension_mode":true,"campfire_choices":[{"data":"Neutralize","floor":6,"key":"SMITH"},{"data":"Footwork","floor":11,"key":"SMITH"},{"floor":15,"key":"REST"},{"data":"Noxious Fumes","floor":25,"key":"SMITH"},{"floor":32,"key":"REST"},{"data":"Footwork","floor":40,"key":"SMITH"},{"floor":46,"key":"REST"},{"floor":49,"key":"REST"}],"neow_cost":"NONE","seed_source_timestamp":509531011424500,"circlet_count":0,"master_deck":["Defend_G+1","Defend_G","Defend_G+1","Defend_G","Survivor","Neutralize+1","Sucker Punch","Footwork+1","All Out Attack","Backstab+1","Predator","After Image","Bullet Time","After Image","Bite","Bite","Bite","Bite","Bite+1","Noxious Fumes+1","Dagger Spray","Deflect","Footwork+1","Backstab+1","Cloak And Dagger","All Out Attack+1","Dash","Blur","Caltrops","Cloak And Dagger+1","Adrenaline","Deflect","Infinite Blades+1","Bouncing Flask+1","Cloak And Dagger+1","Adrenaline","Deflect+1","Blind"],"relics":["Ring of the Snake","NeowsBlessing","Bag of Marbles","War Paint","Orichalcum","Sozu","PreservedInsect","Peace Pipe","Bottled Lightning","Whetstone","Strawberry","Potion Belt","WingedGreaves","Tingsha","Omamori","Snake Skull","ClockworkSouvenir","Red Mask"],"potions_floor_usage":[7,8,18,23],"damage_taken":[{"damage":0,"enemies":"Cultist","floor":1,"turns":1},{"damage":0,"enemies":"Small Slimes","floor":3,"turns":1},{"damage":0,"enemies":"2 Louse","floor":4,"turns":1},{"damage":1,"enemies":"2 Fungi Beasts","floor":5,"turns":2},{"damage":24,"enemies":"Gremlin Nob","floor":7,"turns":4},{"damage":0,"enemies":"Large Slime","floor":8,"turns":1},{"damage":1,"enemies":"Gremlin Gang","floor":10,"turns":7},{"damage":0,"enemies":"2 Fungi Beasts","floor":14,"turns":2},{"damage":25,"enemies":"The Guardian","floor":16,"turns":18},{"damage":1,"enemies":"2 Thieves","floor":18,"turns":4},{"damage":8,"enemies":"Colosseum Slavers","floor":21,"turns":4},{"damage":25,"enemies":"Colosseum Nobs","floor":21,"turns":6},{"damage":9,"enemies":"Book of Stabbing","floor":23,"turns":5},{"damage":17,"enemies":"Shell Parasite","floor":24,"turns":4},{"damage":6,"enemies":"Shelled Parasite and Fungi","floor":27,"turns":7},{"damage":4,"enemies":"Snake Plant","floor":28,"turns":2},{"damage":0,"enemies":"3 Cultists","floor":29,"turns":5},{"damage":22,"enemies":"Gremlin Leader","floor":30,"turns":4},{"damage":16,"enemies":"Snecko","floor":31,"turns":7},{"damage":20,"enemies":"Automaton","floor":33,"turns":12},{"damage":5,"enemies":"3 Darklings","floor":35,"turns":6},{"damage":0,"enemies":"3 Shapes","floor":36,"turns":5},{"damage":20,"enemies":"2 Orb Walkers","floor":37,"turns":5},{"damage":45,"enemies":"Transient","floor":38,"turns":5},{"damage":51,"enemies":"Nemesis","floor":41,"turns":7},{"damage":16,"enemies":"Jaw Worm Horde","floor":45,"turns":3},{"damage":73,"enemies":"Time Eater","floor":50,"turns":13}],"seed_played":"4797064493385204674","potions_obtained":[{"floor":1,"key":"SteroidPotion"},{"floor":3,"key":"Poison Potion"},{"floor":14,"key":"SteroidPotion"},{"floor":16,"key":"Dexterity Potion"}],"is_trial":false,"path_per_floor":["M","$","M","M","M","R","E","M","T","M","R","T","?","M","R","B",null,"M","?","$","?","?","E","M","R","T","M","M","M","E","M","R","B",null,"M","M","?","M","?","R","E","?","T","$","M","R","$","?","R","B"],"character_chosen":"THE_SILENT","items_purchased":["Footwork","Noxious Fumes","Dagger Spray","Deflect","PreservedInsect","Snake Skull","ClockworkSouvenir","Blind"],"campfire_rested":4,"item_purchase_floors":[2,20,20,20,20,44,44,47],"current_hp_per_floor":[63,63,63,63,62,62,38,38,38,37,37,37,26,26,47,22,58,57,49,49,36,36,39,33,33,40,54,55,56,39,31,47,50,55,56,56,45,9,49,49,5,17,17,17,8,22,22,22,36,0],"gold":0,"neow_bonus":"THREE_ENEMY_KILL","is_prod":false,"is_daily":false,"chose_seed":false,"campfire_upgraded":4,"win_rate":0,"timestamp":1547644308,"path_taken":["M","$","M","M","?","R","E","M","T","M","R","?","?","M","R","BOSS","M","?","$","?","?","E","M","R","T","M","M","M","E","?","R","BOSS","M","M","?","M","?","R","E","?","T","$","M","R","$","?","R","BOSS"],"build_version":"2019-01-10","purchased_purges":1,"victory":false,"max_hp_per_floor":[70,70,70,70,70,70,70,70,70,70,70,70,70,70,70,70,70,70,49,49,49,49,49,49,49,56,56,56,56,56,56,56,56,56,56,56,56,56,49,49,49,49,49,49,49,49,49,49,49,49],"card_choices":[{"not_picked":["Outmaneuver","Reflex"],"picked":"Sucker Punch","floor":1},{"not_picked":["Blade Dance","Dagger Spray"],"picked":"All Out Attack","floor":3},{"not_picked":["Prepared","Poisoned Stab"],"picked":"Backstab","floor":4},{"not_picked":["Bane","Cloak And Dagger"],"picked":"Predator","floor":5},{"not_picked":["Heel Hook","Escape Plan"],"picked":"After Image","floor":7},{"not_picked":["Acrobatics","Masterful Stab","Slice"],"picked":"SKIP","floor":8},{"not_picked":["Acrobatics","Poisoned Stab","Outmaneuver"],"picked":"SKIP","floor":10},{"not_picked":["Dodge and Roll","Dagger Spray"],"picked":"Bullet Time","floor":14},{"not_picked":["Bullet Time","Malaise"],"picked":"After Image","floor":16},{"not_picked":["Predator","Infinite Blades+1","Accuracy+1"],"picked":"SKIP","floor":18},{"not_picked":["Flying Knee","Tactician+1"],"picked":"Footwork","floor":21},{"not_picked":["Sucker Punch","Reflex"],"picked":"Backstab+1","floor":23},{"not_picked":["Skewer","Backflip+1"],"picked":"Cloak And Dagger","floor":24},{"not_picked":["Flechettes","Setup"],"picked":"All Out Attack+1","floor":27},{"not_picked":["Quick Slash","Acrobatics"],"picked":"Dash","floor":28},{"not_picked":["Prepared","Infinite Blades"],"picked":"Blur","floor":29},{"not_picked":["Dagger Spray","All Out Attack"],"picked":"Caltrops","floor":30},{"not_picked":["Poisoned Stab","All Out Attack"],"picked":"Cloak And Dagger+1","floor":31},{"not_picked":["Tools of the Trade","Grand Finale"],"picked":"Adrenaline","floor":33},{"not_picked":["Poisoned Stab","Eviscerate+1"],"picked":"Deflect","floor":35},{"not_picked":["Slice","Bane"],"picked":"Infinite Blades+1","floor":36},{"not_picked":["Acrobatics+1","Flying Knee+1"],"picked":"Bouncing Flask+1","floor":37},{"not_picked":["Underhanded Strike","Backflip"],"picked":"Cloak And Dagger+1","floor":38},{"not_picked":["Masterful Stab+1","Riddle With Holes+1"],"picked":"Adrenaline","floor":41},{"not_picked":["Bouncing Flask","Quick Slash+1"],"picked":"Deflect+1","floor":45}],"player_experience":378827,"relics_obtained":[{"floor":7,"key":"Bag of Marbles"},{"floor":9,"key":"War Paint"},{"floor":12,"key":"Orichalcum"},{"floor":21,"key":"Peace Pipe"},{"floor":21,"key":"Bottled Lightning"},{"floor":23,"key":"Whetstone"},{"floor":26,"key":"Strawberry"},{"floor":30,"key":"Potion Belt"},{"floor":37,"key":"WingedGreaves"},{"floor":41,"key":"Tingsha"},{"floor":43,"key":"Omamori"}],"event_choices":[{"damage_healed":0,"gold_gain":75,"player_choice":"Gather Gold","damage_taken":11,"max_hp_gain":0,"max_hp_loss":0,"event_name":"World of Goop","floor":13,"gold_loss":0},{"damage_healed":0,"gold_gain":0,"player_choice":"Became a vampire","damage_taken":0,"max_hp_gain":0,"max_hp_loss":21,"event_name":"Vampires","floor":19,"gold_loss":0,"cards_obtained":["Bite","Bite","Bite","Bite","Bite"]},{"damage_healed":0,"gold_gain":0,"player_choice":"Fight","damage_taken":0,"max_hp_gain":0,"max_hp_loss":0,"event_name":"Colosseum","floor":21,"gold_loss":0},{"damage_healed":0,"gold_gain":0,"player_choice":"Fought Nobs","damage_taken":0,"max_hp_gain":0,"max_hp_loss":0,"event_name":"Colosseum","floor":21,"gold_loss":0},{"cards_removed":["Defend_G"],"damage_healed":0,"gold_gain":0,"player_choice":"Offered Basic","damage_taken":0,"max_hp_gain":0,"max_hp_loss":0,"event_name":"Bonfire Elementals","floor":22,"gold_loss":0},{"damage_healed":0,"gold_gain":0,"player_choice":"Fight","damage_taken":0,"max_hp_gain":0,"max_hp_loss":0,"event_name":"Mysterious Sphere","floor":37,"gold_loss":0},{"damage_healed":49,"gold_gain":0,"player_choice":"Heal","damage_taken":0,"max_hp_gain":0,"max_hp_loss":7,"event_name":"The Moai Head","floor":39,"gold_loss":0},{"damage_healed":12,"gold_gain":0,"player_choice":"Writhe","damage_taken":0,"max_hp_gain":0,"max_hp_loss":0,"event_name":"Winding Halls","floor":42,"gold_loss":0,"cards_obtained":["Writhe"]},{"damage_healed":0,"gold_gain":0,"player_choice":"Paid","damage_taken":0,"relics_obtained":["Red Mask"],"max_hp_gain":0,"max_hp_loss":0,"event_name":"Tomb of Lord Red Mask","floor":48,"gold_loss":12}],"is_beta":false,"boss_relics":[{"not_picked":["Eternal Feather","Snecko Eye"],"picked":"Sozu"},{"not_picked":["Runic Pyramid","Fusion Hammer","Calling Bell"]}],"items_purged_floors":[44],"is_endless":false,"potions_floor_spawned":[1,3,14,16,18,23,27,30,33,36,41],"killed_by":"Time Eater","ascension_level":9}