{"gold_per_floor":[143,154,167,82,94,94,94,94,94,105,118,118,133,143,143,238,238,256,270,282,54,54,54,69,69,94,193,193,226,226,279,279,376,376,389,404,404,404,404],"floor_reached":39,"playtime":3573,"items_purged":["Strike_R"],"score":417,"play_id":"50812faa-f73c-472c-87d9-07f91045116e","local_time":"20190213003808","is_ascension_mode":false,"campfire_choices":[{"data":"True Grit","floor":6,"key":"SMITH"},{"data":"Searing Blow","floor":8,"key":"SMITH"},{"data":"Searing Blow+1","floor":12,"key":"SMITH"},{"data":"Searing Blow+2","floor":15,"key":"SMITH"},{"data":"Barricade","floor":23,"key":"SMITH"},{"data":"Searing Blow+3","floor":28,"key":"SMITH"},{"data":"Feed","floor":32,"key":"SMITH"}],"neow_cost":"NONE","seed_source_timestamp":1241380013996300,"circlet_count":0,"master_deck":["Defend_R","Defend_R","Defend_R+1","Defend_R","Bash","Searing Blow+4","Shrug It Off","Feel No Pain","True Grit+1","Battle Trance","Intimidate+1","Spot Weakness","Feed+1","Cleave","Spot Weakness","Barricade+1","Iron Wave","Power Through+1","Battle Trance","Inflame","Bite","Bite","Bite","Bite","Bite","Evolve","Injury","Reaper","Juggernaut","Writhe","Writhe","Writhe","Inflame","Headbutt"],"relics":["Burning Blood","Tiny Chest","Orichalcum","Lantern","Cursed Key","Pear","Juzu Bracelet","Letter Opener","Blood Vial","Calling Bell","War Paint","Spirit Poop"],"potions_floor_usage":[5,16,16,29,33,39],"damage_taken":[{"damage":1,"enemies":"Cultist","floor":1,"turns":4},{"damage":9,"enemies":"Small Slimes","floor":2,"turns":4},{"damage":16,"enemies":"Jaw Worm","floor":3,"turns":5},{"damage":13,"enemies":"Large Slime","floor":5,"turns":14},{"damage":0,"enemies":"2 Fungi Beasts","floor":10,"turns":4},{"damage":1,"enemies":"3 Louse","floor":11,"turns":4},{"damage":0,"enemies":"Blue Slaver","floor":13,"turns":5},{"damage":1,"enemies":"Gremlin Gang","floor":14,"turns":4},{"damage":81,"enemies":"Hexaghost","floor":16,"turns":13},{"damage":0,"enemies":"Chosen","floor":18,"turns":6},{"damage":17,"enemies":"Shell Parasite","floor":19,"turns":6},{"damage":22,"enemies":"3 Cultists","floor":20,"turns":6},{"damage":10,"enemies":"Snecko","floor":24,"turns":6},{"damage":16,"enemies":"Gremlin Leader","floor":29,"turns":8},{"damage":71,"enemies":"Automaton","floor":33,"turns":12},{"damage":4,"enemies":"3 Shapes","floor":35,"turns":5},{"damage":34,"enemies":"3 Darklings","floor":36,"turns":9},{"damage":78,"enemies":"Transient","floor":39,"turns":5}],"seed_played":"7332139622770636439","potions_obtained":[{"floor":3,"key":"AttackPotion"},{"floor":11,"key":"SkillPotion"},{"floor":13,"key":"SkillPotion"},{"floor":16,"key":"Fire Potion"},{"floor":24,"key":"Energy Potion"},{"floor":33,"key":"Swift Potion"},{"floor":35,"key":"Energy Potion"}],"is_trial":false,"path_per_floor":["M","M","M","$","M","R","T","R","T","M","M","R","M","M","R","B",null,"M","M","M","$","?","R","M","T","T","?","R","E","?","T","R","B",null,"M","M","?","?","M"],"character_chosen":"IRONCLAD","items_purchased":["True Grit","Battle Trance","Battle Trance","Inflame"],"campfire_rested":0,"item_purchase_floors":[4,4,21,21],"current_hp_per_floor":[80,77,67,67,60,60,60,60,60,66,71,71,80,86,86,11,86,86,75,62,62,62,62,62,72,72,72,72,72,72,72,72,42,76,80,61,61,61,0],"gold":404,"neow_bonus":"RANDOM_COMMON_RELIC","is_prod":false,"is_daily":false,"chose_seed":false,"campfire_upgraded":7,"win_rate":0,"timestamp":1550014688,"path_taken":["M","M","M","$","M","R","?","R","T","M","M","R","M","?","R","BOSS","M","M","?","$","?","R","M","?","T","?","R","E","?","?","R","BOSS","M","M","?","?","M"],"build_version":"2019-01-23","purchased_purges":1,"victory":false,"max_hp_per_floor":[80,80,80,80,80,80,80,80,80,80,80,80,83,86,86,86,86,86,86,89,89,62,62,62,72,72,72,72,72,72,72,72,76,76,80,80,80,80,80],"card_choices":[{"not_picked":["Cleave","Headbutt"],"picked":"Searing Blow","floor":1},{"not_picked":["Wild Strike","Thunderclap"],"picked":"Shrug It Off","floor":2},{"not_picked":["Carnage","Sword Boomerang"],"picked":"Feel No Pain","floor":3},{"not_picked":["Sentinel","Thunderclap"],"picked":"Intimidate","floor":5},{"not_picked":["Twin Strike","Flame Barrier"],"picked":"Spot Weakness","floor":10},{"not_picked":["Cleave","True Grit"],"picked":"Feed","floor":11},{"not_picked":["Flex","Thunderclap"],"picked":"Cleave","floor":13},{"not_picked":["Flex","Hemokinesis"],"picked":"Spot Weakness","floor":14},{"not_picked":["Brutality","Feed"],"picked":"Barricade","floor":16},{"not_picked":["Bloodletting","Havoc"],"picked":"Iron Wave","floor":18},{"not_picked":["Iron Wave","Armaments"],"picked":"Power Through+1","floor":19},{"not_picked":["Pommel Strike","Offering"],"picked":"Shockwave","floor":20},{"not_picked":["Thunderclap","Flex+1"],"picked":"Evolve","floor":24},{"not_picked":["Power Through","Perfected Strike"],"picked":"Reaper","floor":29},{"not_picked":["Berserk","Offering"],"picked":"Juggernaut","floor":33},{"not_picked":["Twin Strike+1","Feel No Pain"],"picked":"Inflame","floor":35},{"not_picked":["Perfected Strike","Blood for Blood"],"picked":"Headbutt","floor":36}],"player_experience":70096,"relics_obtained":[{"floor":7,"key":"Orichalcum"},{"floor":9,"key":"Lantern"},{"floor":25,"key":"Pear"},{"floor":26,"key":"Juzu Bracelet"},{"floor":29,"key":"Letter Opener"},{"floor":31,"key":"Blood Vial"},{"floor":34,"key":"War Paint"}],"event_choices":[{"damage_healed":0,"gold_gain":0,"player_choice":"Became a vampire","damage_taken":0,"max_hp_gain":0,"max_hp_loss":27,"event_name":"Vampires","floor":22,"gold_loss":0,"cards_obtained":["Bite","Bite","Bite","Bite","Bite"]},{"damage_healed":0,"gold_gain":99,"player_choice":"Stole From Cult","damage_taken":0,"max_hp_gain":0,"max_hp_loss":0,"event_name":"Nest","floor":27,"gold_loss":0},{"cards_removed":["Normality"],"damage_healed":0,"gold_gain":0,"player_choice":"Elegance","damage_taken":0,"max_hp_gain":0,"max_hp_loss":0,"event_name":"Back to Basics","floor":30,"gold_loss":0},{"cards_removed":["Shockwave"],"damage_healed":0,"gold_gain":0,"player_choice":"Removed Skill","damage_taken":0,"max_hp_gain":0,"max_hp_loss":0,"event_name":"Falling","floor":37,"gold_loss":0},{"cards_removed":["Shame"],"damage_healed":0,"gold_gain":0,"player_choice":"Offered Curse","damage_taken":0,"relics_obtained":["Spirit Poop"],"max_hp_gain":0,"max_hp_loss":0,"event_name":"Bonfire Elementals","floor":38,"gold_loss":0}],"is_beta":false,"boss_relics":[{"not_picked":["Black Star","Orrery"],"picked":"Cursed Key"},{"not_picked":["Runic Cube","Empty Cage"],"picked":"Calling Bell"}],"items_purged_floors":[21],"is_endless":false,"potions_floor_spawned":[3,11,13,16,24,33,35],"killed_by":"Transient","ascension_level":0}