{"gold_per_floor":[109,109,123,140,160,177,8,8,8,39,59,59,90,90,90,187,187,203,220,220,220,230,230,76,76,76,76,96,96,96,107,107,209,259,270,284,284,284,299,311,325,120,120,120,134,134,145,145,145,145],"floor_reached":50,"playtime":5028,"items_purged":["Decay"],"score":506,"play_id":"f14ebf43-dcec-4847-b9a3-68f7f3ce2f1a","local_time":"20190205212620","is_ascension_mode":false,"campfire_choices":[{"floor":8,"key":"REST"},{"floor":12,"key":"REST"},{"floor":15,"key":"REST"},{"floor":23,"key":"REST"},{"data":"Metamorphosis","floor":25,"key":"SMITH"},{"data":"Blade Dance","floor":30,"key":"SMITH"},{"floor":32,"key":"REST"},{"floor":44,"key":"REST"},{"floor":46,"key":"REST"},{"data":"Tools of the Trade","floor":49,"key":"SMITH"}],"neow_cost":"NONE","seed_source_timestamp":165554349173492,"circlet_count":0,"master_deck":["Defend_G","Defend_G","Defend_G+1","Defend_G","Defend_G","Survivor","Neutralize","Blade Dance+1","Outmaneuver","Backflip","Corpse Explosion","Metamorphosis+1","Caltrops","Prepared+1","Infinite Blades","After Image","Choke+1","Endless Agony","Bite","Bite","Bite","Bite","Bite","Tools of the Trade+1","Prepared","Dramatic Entrance","Deflect","Neutralize","Noxious Fumes","Slice","Slice","Underhanded Strike","Endless Agony","Deflect","Endless Agony+1","Outmaneuver"],"relics":["Ring of the Snake","Snake Skull","CultistMask","Unceasing Top","Darkstone Periapt","Peace Pipe","HoveringKite","Mercury Hourglass","Tiny House","Prayer Wheel"],"potions_floor_usage":[13,39,39,40,47,47,47,47,50],"damage_taken":[{"damage":6,"enemies":"Small Slimes","floor":1,"turns":5},{"damage":0,"enemies":"Cultist","floor":3,"turns":3},{"damage":5,"enemies":"Jaw Worm","floor":4,"turns":6},{"damage":10,"enemies":"Large Slime","floor":5,"turns":9},{"damage":2,"enemies":"Looter","floor":6,"turns":4},{"damage":14,"enemies":"3 Sentries","floor":10,"turns":3},{"damage":6,"enemies":"Exordium Thugs","floor":11,"turns":3},{"damage":7,"enemies":"Lagavulin","floor":13,"turns":8},{"damage":44,"enemies":"Slime Boss","floor":16,"turns":9},{"damage":17,"enemies":"3 Byrds","floor":18,"turns":4},{"damage":5,"enemies":"Chosen","floor":19,"turns":5},{"damage":0,"enemies":"3 Cultists","floor":22,"turns":2},{"damage":13,"enemies":"Sentry and Sphere","floor":28,"turns":4},{"damage":10,"enemies":"Cultist and Chosen","floor":31,"turns":2},{"damage":34,"enemies":"Champ","floor":33,"turns":12},{"damage":21,"enemies":"3 Shapes","floor":35,"turns":3},{"damage":31,"enemies":"3 Darklings","floor":36,"turns":3},{"damage":3,"enemies":"Transient","floor":39,"turns":5},{"damage":25,"enemies":"Sphere and 2 Shapes","floor":40,"turns":7},{"damage":0,"enemies":"Maw","floor":41,"turns":7},{"damage":21,"enemies":"4 Shapes","floor":45,"turns":3},{"damage":55,"enemies":"Writhing Mass","floor":47,"turns":5},{"damage":83,"enemies":"Awakened One","floor":50,"turns":10}],"seed_played":"-7747423212996168819","potions_obtained":[{"floor":1,"key":"Block Potion"},{"floor":6,"key":"GhostInAJar"},{"floor":10,"key":"SpeedPotion"},{"floor":20,"key":"Fire Potion"},{"floor":31,"key":"Fire Potion"},{"floor":39,"key":"SpeedPotion"},{"floor":41,"key":"EntropicBrew"}],"is_trial":false,"path_per_floor":["M","?","M","M","M","M","$","R","T","E","M","R","E","?","R","B",null,"M","M","?","$","M","R","$","R","T","?","M","?","R","M","R","B",null,"M","M","?","?","M","M","M","$","T","R","M","R","M","?","R","B"],"character_chosen":"THE_SILENT","items_purchased":["Metamorphosis","Blood Vial","Underhanded Strike","Endless Agony","Deflect"],"campfire_rested":7,"item_purchase_floors":[7,24,42,42,42],"current_hp_per_floor":[64,64,64,59,49,47,47,68,68,54,48,69,62,48,69,25,70,53,48,48,48,48,69,69,69,69,75,63,63,63,53,75,64,81,62,31,31,31,30,11,25,25,25,49,30,54,21,71,71,0],"gold":145,"neow_bonus":"RANDOM_COMMON_RELIC","is_prod":false,"is_daily":false,"chose_seed":false,"campfire_upgraded":3,"win_rate":0.0,"timestamp":1549423580,"path_taken":["M","?","?","?","M","M","?","R","T","E","M","R","E","?","R","BOSS","M","M","?","$","M","R","?","R","T","?","M","?","R","M","R","BOSS","M","M","?","?","?","M","M","$","T","R","M","R","M","?","R","BOSS"],"build_version":"2019-01-23","purchased_purges":1,"victory":false,"max_hp_per_floor":[70,70,70,70,70,70,70,70,70,70,70,70,70,70,70,70,70,70,70,70,70,70,70,70,70,70,76,76,76,76,76,76,76,81,81,81,81,81,81,81,81,81,81,81,81,81,81,71,71,71],"card_choices":[{"not_picked":["Leg Sweep","Finisher"],"picked":"Blade Dance","floor":1},{"not_picked":["Flying Knee","Dagger Spray"],"picked":"Outmaneuver","floor":3},{"not_picked":["Bouncing Flask","Deadly Poison"],"picked":"Backflip","floor":4},{"not_picked":["Calculated Gamble","Bane"],"picked":"Corpse Explosion","floor":5},{"not_picked":["Sucker Punch","Deflect","Flying Knee"],"picked":"SKIP","floor":6},{"not_picked":["Deadly Poison","Footwork"],"picked":"Caltrops","floor":10},{"not_picked":["Tactician","Expertise"],"picked":"Prepared","floor":11},{"not_picked":["PiercingWail","Dagger Throw"],"picked":"Infinite Blades","floor":13},{"not_picked":["Glass Knife","Wraith Form v2"],"picked":"After Image","floor":16},{"not_picked":["Eviscerate+1","Dagger Throw","Leg Sweep"],"picked":"SKIP","floor":18},{"not_picked":["Poisoned Stab","Flying Knee"],"picked":"Choke+1","floor":19},{"not_picked":["Backflip+1","Sucker Punch","Choke"],"picked":"SKIP","floor":22},{"not_picked":["Dodge and Roll","Crippling Poison"],"picked":"Endless Agony","floor":28},{"not_picked":["Night Terror","Sucker Punch+1","Quick Slash"],"picked":"SKIP","floor":31},{"not_picked":["Envenom","Night Terror"],"picked":"Tools of the Trade","floor":33},{"not_picked":["Sucker Punch","Poisoned Stab"],"picked":"Prepared","floor":34},{"not_picked":["Reflex+1","Predator","Choke"],"picked":"SKIP","floor":35},{"not_picked":["Dodge and Roll+1","Deadly Poison","Night Terror"],"picked":"SKIP","floor":36},{"not_picked":["Deadly Poison+1","Bane"],"picked":"Slice","floor":39},{"not_picked":["PiercingWail+1","Riddle With Holes+1"],"picked":"Slice","floor":40},{"not_picked":["Caltrops+1","Well Laid Plans+1","Catalyst+1"],"picked":"SKIP","floor":41},{"not_picked":["Bouncing Flask+1","Well Laid Plans+1","Skewer+1"],"picked":"SKIP","floor":45},{"not_picked":["Flying Knee","PiercingWail","Bane+1"],"picked":"SKIP","floor":45},{"not_picked":["Catalyst","Acrobatics"],"picked":"Endless Agony+1","floor":47},{"not_picked":["Backflip+1","PiercingWail+1"],"picked":"Outmaneuver","floor":47}],"player_experience":69963,"relics_obtained":[{"floor":9,"key":"Unceasing Top"},{"floor":10,"key":"Darkstone Periapt"},{"floor":13,"key":"Peace Pipe"},{"floor":26,"key":"Mercury Hourglass"},{"floor":43,"key":"Prayer Wheel"}],"event_choices":[{"damage_healed":0,"gold_gain":0,"player_choice":"Trade","damage_taken":0,"relics_obtained":["CultistMask"],"max_hp_gain":0,"max_hp_loss":0,"event_name":"FaceTrader","floor":2,"gold_loss":0},{"damage_healed":0,"gold_gain":0,"player_choice":"Entered Light","damage_taken":14,"max_hp_gain":0,"max_hp_loss":0,"event_name":"Shining Light","floor":14,"gold_loss":0,"cards_upgraded":["Defend_G","Strike_G"]},{"damage_healed":0,"gold_gain":0,"player_choice":"Got Potions","damage_taken":0,"max_hp_gain":0,"max_hp_loss":0,"event_name":"Lab","floor":20,"gold_loss":0},{"damage_healed":0,"gold_gain":0,"player_choice":"Smashed Altar","damage_taken":0,"max_hp_gain":0,"max_hp_loss":0,"event_name":"Forgotten Altar","floor":27,"gold_loss":0,"cards_obtained":["Decay"]},{"damage_healed":0,"gold_gain":0,"player_choice":"Became a vampire (Vial)","damage_taken":0,"max_hp_gain":0,"max_hp_loss":0,"event_name":"Vampires","floor":29,"relics_lost":["Blood Vial"],"gold_loss":0,"cards_obtained":["Bite","Bite","Bite","Bite","Bite"]},{"damage_healed":0,"gold_gain":0,"player_choice":"Ignored","damage_taken":0,"max_hp_gain":0,"max_hp_loss":0,"event_name":"Tomb of Lord Red Mask","floor":37,"gold_loss":0},{"damage_healed":0,"gold_gain":0,"player_choice":"4 cards matched","damage_taken":0,"max_hp_gain":0,"max_hp_loss":0,"event_name":"Match and Keep!","floor":38,"gold_loss":0,"cards_obtained":["Dramatic Entrance","Deflect","Neutralize","Noxious Fumes"]},{"damage_healed":71,"gold_gain":0,"player_choice":"Heal","damage_taken":0,"max_hp_gain":0,"max_hp_loss":10,"event_name":"The Moai Head","floor":48,"gold_loss":0}],"is_beta":false,"boss_relics":[{"not_picked":["Black Star","Sozu"],"picked":"HoveringKite"},{"not_picked":["Astrolabe","Fusion Hammer"],"picked":"Tiny House"}],"items_purged_floors":[42],"is_endless":false,"potions_floor_spawned":[1,6,10,22,28,31,36,39,41],"killed_by":"Awakened One","ascension_level":0}