{"gold_per_floor":[109,120,100,60,74,109,109,142,142,142,168,168,188,113,113,218,218,232,232,147,158,171,171,181,181,254,254,268,293,304,334,334,438,438,453,135,147,158,33,65,165,165,190,190,216,216,230,230,230,230],"floor_reached":51,"playtime":1909,"items_purged":["Strike_G","Defend_G+1","Defend_G+1"],"score":778,"play_id":"532b2542-5326-49ef-b370-2b9c0d86dcc8","local_time":"20181117113852","is_ascension_mode":false,"campfire_choices":[{"data":"Cloak And Dagger","floor":7,"key":"SMITH"},{"floor":10,"key":"REST"},{"data":"Accuracy","floor":12,"key":"SMITH"},{"data":"Cloak And Dagger","floor":15,"key":"SMITH"},{"data":"Cloak And Dagger","floor":23,"key":"SMITH"},{"data":"Neutralize","floor":27,"key":"SMITH"},{"data":"A Thousand Cuts","floor":32,"key":"SMITH"},{"data":"Accuracy","floor":42,"key":"SMITH"},{"data":"Backflip","floor":44,"key":"SMITH"},{"data":"Infinite Blades","floor":49,"key":"SMITH"}],"neow_cost":"NONE","seed_source_timestamp":188746587869700,"circlet_count":0,"master_deck":["Defend_G+1","Defend_G+1","Defend_G+1","Strike_G+1","Strike_G+1","Strike_G+1","Survivor","Neutralize+1","Backflip+1","Cloak And Dagger+1","Infinite Blades+1","Dagger Spray+1","Cloak And Dagger+1","Cloak And Dagger+1","Accuracy+1","A Thousand Cuts+1","Terror","Backflip+1","Accuracy+1","Backstab"],"relics":["Ring of the Snake","Bird Faced Urn","Mercury Hourglass","Shuriken","Odd Mushroom","Busted Crown","Anchor","Singing Bowl","Whetstone","Ninja Scroll","Sozu","Bag of Marbles","Bag of Preparation","Peace Pipe","Vajra","Centennial Puzzle"],"potions_floor_usage":[16],"damage_taken":[{"damage":0,"enemies":"2 Louse","floor":1,"turns":3},{"damage":2,"enemies":"Cultist","floor":2,"turns":4},{"damage":1,"enemies":"Jaw Worm","floor":5,"turns":5},{"damage":18,"enemies":"Lagavulin","floor":6,"turns":10},{"damage":32,"enemies":"Gremlin Nob","floor":8,"turns":5},{"damage":0,"enemies":"The Mushroom Lair","floor":11,"turns":2},{"damage":0,"enemies":"2 Fungi Beasts","floor":13,"turns":2},{"damage":5,"enemies":"Slime Boss","floor":16,"turns":7},{"damage":13,"enemies":"2 Thieves","floor":18,"turns":3},{"damage":1,"enemies":"3 Byrds","floor":21,"turns":3},{"damage":0,"enemies":"Cultist and Chosen","floor":22,"turns":5},{"damage":0,"enemies":"Snake Plant","floor":24,"turns":3},{"damage":4,"enemies":"Sentry and Sphere","floor":28,"turns":4},{"damage":2,"enemies":"Slavers","floor":29,"turns":4},{"damage":1,"enemies":"Chosen and Byrds","floor":30,"turns":4},{"damage":6,"enemies":"Gremlin Leader","floor":31,"turns":4},{"damage":11,"enemies":"Champ","floor":33,"turns":6},{"damage":0,"enemies":"Orb Walker","floor":35,"turns":2},{"damage":2,"enemies":"3 Shapes","floor":37,"turns":3},{"damage":0,"enemies":"Jaw Worm Horde","floor":38,"turns":2},{"damage":8,"enemies":"Reptomancer","floor":40,"turns":3},{"damage":20,"enemies":"Mind Bloom Boss Battle","floor":41,"turns":4},{"damage":5,"enemies":"Nemesis","floor":45,"turns":4},{"damage":4,"enemies":"Transient","floor":47,"turns":5},{"damage":13,"enemies":"Time Eater","floor":50,"turns":5}],"seed_played":"8071656643420564570","potions_obtained":[{"floor":3,"key":"SmokeBomb"},{"floor":5,"key":"GamblersBrew"},{"floor":11,"key":"Weak Potion"},{"floor":13,"key":"Ancient Potion"},{"floor":21,"key":"FearPotion"},{"floor":33,"key":"Regen Potion"}],"is_trial":false,"path_per_floor":["M","M","?","$","M","E","R","E","T","R","?","R","M","$","R","B",null,"M","?","?","M","M","R","M","?","T","R","M","E","M","E","R","B",null,"M","$","M","M","$","E","?","R","T","R","E","?","M","?","R","B",null],"character_chosen":"THE_SILENT","items_purchased":["Infinite Blades","Accuracy","Bag of Marbles"],"campfire_rested":1,"item_purchase_floors":[4,36,36],"current_hp_per_floor":[77,75,75,75,74,56,56,26,26,49,51,51,51,51,51,50,77,66,66,66,67,71,71,75,75,75,75,77,77,81,77,77,72,83,85,85,87,89,89,85,75,75,75,75,80,80,86,86,86,81],"gold":230,"neow_bonus":"TEN_PERCENT_HP_BONUS","is_prod":false,"is_daily":false,"chose_seed":false,"campfire_upgraded":9,"win_rate":0,"timestamp":1542451132,"path_taken":["M","M","?","?","M","E","R","E","T","R","?","R","M","$","R","BOSS","M","?","?","M","M","R","M","?","T","R","M","E","M","E","R","BOSS","M","$","M","M","$","E","?","R","T","R","E","?","?","?","R","BOSS"],"build_version":"2018-11-15","purchased_purges":3,"victory":true,"max_hp_per_floor":[77,77,77,77,77,77,77,77,77,77,77,77,77,77,77,77,77,77,77,77,77,77,77,77,77,77,77,79,79,81,81,81,83,83,85,85,87,89,89,91,93,93,93,93,95,95,97,97,97,97],"card_choices":[{"not_picked":["Outmaneuver","Quick Slash"],"picked":"Backflip","floor":1},{"not_picked":["Prepared","Tactician"],"picked":"Cloak And Dagger","floor":2},{"not_picked":["Quick Slash","Noxious Fumes"],"picked":"Dagger Spray","floor":5},{"not_picked":["Acrobatics","Poisoned Stab"],"picked":"Cloak And Dagger","floor":6},{"not_picked":["Corpse Explosion","Bane"],"picked":"Cloak And Dagger","floor":8},{"not_picked":["Backflip","Choke"],"picked":"Accuracy","floor":11},{"not_picked":["Acrobatics","Deadly Poison","Dagger Throw"],"picked":"SKIP","floor":13},{"not_picked":["Glass Knife","Tools of the Trade"],"picked":"A Thousand Cuts","floor":16},{"not_picked":["Acrobatics"],"picked":"SKIP","floor":18},{"not_picked":["Flechettes"],"picked":"SKIP","floor":21},{"not_picked":["Sucker Punch"],"picked":"SKIP","floor":22},{"not_picked":["Deflect"],"picked":"SKIP","floor":24},{"not_picked":["Deflect"],"picked":"Singing Bowl","floor":28},{"not_picked":[],"picked":"Terror","floor":29},{"not_picked":["Slice"],"picked":"Singing Bowl","floor":30},{"not_picked":[],"picked":"Backflip","floor":31},{"not_picked":["Unload"],"picked":"Singing Bowl","floor":33},{"not_picked":["Well Laid Plans"],"picked":"Singing Bowl","floor":35},{"not_picked":["Terror"],"picked":"Singing Bowl","floor":37},{"not_picked":["Quick Slash+1"],"picked":"Singing Bowl","floor":38},{"not_picked":["Tactician+1"],"picked":"Singing Bowl","floor":40},{"not_picked":["Deflect"],"picked":"Singing Bowl","floor":41},{"not_picked":["Dagger Spray+1"],"picked":"Singing Bowl","floor":45},{"not_picked":["Deflect+1"],"picked":"Singing Bowl","floor":47}],"player_experience":209550,"relics_obtained":[{"floor":6,"key":"Bird Faced Urn"},{"floor":8,"key":"Mercury Hourglass"},{"floor":9,"key":"Shuriken"},{"floor":11,"key":"Odd Mushroom"},{"floor":26,"key":"Singing Bowl"},{"floor":29,"key":"Whetstone"},{"floor":31,"key":"Ninja Scroll"},{"floor":40,"key":"Bag of Preparation"},{"floor":41,"key":"Peace Pipe"},{"floor":43,"key":"Vajra"},{"floor":45,"key":"Centennial Puzzle"}],"event_choices":[{"damage_healed":0,"gold_gain":0,"player_choice":"Bought 1 Potion","damage_taken":0,"max_hp_gain":0,"max_hp_loss":0,"event_name":"The Woman in Blue","floor":3,"gold_loss":0},{"damage_healed":0,"gold_gain":0,"player_choice":"Fought Mushrooms","damage_taken":0,"max_hp_gain":0,"max_hp_loss":0,"event_name":"Mushrooms","floor":11,"gold_loss":0},{"damage_healed":0,"gold_gain":0,"player_choice":"Simplicity","damage_taken":0,"max_hp_gain":0,"max_hp_loss":0,"event_name":"Back to Basics","floor":19,"gold_loss":0,"cards_upgraded":["Defend_G","Defend_G","Defend_G","Defend_G","Defend_G","Strike_G","Strike_G","Strike_G","Strike_G"]},{"damage_healed":0,"gold_gain":0,"player_choice":"Obtained Relic","damage_taken":0,"relics_obtained":["Anchor"],"max_hp_gain":0,"max_hp_loss":0,"event_name":"Addict","floor":20,"gold_loss":85},{"damage_healed":0,"gold_gain":0,"player_choice":"Ignored","damage_taken":0,"max_hp_gain":0,"max_hp_loss":0,"event_name":"Vampires","floor":25,"gold_loss":0},{"damage_healed":0,"gold_gain":0,"player_choice":"Fight","damage_taken":0,"max_hp_gain":0,"max_hp_loss":0,"event_name":"MindBloom","floor":41,"gold_loss":0},{"damage_healed":0,"gold_gain":0,"player_choice":"Forge","damage_taken":0,"max_hp_gain":0,"max_hp_loss":0,"event_name":"Accursed Blacksmith","floor":46,"gold_loss":0,"cards_upgraded":["Backflip"]},{"damage_healed":0,"gold_gain":0,"cards_transformed":["Strike_G"],"player_choice":"Transformed","damage_taken":0,"max_hp_gain":0,"max_hp_loss":0,"event_name":"Transmorgrifier","floor":48,"gold_loss":0,"cards_obtained":["Backstab"]}],"is_beta":false,"boss_relics":[{"not_picked":["Eternal Feather","Ring of the Serpent"],"picked":"Busted Crown"},{"not_picked":["Snecko Eye","Velvet Choker"],"picked":"Sozu"}],"items_purged_floors":[14,36,39],"is_endless":false,"potions_floor_spawned":[5,11,13,21,22,29,31,33,38,40,47],"ascension_level":0}