{"gold_per_floor":[117,135,154,167,167,167,199,199,199,199,209,222,253,253,253,349,349,361,379,379,478,478,478,507,507,579,579,593,593,187,219,219,219],"floor_reached":33,"playtime":1510,"items_purged":["Strike_G"],"score":343,"play_id":"8f8ee538-b062-4aef-8850-1c0294bb73e4","local_time":"20190316230427","is_ascension_mode":false,"campfire_choices":[{"data":"Neutralize","floor":6,"key":"SMITH"},{"data":"Bane","floor":8,"key":"SMITH"},{"data":"Unload","floor":10,"key":"SMITH"},{"data":"Calculated Gamble","floor":15,"key":"SMITH"},{"floor":23,"key":"REST"},{"data":"Wraith Form v2","floor":25,"key":"SMITH"},{"data":"Deadly Poison","floor":27,"key":"SMITH"},{"floor":29,"key":"REST"},{"data":"Deadly Poison","floor":32,"key":"SMITH"}],"neow_cost":"NONE","seed_source_timestamp":1843660412059021,"circlet_count":0,"master_deck":["Defend_G","Defend_G","Defend_G","Defend_G","Defend_G","Strike_G","Strike_G","Strike_G","Strike_G","Survivor","Neutralize+1","Deadly Poison+1","Dagger Throw","Bane+1","Unload+1","Deadly Poison+1","Deflect","Calculated Gamble+1","Deadly Poison","Wraith Form v2+1","Deadly Poison","Flying Knee+1","Deadly Poison","Slice+1"],"relics":["Ring of the Snake","Bronze Scales","Centennial Puzzle","Ginger","StoneCalendar","Black Star","Nilry\u0027s Codex","Incense Burner","Pen Nib","Bottled Tornado","Membership Card","Pear","Shuriken","Ice Cream"],"potions_floor_usage":[7,16,24,24,30,31],"damage_taken":[{"damage":0,"enemies":"Jaw Worm","floor":1,"turns":5},{"damage":0,"enemies":"2 Louse","floor":2,"turns":3},{"damage":0,"enemies":"Cultist","floor":3,"turns":3},{"damage":0,"enemies":"Lots of Slimes","floor":4,"turns":4},{"damage":13,"enemies":"Lagavulin","floor":7,"turns":5},{"damage":0,"enemies":"3 Louse","floor":11,"turns":3},{"damage":2,"enemies":"Large Slime","floor":12,"turns":5},{"damage":12,"enemies":"3 Sentries","floor":13,"turns":7},{"damage":6,"enemies":"Slime Boss","floor":16,"turns":7},{"damage":15,"enemies":"3 Byrds","floor":18,"turns":4},{"damage":18,"enemies":"Shell Parasite","floor":19,"turns":5},{"damage":5,"enemies":"Book of Stabbing","floor":24,"turns":5},{"damage":0,"enemies":"Snake Plant","floor":28,"turns":4},{"damage":6,"enemies":"Slavers","floor":31,"turns":3},{"damage":86,"enemies":"Automaton","floor":33,"turns":6}],"seed_played":"3421133824659514815","potions_obtained":[{"floor":4,"key":"Explosive Potion"},{"floor":7,"key":"Dexterity Potion"},{"floor":12,"key":"GamblersBrew"},{"floor":16,"key":"PowerPotion"},{"floor":18,"key":"AttackPotion"},{"floor":19,"key":"SkillPotion"}],"is_trial":false,"path_per_floor":["M","M","M","M","$","R","E","R","T","R","M","M","E","?","R","B",null,"M","M","?","?","?","R","E","R","T","R","M","R","$","E","R","B"],"character_chosen":"THE_SILENT","items_purchased":["Membership Card","Pear","Fruit Juice"],"campfire_rested":2,"item_purchase_floors":[30,30,30],"current_hp_per_floor":[70,70,70,70,70,70,57,57,57,57,57,55,43,36,36,30,70,55,37,21,21,8,30,25,25,25,25,25,47,62,56,56,0],"gold":219,"neow_bonus":"RANDOM_COMMON_RELIC","is_prod":false,"is_daily":false,"chose_seed":false,"campfire_upgraded":7,"win_rate":0,"timestamp":1552748667,"path_taken":["M","M","M","M","$","R","E","R","T","R","M","M","E","?","R","BOSS","M","M","?","?","?","R","E","R","T","R","M","R","$","E","R","BOSS"],"build_version":"2019-01-23","purchased_purges":1,"victory":false,"max_hp_per_floor":[70,70,70,70,70,70,70,70,70,70,70,70,70,70,70,70,70,70,70,70,70,75,75,75,75,75,75,75,75,90,90,90,90],"card_choices":[{"not_picked":["Prepared","Masterful Stab"],"picked":"Deadly Poison","floor":1},{"not_picked":["Cloak And Dagger","Sucker Punch"],"picked":"Dagger Throw","floor":2},{"not_picked":["Backflip","Cloak And Dagger"],"picked":"Bane","floor":3},{"not_picked":["Quick Slash","Dash"],"picked":"Unload","floor":4},{"not_picked":["Tactician","Dagger Throw"],"picked":"Deadly Poison","floor":7},{"not_picked":["Cloak And Dagger","Sucker Punch"],"picked":"Deflect","floor":11},{"not_picked":["Outmaneuver","Dodge and Roll"],"picked":"Calculated Gamble","floor":12},{"not_picked":["Cloak And Dagger","Infinite Blades"],"picked":"Deadly Poison","floor":13},{"not_picked":["Phantasmal Killer","Grand Finale"],"picked":"Wraith Form v2","floor":16},{"not_picked":["Calculated Gamble","Underhanded Strike"],"picked":"Deadly Poison","floor":18},{"not_picked":["Terror+1","Bouncing Flask"],"picked":"Flying Knee+1","floor":19},{"not_picked":["Underhanded Strike+1","Dagger Spray"],"picked":"Deadly Poison","floor":24},{"not_picked":["Riddle With Holes","Setup","Reflex"],"picked":"SKIP","floor":28},{"not_picked":["Deadly Poison","Blade Dance"],"picked":"Slice+1","floor":31}],"player_experience":835663,"relics_obtained":[{"floor":7,"key":"Centennial Puzzle"},{"floor":13,"key":"Ginger"},{"floor":20,"key":"Nilry\u0027s Codex"},{"floor":24,"key":"Incense Burner"},{"floor":24,"key":"Pen Nib"},{"floor":26,"key":"Bottled Tornado"},{"floor":31,"key":"Shuriken"},{"floor":31,"key":"Ice Cream"}],"event_choices":[{"damage_healed":0,"gold_gain":0,"player_choice":"Success","damage_taken":7,"relics_obtained":["StoneCalendar"],"max_hp_gain":0,"max_hp_loss":0,"event_name":"Scrap Ooze","floor":14,"gold_loss":0},{"damage_healed":0,"gold_gain":0,"player_choice":"Obtained Book","damage_taken":16,"max_hp_gain":0,"max_hp_loss":0,"event_name":"Cursed Tome","floor":20,"gold_loss":0},{"damage_healed":0,"gold_gain":99,"player_choice":"Stole From Cult","damage_taken":0,"max_hp_gain":0,"max_hp_loss":0,"event_name":"Nest","floor":21,"gold_loss":0},{"damage_healed":0,"gold_gain":0,"player_choice":"Shed Blood","damage_taken":18,"max_hp_gain":5,"max_hp_loss":0,"event_name":"Forgotten Altar","floor":22,"gold_loss":0}],"is_beta":false,"boss_relics":[{"not_picked":["Coffee Dripper","Philosopher\u0027s Stone"],"picked":"Black Star"}],"items_purged_floors":[30],"is_endless":false,"potions_floor_spawned":[4,7,12,16,18,19],"killed_by":"Automaton","ascension_level":0}