{"path_per_floor":["M","$","M","?","?","M","M","M","T","M","M","?","M","M","R","B",null,"M","?","?"],"character_chosen":"IRONCLAD","items_purchased":[],"gold_per_floor":[118,43,54,129,229,243,256,276,276,288,300,329,344,363,363,460,490,505,505,505,505],"floor_reached":21,"campfire_rested":0,"playtime":817,"item_purchase_floors":[],"current_hp_per_floor":[80,80,80,69,69,63,53,56,56,62,62,51,44,41,41,16,69,44,44,44,18],"items_purged":["Injury"],"gold":505,"score":219,"play_id":"25aa3b54-6496-4c4d-87fe-c035cc9e4935","local_time":"20180527124543","is_prod":false,"is_daily":false,"chose_seed":false,"is_ascension_mode":true,"campfire_upgraded":1,"win_rate":0,"timestamp":1527396343,"campfire_choices":[{"data":"Armaments","floor":15,"key":"SMITH"}],"path_taken":["M","$","M","?","?","M","M","?","T","M","M","?","M","M","R","BOSS","M","?","?","M"],"build_version":"2018-05-24","seed_source_timestamp":69759002397973,"purchased_purges":1,"victory":false,"master_deck":["Strike_R","Strike_R","Strike_R","Strike_R","Strike_R","Defend_R","Defend_R","Defend_R","Defend_R","Bash","Shrug It Off","Cleave","Shrug It Off","Bloodletting","Clash","Armaments+1","Flex+1","Immolate","Double Tap","Blood for Blood","Pommel Strike+1","Writhe","Pommel Strike+1"],"max_hp_per_floor":[80,80,80,80,80,80,80,80,80,80,80,80,80,80,80,80,85,85,85,85,85],"relics":["Burning Blood","Ice Cream","Mercury Hourglass","Odd Mushroom","Tiny House","Kunai"],"card_choices":[{"not_picked":["Anger","Dropkick"],"picked":"Shrug It Off","floor":1},{"not_picked":["Perfected Strike","Feel No Pain","Warcry"],"picked":"SKIP","floor":3},{"not_picked":["Dual Wield","Warcry"],"picked":"Cleave","floor":6},{"not_picked":["True Grit","Reckless Charge"],"picked":"Shrug It Off","floor":7},{"not_picked":["Body Slam","Shrug It Off"],"picked":"Bloodletting","floor":8},{"not_picked":["Anger","Havoc","Shockwave"],"picked":"SKIP","floor":10},{"not_picked":["Searing Blow","Metallicize"],"picked":"Clash","floor":11},{"not_picked":["Dual Wield","Intimidate"],"picked":"Armaments","floor":12},{"not_picked":["Warcry","Perfected Strike"],"picked":"Flex","floor":13},{"not_picked":["Iron Wave","Armaments"],"picked":"Immolate","floor":14},{"not_picked":["Barricade","Reaper"],"picked":"Double Tap","floor":16},{"not_picked":["Heavy Blade","Thunderclap"],"picked":"Blood for Blood","floor":17},{"not_picked":["Corruption","Flex+1"],"picked":"Pommel Strike+1","floor":18}],"player_experience":658925,"potions_floor_usage":[12,16],"damage_taken":[{"damage":6,"enemies":"Cultist","floor":1,"turns":4},{"damage":0,"enemies":"2 Louse","floor":3,"turns":2},{"damage":12,"enemies":"Small Slimes","floor":6,"turns":5},{"damage":16,"enemies":"Red Slaver","floor":7,"turns":5},{"damage":3,"enemies":"Large Slime","floor":8,"turns":5},{"damage":0,"enemies":"Gremlin Gang","floor":10,"turns":2},{"damage":6,"enemies":"Looter","floor":11,"turns":3},{"damage":17,"enemies":"The Mushroom Lair","floor":12,"turns":4},{"damage":13,"enemies":"Exordium Wildlife","floor":13,"turns":4},{"damage":9,"enemies":"Red Slaver","floor":14,"turns":2},{"damage":31,"enemies":"Hexaghost","floor":16,"turns":9},{"damage":31,"enemies":"2 Thieves","floor":18,"turns":3},{"damage":26,"enemies":"Shell Parasite","floor":21,"turns":5}],"relics_obtained":[{"floor":9,"key":"Mercury Hourglass"},{"floor":12,"key":"Odd Mushroom"}],"event_choices":[{"event_name":"World of Goop","player_choice":"Gather Gold","floor":4,"damage_taken":0},{"event_name":"Golden Shrine","player_choice":"Pray","floor":5,"damage_taken":0},{"event_name":"Mushrooms","player_choice":"Fought Mushrooms","floor":12,"damage_taken":0},{"event_name":"The Mausoleum","player_choice":"Yes","floor":19,"damage_taken":0},{"event_name":"Duplicator","player_choice":"One dupe","floor":20,"damage_taken":0}],"boss_relics":[{"not_picked":["Philosopher\u0027s Stone","White Beast Statue"],"picked":"Tiny House"}],"items_purged_floors":[2],"potions_floor_spawned":[6,11,12,13,14,16],"seed_played":"5633050382204142884","killed_by":"Shell Parasite","ascension_level":5,"potions_obtained":[{"floor":6,"key":"Swift Potion"},{"floor":11,"key":"SmokeBomb"},{"floor":12,"key":"Fire Potion"},{"floor":13,"key":"LiquidBronze"},{"floor":16,"key":"GamblersBrew"}],"is_trial":false}