{"gold_per_floor":[110,128,13,23,43,43,55,55,79,79,93,93,107,15,15,112,112,101,101,101,62,62,91,17,34,34,34,59,71,83,113,125,242,304,331,343,375,387,419,460,472,503,515,527,123,123,123],"floor_reached":47,"playtime":2403,"items_purged":["Strike_B"],"score":538,"play_id":"7c0da5d2-9650-4221-8663-7ea81225ab36","local_time":"20190317135835","is_ascension_mode":false,"campfire_choices":[{"data":"Zap","floor":6,"key":"SMITH"},{"data":"Genetic Algorithm","floor":10,"key":"SMITH"},{"data":"Tempest","floor":12,"key":"SMITH"},{"data":"Panacea","floor":15,"key":"SMITH"},{"data":"Sunder","floor":27,"key":"SMITH"},{"data":"Creative AI","floor":29,"key":"SMITH"},{"data":"Darkness","floor":32,"key":"SMITH"},{"data":"Loop","floor":41,"key":"SMITH"},{"floor":44,"key":"RECALL"}],"neow_cost":"NONE","seed_source_timestamp":1896409903170891,"circlet_count":0,"master_deck":["Strike_B+1","Strike_B+1","Defend_B+1","Defend_B+1","Defend_B+1","Defend_B+1","Zap+1","Dualcast","Conserve Battery","White Noise","Cold Snap","Self Repair+1","Genetic Algorithm+1","Tempest+1","Conserve Battery","Panacea+1","Creative AI+1","Streamline","Sunder+1","Leap","Loop+1","Turbo+1","Steam Power","Darkness+1","Electrodynamics","Doom and Gloom+1","Steam","FTL+1","Coolheaded","Hologram"],"relics":["Cracked Core","PreservedInsect","Busted Crown","Enchiridion","Boot","MawBank","Tiny House","Bottled Flame","Happy Flower","Medical Kit","Bronze Scales"],"potions_floor_usage":[16,23,23,25,33,47],"damage_taken":[{"damage":0,"enemies":"Small Slimes","floor":1,"turns":3},{"damage":1,"enemies":"Jaw Worm","floor":2,"turns":4},{"damage":0,"enemies":"Cultist","floor":4,"turns":4},{"damage":0,"enemies":"Blue Slaver","floor":5,"turns":5},{"damage":2,"enemies":"2 Fungi Beasts","floor":7,"turns":3},{"damage":12,"enemies":"3 Louse","floor":11,"turns":5},{"damage":2,"enemies":"Exordium Wildlife","floor":13,"turns":8},{"damage":1,"enemies":"The Guardian","floor":16,"turns":16},{"damage":18,"enemies":"2 Thieves","floor":18,"turns":5},{"damage":13,"enemies":"Slavers","floor":23,"turns":3},{"damage":0,"enemies":"3 Byrds","floor":25,"turns":7},{"damage":0,"enemies":"Book of Stabbing","floor":28,"turns":3},{"damage":8,"enemies":"Snecko","floor":31,"turns":5},{"damage":42,"enemies":"Automaton","floor":33,"turns":10},{"damage":26,"enemies":"3 Darklings","floor":35,"turns":6},{"damage":14,"enemies":"Orb Walker","floor":37,"turns":5},{"damage":2,"enemies":"Sphere and 2 Shapes","floor":39,"turns":3},{"damage":7,"enemies":"Nemesis","floor":40,"turns":6},{"damage":9,"enemies":"Transient","floor":42,"turns":5},{"damage":0,"enemies":"Reptomancer","floor":47,"turns":1},{"damage":0,"enemies":"Reptomancer","floor":47,"turns":1}],"seed_played":"6210806048566851574","potions_obtained":[{"floor":4,"key":"Dexterity Potion"},{"floor":7,"key":"Swift Potion"},{"floor":11,"key":"Regen Potion"},{"floor":16,"key":"Fire Potion"},{"floor":28,"key":"Explosive Potion"},{"floor":33,"key":"Fire Potion"},{"floor":34,"key":"FocusPotion"},{"floor":37,"key":"Ancient Potion"},{"floor":42,"key":"SmokeBomb"}],"is_trial":false,"path_per_floor":["M","M","$","M","M","R","M","?","T","R","M","R","M","$","R","B",null,"M","?","?","$","?","E","$","M","T","R","E","R","$","M","R","B",null,"M","?","M","?","M","E","R","M","T","R","$","?","E"],"character_chosen":"DEFECT","items_purchased":["White Noise","Panacea","Sunder","Loop","Medical Kit","Bronze Scales","Hologram"],"campfire_rested":0,"item_purchase_floors":[3,14,21,24,45,45,45],"current_hp_per_floor":[75,74,74,74,74,74,75,80,80,80,75,75,80,80,80,80,80,69,69,69,69,53,40,40,62,62,62,62,62,62,61,61,26,85,69,69,65,65,73,76,76,77,77,77,77,77,77],"gold":123,"neow_bonus":"REMOVE_CARD","is_prod":false,"is_daily":false,"chose_seed":false,"campfire_upgraded":8,"win_rate":0,"timestamp":1552802315,"path_taken":["M","M","$","M","M","R","M","?","T","R","M","R","M","$","R","BOSS","M","?","?","$","?","E","?","M","T","R","E","R","$","M","R","BOSS","M","?","?","?","M","E","R","M","T","R","$","?","E"],"build_version":"2019-01-23","purchased_purges":1,"victory":false,"max_hp_per_floor":[75,75,75,75,75,75,75,80,80,80,80,80,80,80,80,80,80,80,80,80,80,80,80,80,80,80,80,80,80,80,80,80,80,85,85,85,85,85,85,85,85,85,85,85,85,85,85],"card_choices":[{"not_picked":["Barrage","Rebound"],"picked":"Leap","floor":1},{"not_picked":["Tempest","Steam Power"],"picked":"Conserve Battery","floor":2},{"not_picked":["Go for the Eyes","Leap"],"picked":"Cold Snap","floor":4},{"not_picked":["Compile Driver","Sweeping Beam"],"picked":"Self Repair","floor":5},{"not_picked":["Redo","Leap"],"picked":"Genetic Algorithm","floor":7},{"not_picked":["Reboot","Barrage"],"picked":"Tempest","floor":11},{"not_picked":["Rebound","Rip and Tear"],"picked":"Conserve Battery","floor":13},{"not_picked":["All For One","Fission"],"picked":"Creative AI","floor":16},{"not_picked":[],"picked":"Streamline","floor":18},{"not_picked":[],"picked":"Leap","floor":23},{"not_picked":[],"picked":"Turbo+1","floor":25},{"not_picked":[],"picked":"Steam Power","floor":28},{"not_picked":[],"picked":"Darkness","floor":31},{"not_picked":[],"picked":"Electrodynamics","floor":33},{"not_picked":[],"picked":"Doom and Gloom+1","floor":35},{"not_picked":["Stack"],"picked":"SKIP","floor":37},{"not_picked":[],"picked":"Steam","floor":39},{"not_picked":[],"picked":"FTL+1","floor":40},{"not_picked":[],"picked":"Coolheaded","floor":42}],"player_experience":845944,"relics_obtained":[{"floor":9,"key":"PreservedInsect"},{"floor":22,"key":"Enchiridion"},{"floor":23,"key":"Boot"},{"floor":28,"key":"MawBank"},{"floor":40,"key":"Bottled Flame"},{"floor":43,"key":"Happy Flower"}],"event_choices":[{"damage_healed":0,"gold_gain":0,"player_choice":"Donut","damage_taken":0,"max_hp_gain":5,"max_hp_loss":0,"event_name":"Big Fish","floor":8,"gold_loss":0},{"damage_healed":0,"gold_gain":0,"player_choice":"Ignored","damage_taken":0,"max_hp_gain":0,"max_hp_loss":0,"event_name":"Vampires","floor":19,"gold_loss":0},{"damage_healed":0,"gold_gain":0,"player_choice":"Simplicity","damage_taken":0,"max_hp_gain":0,"max_hp_loss":0,"event_name":"Back to Basics","floor":20,"gold_loss":0,"cards_upgraded":["Strike_B","Strike_B","Defend_B","Defend_B","Defend_B","Defend_B"]},{"damage_healed":0,"gold_gain":0,"player_choice":"Obtained Book","damage_taken":16,"max_hp_gain":0,"max_hp_loss":0,"event_name":"Cursed Tome","floor":22,"gold_loss":0},{"damage_healed":0,"gold_gain":0,"player_choice":"Ignored","damage_taken":0,"max_hp_gain":0,"max_hp_loss":0,"event_name":"NoteForYourself","floor":36,"gold_loss":0},{"damage_healed":0,"gold_gain":0,"player_choice":"Ignored","damage_taken":0,"max_hp_gain":0,"max_hp_loss":0,"event_name":"Tomb of Lord Red Mask","floor":38,"gold_loss":0},{"cards_removed":["Leap"],"damage_healed":0,"gold_gain":0,"player_choice":"Removed Skill","damage_taken":0,"max_hp_gain":0,"max_hp_loss":0,"event_name":"Falling","floor":46,"gold_loss":0}],"is_beta":false,"boss_relics":[{"not_picked":["Empty Cage","Cursed Key"],"picked":"Busted Crown"},{"not_picked":["Runic Dome","Pandora\u0027s Box"],"picked":"Tiny House"}],"items_purged_floors":[3],"is_endless":false,"potions_floor_spawned":[4,7,11,16,28,33,37,39,42],"killed_by":"Reptomancer","ascension_level":0}