{"gold_per_floor":[110,122,197,197,197,238,253,253,279,320,345,384,35,53,53,142,142,166,166,2,17,31,31,31,31,56,56,72,111,111,111,111,183,183,201,217,122,222,222,222,222,222,222,269,3,3,20,37,37,37],"floor_reached":50,"playtime":1902,"items_purged":["Strike_B","Strike_B"],"score":927,"play_id":"014604da-b8ba-4b34-a803-1d2840f5f384","local_time":"20190202163207","is_ascension_mode":true,"campfire_choices":[{"data":"Defragment","floor":8,"key":"SMITH"},{"floor":15,"key":"REST"},{"data":"Zap","floor":23,"key":"SMITH"},{"data":"Biased Cognition","floor":25,"key":"SMITH"},{"floor":27,"key":"REST"},{"floor":30,"key":"REST"},{"floor":32,"key":"REST"},{"data":"Loop","floor":40,"key":"SMITH"},{"data":"Echo Form","floor":42,"key":"SMITH"},{"floor":46,"key":"REST"},{"floor":49,"key":"REST"}],"neow_cost":"NONE","seed_source_timestamp":779219572415900,"circlet_count":0,"master_deck":["AscendersBane","Strike_B","Strike_B","Defend_B","Defend_B","Defend_B","Defend_B","Zap+1","Dualcast","Defragment+1","Ball Lightning","Self Repair","FTL","Sunder","Conserve Battery+1","Consume+1","Cold Snap","Coolheaded+1","Biased Cognition+1","Leap+1","Core Surge","Redo+1","Blizzard","Conserve Battery+1","White Noise+1","Echo Form+1","BootSequence+1","Redo+1","Loop+1","Conserve Battery+1","Leap+1","Auto Shields+1","Cold Snap"],"relics":["Cracked Core","NeowsBlessing","Bloody Idol","Toxic Egg 2","Ornamental Fan","Juzu Bracelet","Bronze Scales","Oddly Smooth Stone","DataDisk","Inserter","Pen Nib","Smiling Mask","Bottled Tornado","Sozu","Mango","Question Card","Torii","Happy Flower"],"potions_floor_usage":[10,14,33,44],"damage_taken":[{"damage":0,"enemies":"Cultist","floor":1,"turns":1},{"damage":0,"enemies":"Small Slimes","floor":2,"turns":1},{"damage":0,"enemies":"Gremlin Nob","floor":6,"turns":1},{"damage":2,"enemies":"Jaw Worm","floor":7,"turns":3},{"damage":20,"enemies":"3 Sentries","floor":10,"turns":5},{"damage":4,"enemies":"Red Slaver","floor":11,"turns":3},{"damage":36,"enemies":"Lagavulin","floor":12,"turns":6},{"damage":6,"enemies":"Looter","floor":14,"turns":2},{"damage":1,"enemies":"Hexaghost","floor":16,"turns":8},{"damage":23,"enemies":"2 Thieves","floor":18,"turns":4},{"damage":4,"enemies":"Chosen","floor":21,"turns":3},{"damage":12,"enemies":"Snecko","floor":22,"turns":5},{"damage":33,"enemies":"Centurion and Healer","floor":28,"turns":5},{"damage":14,"enemies":"Gremlin Leader","floor":29,"turns":6},{"damage":33,"enemies":"Collector","floor":33,"turns":10},{"damage":0,"enemies":"Orb Walker","floor":35,"turns":3},{"damage":0,"enemies":"3 Shapes","floor":36,"turns":4},{"damage":0,"enemies":"Mind Bloom Boss Battle","floor":38,"turns":7},{"damage":56,"enemies":"2 Orb Walkers","floor":44,"turns":6},{"damage":23,"enemies":"3 Darklings","floor":47,"turns":6},{"damage":29,"enemies":"Jaw Worm Horde","floor":48,"turns":4},{"damage":50,"enemies":"Awakened One","floor":50,"turns":3}],"seed_played":"-6911060030828892189","potions_obtained":[{"floor":1,"key":"Swift Potion"},{"floor":6,"key":"Weak Potion"},{"floor":7,"key":"SkillPotion"},{"floor":12,"key":"Energy Potion"},{"floor":22,"key":"SkillPotion"},{"floor":33,"key":"Energy Potion"}],"is_trial":false,"path_per_floor":["M","M","?","?","T","E","M","R","T","E","M","E","$","M","R","B",null,"M","?","$","M","M","R","?","R","T","R","M","E","R","?","R","B",null,"M","M","$","?","?","R","?","R","T","?","$","R","M","M","R","B"],"character_chosen":"DEFECT","items_purchased":["DataDisk","Consume+1","Cold Snap","Core Surge","Loop","Leap+1","Happy Flower","Auto Shields+1"],"campfire_rested":6,"item_purchase_floors":[13,13,13,20,37,45,45,45],"current_hp_per_floor":[64,64,53,53,53,53,58,58,58,38,41,12,12,6,25,31,56,40,40,40,36,31,31,31,31,31,50,24,17,36,36,55,34,57,62,64,64,78,78,78,78,78,78,34,34,57,39,22,45,0],"gold":37,"neow_bonus":"THREE_ENEMY_KILL","is_prod":false,"is_daily":false,"chose_seed":false,"campfire_upgraded":5,"win_rate":0,"timestamp":1549121527,"path_taken":["M","M","?","?","?","E","?","R","T","E","M","E","$","M","R","BOSS","M","?","?","M","M","R","?","R","T","R","M","E","R","?","R","BOSS","M","M","$","?","?","R","?","R","T","?","$","R","M","M","R","BOSS"],"build_version":"2019-01-23","purchased_purges":2,"victory":false,"max_hp_per_floor":[71,71,71,64,64,64,64,64,64,64,64,64,64,64,64,64,64,64,64,64,64,64,64,64,64,64,64,64,64,64,64,64,64,64,64,64,64,78,78,78,78,78,78,78,78,78,78,78,78,78],"card_choices":[{"not_picked":["Heatsinks","Go for the Eyes"],"picked":"Defragment","floor":1},{"not_picked":["Beam Cell","Go for the Eyes"],"picked":"Ball Lightning","floor":2},{"not_picked":["Go for the Eyes","Machine Learning"],"picked":"Self Repair","floor":6},{"not_picked":["Gash","Coolheaded+1"],"picked":"Ball Lightning","floor":7},{"not_picked":["Double Energy+1","Coolheaded+1"],"picked":"FTL","floor":10},{"not_picked":["Go for the Eyes","Streamline"],"picked":"Sunder","floor":11},{"not_picked":["Ball Lightning","Sunder"],"picked":"Conserve Battery+1","floor":12},{"not_picked":["Steam+1","Blizzard"],"picked":"Coolheaded+1","floor":14},{"not_picked":["Buffer","Hyperbeam"],"picked":"Biased Cognition","floor":16},{"not_picked":["Turbo+1","Barrage"],"picked":"Leap+1","floor":18},{"not_picked":["Rebound+1","Barrage"],"picked":"Redo+1","floor":21},{"not_picked":["Turbo+1","Doom and Gloom+1"],"picked":"Blizzard","floor":22},{"not_picked":["FTL","Compile Driver"],"picked":"Conserve Battery+1","floor":28},{"not_picked":["Coolheaded+1","Ball Lightning"],"picked":"White Noise+1","floor":29},{"not_picked":["Creative AI","Hyperbeam"],"picked":"Echo Form","floor":33},{"not_picked":["Redo+1","Barrage"],"picked":"BootSequence+1","floor":35},{"not_picked":["Storm","Ball Lightning"],"picked":"Redo+1","floor":36},{"not_picked":["Stack+1","Fusion+1"],"picked":"Conserve Battery+1","floor":38},{"not_picked":["Turbo+1","Streamline","Genetic Algorithm+1","Compile Driver"],"picked":"SKIP","floor":47},{"not_picked":["Stack+1","Machine Learning","Ball Lightning"],"picked":"Cold Snap","floor":48}],"player_experience":436775,"relics_obtained":[{"floor":5,"key":"Toxic Egg 2"},{"floor":6,"key":"Ornamental Fan"},{"floor":9,"key":"Juzu Bracelet"},{"floor":10,"key":"Bronze Scales"},{"floor":12,"key":"Oddly Smooth Stone"},{"floor":26,"key":"Smiling Mask"},{"floor":29,"key":"Bottled Tornado"},{"floor":38,"key":"Mango"},{"floor":43,"key":"Question Card"},{"floor":44,"key":"Torii"}],"event_choices":[{"damage_healed":0,"gold_gain":75,"player_choice":"Gather Gold","damage_taken":11,"max_hp_gain":0,"max_hp_loss":0,"event_name":"World of Goop","floor":3,"gold_loss":0},{"damage_healed":0,"gold_gain":0,"player_choice":"Lose Max HP","damage_taken":0,"relics_obtained":["Golden Idol"],"max_hp_gain":0,"max_hp_loss":7,"event_name":"Golden Idol","floor":4,"gold_loss":0},{"damage_healed":0,"gold_gain":0,"player_choice":"Gave Potion","damage_taken":0,"relics_obtained":["Pen Nib"],"max_hp_gain":0,"max_hp_loss":0,"event_name":"WeMeetAgain","floor":19,"gold_loss":0},{"damage_healed":0,"gold_gain":0,"player_choice":"Gave Idol","damage_taken":0,"relics_obtained":["Bloody Idol"],"max_hp_gain":0,"max_hp_loss":0,"event_name":"Forgotten Altar","floor":31,"relics_lost":["Golden Idol"],"gold_loss":0},{"damage_healed":0,"gold_gain":0,"player_choice":"Fight","damage_taken":0,"max_hp_gain":0,"max_hp_loss":0,"event_name":"MindBloom","floor":38,"gold_loss":0},{"damage_healed":0,"gold_gain":0,"player_choice":"Ignored","damage_taken":0,"max_hp_gain":0,"max_hp_loss":0,"event_name":"Tomb of Lord Red Mask","floor":39,"gold_loss":0},{"cards_removed":["Ball Lightning"],"damage_healed":0,"gold_gain":0,"player_choice":"Removed Attack","damage_taken":0,"max_hp_gain":0,"max_hp_loss":0,"event_name":"Falling","floor":41,"gold_loss":0},{"damage_healed":0,"gold_gain":0,"player_choice":"Fight","damage_taken":0,"max_hp_gain":0,"max_hp_loss":0,"event_name":"Mysterious Sphere","floor":44,"gold_loss":0}],"is_beta":false,"boss_relics":[{"not_picked":["Orrery","Coffee Dripper"],"picked":"Inserter"},{"not_picked":["Runic Dome","Snecko Eye"],"picked":"Sozu"}],"items_purged_floors":[13,37],"is_endless":false,"potions_floor_spawned":[1,6,7,12,22,33,44,48],"killed_by":"Awakened One","ascension_level":17}