{"gold_per_floor":[114,114,126,141,41,41,68,68,91,110,138,150,165,177,177,275,275,288,288,100,100,100,100],"floor_reached":23,"playtime":2064,"items_purged":["Strike_R","Pain"],"score":283,"play_id":"4da03851-c5a8-4dfe-b626-cf1518a2ae0f","local_time":"20190330232850","is_ascension_mode":true,"campfire_choices":[{"data":"Seeing Red","floor":6,"key":"SMITH"},{"data":"Carnage","floor":8,"key":"SMITH"},{"floor":15,"key":"REST"}],"neow_cost":"NONE","seed_source_timestamp":110848926358500,"circlet_count":0,"master_deck":["Strike_R","Strike_R","Strike_R","Strike_R","Defend_R","Defend_R","Defend_R","Defend_R","Bash","Carnage+1","Inflame","Seeing Red+1","Cleave","Pummel","Flex","Pommel Strike","Flame Barrier","Bludgeon","Parasite","Disarm","Dramatic Entrance"],"relics":["Burning Blood","Orichalcum","PreservedInsect","Self Forming Clay","Calling Bell","Centennial Puzzle","Meat on the Bone","Nunchaku"],"potions_floor_usage":[7,7,11,18],"damage_taken":[{"damage":15,"enemies":"2 Louse","floor":1,"turns":3},{"damage":6,"enemies":"Cultist","floor":3,"turns":4},{"damage":8,"enemies":"Small Slimes","floor":4,"turns":5},{"damage":45,"enemies":"Gremlin Nob","floor":7,"turns":5},{"damage":5,"enemies":"2 Fungi Beasts","floor":10,"turns":3},{"damage":0,"enemies":"3 Sentries","floor":11,"turns":5},{"damage":6,"enemies":"Gremlin Gang","floor":12,"turns":4},{"damage":11,"enemies":"Lots of Slimes","floor":13,"turns":4},{"damage":11,"enemies":"Exordium Wildlife","floor":14,"turns":3},{"damage":39,"enemies":"The Guardian","floor":16,"turns":12},{"damage":33,"enemies":"Shell Parasite","floor":18,"turns":6},{"damage":40,"enemies":"Slavers","floor":23,"turns":3}],"seed_played":"-1549207456893143302","potions_obtained":[{"floor":3,"key":"Strength Potion"},{"floor":4,"key":"EssenceOfSteel"},{"floor":7,"key":"EssenceOfSteel"},{"floor":16,"key":"BloodPotion"}],"is_trial":false,"path_per_floor":["M","?","M","M","$","R","E","R","T","M","E","M","M","M","R","B",null,"M","?","$","?","?","E"],"character_chosen":"IRONCLAD","items_purchased":["Cleave","Dramatic Entrance"],"campfire_rested":1,"item_purchase_floors":[5,20],"current_hp_per_floor":[79,71,71,69,69,69,30,30,30,31,37,37,32,27,53,20,71,52,35,35,35,35,0],"gold":100,"neow_bonus":"TEN_PERCENT_HP_BONUS","is_prod":false,"is_daily":false,"chose_seed":false,"campfire_upgraded":2,"win_rate":0,"timestamp":1553984930,"path_taken":["M","?","M","?","$","R","E","R","T","M","E","M","M","M","R","BOSS","M","?","$","?","?","E"],"build_version":"2019-01-23","purchased_purges":2,"victory":false,"max_hp_per_floor":[88,88,88,88,88,88,88,88,88,88,88,88,88,88,88,88,88,88,93,93,93,93,93],"card_choices":[{"not_picked":["Heavy Blade","Bloodletting"],"picked":"Carnage","floor":1},{"not_picked":["Havoc","Dropkick"],"picked":"Inflame","floor":3},{"not_picked":["Clothesline","Iron Wave"],"picked":"Seeing Red","floor":4},{"not_picked":["Flex","Power Through"],"picked":"Pummel","floor":7},{"not_picked":["Sword Boomerang","Cleave","Thunderclap"],"picked":"SKIP","floor":10},{"not_picked":["Berserk","Body Slam"],"picked":"Flex","floor":11},{"not_picked":["Sentinel","Clothesline"],"picked":"Pommel Strike","floor":12},{"not_picked":["Body Slam","Cleave","Clash"],"picked":"SKIP","floor":13},{"not_picked":["Sword Boomerang","Cleave"],"picked":"Flame Barrier","floor":14},{"not_picked":["Double Tap","Berserk"],"picked":"Bludgeon","floor":16},{"not_picked":["Armaments","Body Slam"],"picked":"Disarm","floor":18}],"player_experience":499092,"relics_obtained":[{"floor":7,"key":"Orichalcum"},{"floor":9,"key":"PreservedInsect"},{"floor":11,"key":"Self Forming Clay"},{"floor":17,"key":"Centennial Puzzle"},{"floor":17,"key":"Meat on the Bone"},{"floor":17,"key":"Nunchaku"}],"event_choices":[{"damage_healed":0,"gold_gain":0,"player_choice":"Damaged","damage_taken":8,"max_hp_gain":0,"max_hp_loss":0,"event_name":"Wheel of Change","floor":2,"gold_loss":0},{"damage_healed":0,"gold_gain":0,"player_choice":"Shed Blood","damage_taken":22,"max_hp_gain":5,"max_hp_loss":0,"event_name":"Forgotten Altar","floor":19,"gold_loss":0},{"damage_healed":0,"gold_gain":0,"player_choice":"Ignored","damage_taken":0,"max_hp_gain":0,"max_hp_loss":0,"event_name":"Ghosts","floor":21,"gold_loss":0},{"cards_removed":["Injury"],"damage_healed":0,"gold_gain":0,"player_choice":"Purged","damage_taken":0,"max_hp_gain":0,"max_hp_loss":0,"event_name":"Purifier","floor":22,"gold_loss":0}],"is_beta":false,"boss_relics":[{"not_picked":["Mark of Pain","Runic Cube"],"picked":"Calling Bell"}],"items_purged_floors":[5,20],"is_endless":false,"potions_floor_spawned":[3,4,7,16],"killed_by":"Slavers","ascension_level":5}