{"gold_per_floor":[115,127,202,202,202,236,236,253,283,308,322,322,335,353,353,353],"floor_reached":16,"playtime":467,"items_purged":[],"score":137,"play_id":"551d1c13-539d-4c51-92a0-1220895612cc","local_time":"20181214182940","is_ascension_mode":false,"campfire_choices":[{"data":"Zap","floor":7,"key":"SMITH"},{"floor":15,"key":"REST"}],"neow_cost":"NONE","seed_source_timestamp":122298976152300,"circlet_count":0,"master_deck":["Strike_B","Strike_B","Strike_B","Strike_B","Defend_B","Defend_B","Defend_B","Zap+1","Dualcast","Hologram+1","Redo","Go for the Eyes","Loop","Conserve Battery","Blizzard","Genetic Algorithm"],"relics":["Cracked Core","NeowsBlessing","Question Card","Tiny Chest","Bottled Tornado"],"potions_floor_usage":[16,16],"damage_taken":[{"damage":0,"enemies":"2 Louse","floor":1,"turns":1},{"damage":0,"enemies":"Small Slimes","floor":2,"turns":1},{"damage":0,"enemies":"Gremlin Nob","floor":6,"turns":1},{"damage":0,"enemies":"Jaw Worm","floor":8,"turns":3},{"damage":38,"enemies":"3 Sentries","floor":10,"turns":9},{"damage":6,"enemies":"3 Louse","floor":11,"turns":3},{"damage":0,"enemies":"2 Fungi Beasts","floor":13,"turns":3},{"damage":8,"enemies":"Red Slaver","floor":14,"turns":3},{"damage":29,"enemies":"The Guardian","floor":16,"turns":5}],"seed_played":"6947049412098349275","potions_obtained":[{"floor":2,"key":"Energy Potion"},{"floor":11,"key":"SmokeBomb"},{"floor":14,"key":"FearPotion"}],"is_trial":false,"path_per_floor":["M","M","?","?","?","E","R","M","T","E","M","?","M","M","R","B"],"character_chosen":"DEFECT","items_purchased":[],"campfire_rested":1,"item_purchase_floors":[],"current_hp_per_floor":[75,75,64,64,57,57,57,57,57,19,13,13,13,5,27,0],"gold":353,"neow_bonus":"THREE_ENEMY_KILL","is_prod":false,"is_daily":false,"chose_seed":false,"campfire_upgraded":1,"win_rate":0,"timestamp":1544808580,"path_taken":["M","M","?","?","?","E","R","?","T","E","M","?","M","M","R","BOSS"],"build_version":"2018-12-13","purchased_purges":0,"victory":false,"max_hp_per_floor":[75,75,75,75,75,75,75,75,75,75,75,75,75,75,75,75],"card_choices":[{"not_picked":["Heatsinks","Compile Driver"],"picked":"Hologram","floor":1},{"not_picked":["Hologram","Doom and Gloom"],"picked":"Redo","floor":2},{"not_picked":["Capacitor","Steam"],"picked":"Go for the Eyes","floor":6},{"not_picked":["Fusion","Sunder","Rebound"],"picked":"Loop","floor":8},{"not_picked":["Multi-Cast","Tempest","Stack","Streamline"],"picked":"SKIP","floor":10},{"not_picked":["Turbo","Compile Driver","Gash"],"picked":"Conserve Battery","floor":11},{"not_picked":["Double Energy","Cold Snap","Rip and Tear"],"picked":"Blizzard","floor":13},{"not_picked":["Beam Cell","Undo","Heatsinks"],"picked":"Genetic Algorithm","floor":14}],"player_experience":255955,"relics_obtained":[{"floor":6,"key":"Question Card"},{"floor":9,"key":"Tiny Chest"},{"floor":10,"key":"Bottled Tornado"}],"event_choices":[{"damage_healed":0,"gold_gain":75,"player_choice":"Gather Gold","damage_taken":11,"max_hp_gain":0,"max_hp_loss":0,"event_name":"World of Goop","floor":3,"gold_loss":0},{"damage_healed":0,"gold_gain":0,"player_choice":"Grow","damage_taken":0,"max_hp_gain":0,"max_hp_loss":0,"event_name":"Living Wall","floor":4,"gold_loss":0,"cards_upgraded":["Hologram"]},{"cards_removed":["Defend_B"],"damage_healed":0,"gold_gain":0,"player_choice":"Card Removal","damage_taken":7,"max_hp_gain":0,"max_hp_loss":0,"event_name":"Golden Wing","floor":5,"gold_loss":0},{"damage_healed":0,"gold_gain":0,"player_choice":"Ignored","damage_taken":0,"max_hp_gain":0,"max_hp_loss":0,"event_name":"Liars Game","floor":12,"gold_loss":0}],"is_beta":false,"boss_relics":[],"items_purged_floors":[],"is_endless":false,"potions_floor_spawned":[2,11,14],"killed_by":"The Guardian","ascension_level":0}