{"gold_per_floor":[116,130,142,154,168,184,184,35,35,35,45,79,98,131,131,230,230,243,253,163,182,182,196,196,20,20,20,45,144,144,174,174,278,278,297,16,16,30,30,30,30,40,40,53,87,106,106,19,19,19],"floor_reached":51,"playtime":4652,"items_purged":["Defend_G+1","Survivor"],"score":1046,"play_id":"7610c6a9-8072-4c30-a775-b70d5ce15a92","local_time":"20190414232956","is_ascension_mode":true,"campfire_choices":[{"floor":7.0,"key":"REST"},{"data":"Setup","floor":15.0,"key":"SMITH"},{"floor":24.0,"key":"REST"},{"data":"Malaise","floor":27.0,"key":"SMITH"},{"data":"Noxious Fumes","floor":30.0,"key":"SMITH"},{"data":"Burst","floor":32.0,"key":"SMITH"},{"data":"Noxious Fumes","floor":40,"key":"SMITH"},{"floor":47,"key":"REST"},{"floor":49,"key":"REST"}],"neow_cost":"NONE","seed_source_timestamp":333160737782706,"circlet_count":0,"master_deck":["Defend_G+1","Defend_G+1","Defend_G+1","Defend_G+1","Strike_G+1","Strike_G+1","Neutralize","Bouncing Flask","Noxious Fumes+1","Noxious Fumes+1","Noxious Fumes","Escape Plan","Setup+1","Backflip","Noxious Fumes","Cloak And Dagger","Dodge and Roll","Malaise+1","Deflect+1","Backflip+1","Caltrops","Dagger Throw","Burst+1","Corpse Explosion","Panache+1","Master of Strategy","PiercingWail","Leg Sweep","Blur"],"special_seed":0,"relics":["Ring of the Serpent","Ancient Tea Set","Happy Flower","Sundial","Art of War","Thread and Needle","Ninja Scroll","Frozen Egg 2","Sozu","Membership Card","Oddly Smooth Stone","Vajra"],"potions_floor_usage":[35],"damage_taken":[{"damage":1.0,"enemies":"2 Louse","floor":1.0,"turns":3.0},{"damage":0.0,"enemies":"Cultist","floor":2.0,"turns":3.0},{"damage":0.0,"enemies":"Small Slimes","floor":3.0,"turns":3.0},{"damage":8.0,"enemies":"3 Louse","floor":4.0,"turns":3.0},{"damage":1.0,"enemies":"Looter","floor":5.0,"turns":4.0},{"damage":11.0,"enemies":"2 Fungi Beasts","floor":6.0,"turns":4.0},{"damage":5.0,"enemies":"Red Slaver","floor":11.0,"turns":4.0},{"damage":5.0,"enemies":"Lagavulin","floor":12.0,"turns":6.0},{"damage":0.0,"enemies":"Blue Slaver","floor":13.0,"turns":5.0},{"damage":14.0,"enemies":"Gremlin Nob","floor":14.0,"turns":4.0},{"damage":1.0,"enemies":"Hexaghost","floor":16.0,"turns":8.0},{"damage":7.0,"enemies":"Chosen","floor":18.0,"turns":6.0},{"damage":7.0,"enemies":"Spheric Guardian","floor":19.0,"turns":4.0},{"damage":1.0,"enemies":"Snecko","floor":21.0,"turns":6.0},{"damage":10.0,"enemies":"Cultist and Chosen","floor":23.0,"turns":7.0},{"damage":0.0,"enemies":"Book of Stabbing","floor":28.0,"turns":8.0},{"damage":4.0,"enemies":"Gremlin Leader","floor":31.0,"turns":6.0},{"damage":40.0,"enemies":"Automaton","floor":33.0,"turns":11.0},{"damage":0,"enemies":"3 Darklings","floor":35,"turns":1},{"damage":0,"enemies":"Orb Walker","floor":38,"turns":3},{"damage":4,"enemies":"Transient","floor":42,"turns":5},{"damage":0,"enemies":"Sphere and 2 Shapes","floor":44,"turns":3},{"damage":27,"enemies":"Nemesis","floor":45,"turns":7},{"damage":0,"enemies":"3 Darklings","floor":46,"turns":2},{"damage":48,"enemies":"Donu and Deca","floor":50,"turns":8}],"seed_played":"-1865981707861459342","potions_obtained":[{"floor":2.0,"key":"Block Potion"},{"floor":5.0,"key":"SkillPotion"},{"floor":6.0,"key":"EssenceOfSteel"},{"floor":13.0,"key":"AttackPotion"},{"floor":14.0,"key":"SteroidPotion"},{"floor":18.0,"key":"Fire Potion"},{"floor":23.0,"key":"SteroidPotion"}],"is_trial":false,"path_per_floor":["M","M","M","M","M","M","R","$","T","?","M","E","M","E","R","B",null,"M","M","?","M","?","M","R","$","T","R","E","?","R","E","R","B",null,"M","$","?","M","?","R","?","M","T","M","E","M","R","$","R","B",null],"character_chosen":"THE_SILENT","items_purchased":["Ancient Tea Set","Caltrops","Dagger Throw","Membership Card","Panache+1","Blur"],"campfire_rested":4,"item_purchase_floors":[8,25,25,36,36,48],"current_hp_per_floor":[69,69,69,61,60,49,72,72,72,72,67,62,62,48,48,47,70,63,56,56,55,55,45,68,68,68,68,68,68,68,64,64,24,64,64,64,64,64,64,64,64,60,60,60,33,33,56,56,77,29],"gold":19,"neow_bonus":"TEN_PERCENT_HP_BONUS","is_prod":false,"is_daily":false,"chose_seed":false,"campfire_upgraded":5,"win_rate":0,"timestamp":1555302596,"path_taken":["M","M","M","M","M","M","R","$","T","?","?","E","M","E","R","BOSS","M","M","?","?","?","M","R","$","T","R","E","?","R","E","R","BOSS","M","$","?","M","?","R","?","M","T","?","E","M","R","$","R","BOSS"],"build_version":"2019-01-23","purchased_purges":2,"victory":true,"max_hp_per_floor":[77,77,77,77,77,77,77,77,77,77,77,77,77,77,77,77,77,77,77,77,77,77,77,77,77,77,77,77,77,77,77,77,77,77,77,77,77,77,77,77,77,77,77,77,77,77,77,77,77,77],"card_choices":[{"not_picked":["Outmaneuver","Dagger Throw"],"picked":"Bouncing Flask","floor":1.0},{"not_picked":["Acrobatics","Sucker Punch"],"picked":"All Out Attack","floor":2.0},{"not_picked":["Terror","Well Laid Plans"],"picked":"Noxious Fumes","floor":3.0},{"not_picked":["Sucker Punch","Deflect"],"picked":"Noxious Fumes","floor":4.0},{"not_picked":["Backflip","Masterful Stab"],"picked":"Noxious Fumes","floor":5.0},{"not_picked":["Acrobatics","Infinite Blades"],"picked":"Escape Plan","floor":6.0},{"not_picked":["Prepared","Dodge and Roll"],"picked":"Backflip","floor":11.0},{"not_picked":["Blade Dance","Doppelganger"],"picked":"Noxious Fumes","floor":12.0},{"not_picked":["Concentrate","Setup"],"picked":"Cloak And Dagger","floor":13.0},{"not_picked":["Underhanded Strike","Choke"],"picked":"Dodge and Roll","floor":14.0},{"not_picked":["Bullet Time","Grand Finale"],"picked":"Malaise","floor":16.0},{"not_picked":["Underhanded Strike","Cloak And Dagger"],"picked":"Deflect+1","floor":18.0},{"not_picked":["Backflip","Predator","Dodge and Roll+1"],"picked":"SKIP","floor":19.0},{"not_picked":["All Out Attack+1","Underhanded Strike","Terror"],"picked":"SKIP","floor":21.0},{"not_picked":["Sucker Punch","Setup+1"],"picked":"Backflip+1","floor":23.0},{"not_picked":["Deflect","Tactician","Bane"],"picked":"SKIP","floor":28.0},{"not_picked":["Endless Agony","Heel Hook"],"picked":"Burst","floor":31.0},{"not_picked":["Grand Finale","Wraith Form v2+1"],"picked":"Corpse Explosion","floor":33.0},{"not_picked":["Dagger Spray","Dodge and Roll","Outmaneuver"],"picked":"SKIP","floor":35},{"not_picked":["Thinking Ahead","Mind Blast"],"picked":"Master of Strategy","floor":37},{"not_picked":["PiercingWail","Dodge and Roll+1","All Out Attack+1"],"picked":"SKIP","floor":38},{"not_picked":["Dagger Throw+1","Flying Knee+1","Dagger Spray+1"],"picked":"SKIP","floor":42},{"not_picked":["Prepared","Dagger Spray","Terror"],"picked":"SKIP","floor":44},{"not_picked":["Outmaneuver+1","Dagger Spray","Acrobatics"],"picked":"SKIP","floor":45},{"not_picked":["Masterful Stab","All Out Attack+1"],"picked":"Leg Sweep","floor":46}],"player_experience":450914,"relics_obtained":[{"floor":9.0,"key":"Happy Flower"},{"floor":12.0,"key":"Sundial"},{"floor":14.0,"key":"Art of War"},{"floor":26.0,"key":"Thread and Needle"},{"floor":28.0,"key":"Ninja Scroll"},{"floor":31.0,"key":"Frozen Egg 2"},{"floor":43,"key":"Oddly Smooth Stone"},{"floor":45,"key":"Vajra"}],"event_choices":[{"damage_healed":0.0,"max_hp_gain":0.0,"max_hp_loss":0.0,"gold_gain":0.0,"cards_transformed":["Strike_G"],"event_name":"Transmorgrifier","player_choice":"Transformed","floor":10.0,"gold_loss":0.0,"damage_taken":0.0,"cards_obtained":["Setup"]},{"cards_removed":["Strike_G"],"damage_healed":0.0,"max_hp_gain":0.0,"max_hp_loss":0.0,"gold_gain":0.0,"event_name":"Designer","player_choice":"Upgrade and Remove","floor":20.0,"gold_loss":90.0,"damage_taken":0.0,"cards_upgraded":["Defend_G"]},{"damage_healed":0.0,"max_hp_gain":0.0,"max_hp_loss":0.0,"gold_gain":0.0,"event_name":"Back to Basics","player_choice":"Simplicity","floor":22.0,"gold_loss":0.0,"damage_taken":0.0,"cards_upgraded":["Defend_G","Defend_G","Defend_G","Defend_G","Strike_G","Strike_G","Strike_G"]},{"damage_healed":0.0,"max_hp_gain":0.0,"max_hp_loss":0.0,"gold_gain":99.0,"event_name":"Nest","player_choice":"Stole From Cult","floor":29.0,"gold_loss":0.0,"damage_taken":0.0},{"damage_healed":0,"gold_gain":0,"player_choice":"Memory 1","damage_taken":0,"max_hp_gain":0,"max_hp_loss":0,"event_name":"SensoryStone","floor":37,"gold_loss":0},{"cards_removed":["Strike_G"],"damage_healed":0,"gold_gain":0,"player_choice":"Removed Attack","damage_taken":0,"max_hp_gain":0,"max_hp_loss":0,"event_name":"Falling","floor":39,"gold_loss":0},{"damage_healed":0,"gold_gain":0,"cards_transformed":["All Out Attack"],"player_choice":"Transformed","damage_taken":0,"max_hp_gain":0,"max_hp_loss":0,"event_name":"Transmorgrifier","floor":41,"gold_loss":0,"cards_obtained":["PiercingWail"]}],"is_beta":false,"boss_relics":[{"not_picked":["Philosopher\u0027s Stone","Lizard Tail"],"picked":"Ring of the Serpent"},{"not_picked":["Runic Pyramid","Astrolabe"],"picked":"Sozu"}],"items_purged_floors":[25,48],"is_endless":false,"potions_floor_spawned":[2,5,6,13,14,18,23,35,44,46],"ascension_level":8}