{"gold_per_floor":[213,229,85,102,117,117,117,117,192,204,219,219,244,255,255,352,352,372,372,472,75,75,104,104,115,115,126,126,155,80,100,100,200,200,216,316,316,335,349,349,359,22,70,83,63,91,23,42,42,42,42,42,42,77,77],"floor_reached":55,"playtime":3604,"items_purged":["Strike_B","Strike_B"],"score":739,"play_id":"63fef615-4339-420c-abd8-ad3a4d481493","local_time":"20190317192423","is_ascension_mode":false,"campfire_choices":[{"data":"Zap","floor":6,"key":"SMITH"},{"data":"Redo","floor":8,"key":"SMITH"},{"data":"Static Discharge","floor":12,"key":"SMITH"},{"data":"Hologram","floor":15,"key":"SMITH"},{"data":"Defragment","floor":24,"key":"SMITH"},{"floor":28,"key":"REST"},{"data":"Echo Form","floor":32,"key":"SMITH"},{"floor":40,"key":"DIG"},{"floor":49,"key":"RECALL"},{"floor":52,"key":"DIG"}],"neow_cost":"NONE","seed_source_timestamp":1914753692848213,"circlet_count":0,"master_deck":["Defend_B","Defend_B","Defend_B+1","Defend_B+1","Zap+1","Dualcast","Cold Snap","Redo+1","Static Discharge+1","Tempest","Coolheaded","Melter","Hologram+1","Core Surge","FTL","Echo Form+1","Hologram+1","Coolheaded+1","Defragment+1","Consume","Electrodynamics","Recycle","Redo+1","Conserve Battery","Leap+1","Biased Cognition","Ball Lightning+1","Aggregate+1","Sweeping Beam+1","Go for the Eyes+1","Cold Snap+1","Defragment","Defragment+1","Stack"],"relics":["Cracked Core","Happy Flower","Velvet Choker","Cables","Shovel","Bottled Flame","Lantern","Bottled Lightning","Girya","Letter Opener","Fusion Hammer","Du-Vu Doll","Nunchaku","Art of War","DataDisk","Pen Nib","Gremlin Horn","Dodecahedron","War Paint"],"potions_floor_usage":[5,16,20,23,31,50,50,55],"damage_taken":[{"damage":5,"enemies":"Jaw Worm","floor":1,"turns":4},{"damage":0,"enemies":"Small Slimes","floor":2,"turns":4},{"damage":0,"enemies":"2 Louse","floor":4,"turns":3},{"damage":0,"enemies":"Lots of Slimes","floor":5,"turns":5},{"damage":4,"enemies":"3 Louse","floor":10,"turns":3},{"damage":3,"enemies":"Looter","floor":11,"turns":2},{"damage":30,"enemies":"Gremlin Nob","floor":13,"turns":4},{"damage":7,"enemies":"Blue Slaver","floor":14,"turns":4},{"damage":18,"enemies":"The Guardian","floor":16,"turns":7},{"damage":10,"enemies":"Spheric Guardian","floor":18,"turns":2},{"damage":13,"enemies":"Colosseum Slavers","floor":20,"turns":3},{"damage":23,"enemies":"Colosseum Nobs","floor":20,"turns":3},{"damage":13,"enemies":"Gremlin Leader","floor":23,"turns":4},{"damage":0,"enemies":"Shell Parasite","floor":25,"turns":4},{"damage":7,"enemies":"Snake Plant","floor":27,"turns":4},{"damage":6,"enemies":"Book of Stabbing","floor":29,"turns":5},{"damage":5,"enemies":"Snecko","floor":31,"turns":4},{"damage":18,"enemies":"Champ","floor":33,"turns":13},{"damage":5,"enemies":"3 Darklings","floor":35,"turns":4},{"damage":0,"enemies":"Mind Bloom Boss Battle","floor":36,"turns":3},{"damage":0,"enemies":"Orb Walker","floor":38,"turns":2},{"damage":8,"enemies":"3 Darklings","floor":39,"turns":4},{"damage":0,"enemies":"Transient","floor":41,"turns":5},{"damage":3,"enemies":"Spire Growth","floor":44,"turns":3},{"damage":0,"enemies":"Giant Head","floor":46,"turns":8},{"damage":0,"enemies":"4 Shapes","floor":48,"turns":2},{"damage":20,"enemies":"Awakened One","floor":50,"turns":19},{"damage":37,"enemies":"Shield and Spear","floor":54,"turns":4},{"damage":84,"enemies":"The Heart","floor":55,"turns":3}],"seed_played":"-8707585190632163362","potions_obtained":[{"floor":2,"key":"SkillPotion"},{"floor":5,"key":"LiquidBronze"},{"floor":13,"key":"Dexterity Potion"},{"floor":18,"key":"SteroidPotion"},{"floor":25,"key":"Explosive Potion"},{"floor":29,"key":"FearPotion"},{"floor":33,"key":"Energy Potion"},{"floor":45,"key":"SkillPotion"},{"floor":54,"key":"Poison Potion"}],"is_trial":false,"path_per_floor":["M","M","$","M","M","R","?","R","T","M","M","R","E","M","R","B",null,"M","?","?","$","?","E","R","M","T","M","R","E","?","M","R","B",null,"M","?","$","M","M","R","M","$","T","M","?","E","$","M","R","B",null,"R","$","E","B"],"character_chosen":"DEFECT","items_purchased":["Static Discharge","Lantern","Defragment","Regen Potion","Art of War","DataDisk","Block Potion","Defragment"],"campfire_rested":1,"item_purchase_floors":[3,21,21,21,42,42,42,47],"current_hp_per_floor":[70,70,70,70,70,70,70,70,70,66,63,63,33,26,26,8,75,65,65,29,29,29,28,28,28,28,21,43,37,37,32,32,14,75,70,70,70,70,62,62,62,62,62,59,59,59,59,59,59,39,75,75,75,38,0],"gold":77,"neow_bonus":"HUNDRED_GOLD","is_prod":false,"is_daily":false,"chose_seed":false,"campfire_upgraded":6,"win_rate":0,"timestamp":1552821863,"path_taken":["M","M","$","M","M","R","?","R","T","M","M","R","E","M","R","BOSS","M","?","?","$","?","E","R","M","T","?","R","E","?","M","R","BOSS","M","?","$","M","M","R","M","$","T","M","?","E","$","?","R","BOSS","R","$","E","BOSS"],"build_version":"2019-01-23","purchased_purges":2,"victory":false,"max_hp_per_floor":[75,75,75,75,75,75,75,75,75,75,75,75,75,75,75,75,75,75,75,75,75,75,75,75,75,75,75,75,75,75,75,75,75,75,75,75,75,75,75,75,75,75,75,75,75,75,75,75,75,75,75,75,75,75,75],"card_choices":[{"not_picked":["Hello World","Beam Cell"],"picked":"Cold Snap","floor":1},{"not_picked":["Sweeping Beam","Fusion"],"picked":"Redo","floor":2},{"not_picked":["Steam","Turbo"],"picked":"Tempest","floor":4},{"not_picked":["Cold Snap","Rebound"],"picked":"Coolheaded","floor":5},{"not_picked":["Turbo","Force Field","Cold Snap"],"picked":"SKIP","floor":10},{"not_picked":["Storm","Stack"],"picked":"Hologram","floor":11},{"not_picked":["FTL","Chill"],"picked":"Core Surge","floor":13},{"not_picked":["Compile Driver","Barrage"],"picked":"FTL","floor":14},{"not_picked":["Thunder Strike","Buffer"],"picked":"Echo Form","floor":16},{"not_picked":["Turbo","White Noise"],"picked":"Hologram+1","floor":18},{"not_picked":["Loop","Skim"],"picked":"Coolheaded+1","floor":20},{"not_picked":["Meteor Strike","Redo"],"picked":"Recycle","floor":23},{"not_picked":["Storm","Coolheaded"],"picked":"Redo+1","floor":25},{"not_picked":["Steam Power","Cold Snap","Hologram"],"picked":"SKIP","floor":27},{"not_picked":["Darkness","Streamline"],"picked":"Conserve Battery","floor":29},{"not_picked":["Aggregate","Coolheaded"],"picked":"Leap+1","floor":31},{"not_picked":["Reboot","Meteor Strike"],"picked":"Biased Cognition","floor":33},{"not_picked":["Streamline","Barrage+1"],"picked":"Ball Lightning+1","floor":35},{"not_picked":["Stack","Genetic Algorithm+1"],"picked":"Aggregate+1","floor":36},{"not_picked":["Barrage","Gash+1","Beam Cell"],"picked":"SKIP","floor":38},{"not_picked":["Barrage","Echo Form"],"picked":"Sweeping Beam+1","floor":39},{"not_picked":["Cold Snap+1","Rebound"],"picked":"Go for the Eyes+1","floor":41},{"not_picked":["Coolheaded","Steam Power"],"picked":"Cold Snap+1","floor":44},{"not_picked":["Ball Lightning","Aggregate+1","Stack"],"picked":"SKIP","floor":46},{"not_picked":["Compile Driver","Turbo"],"picked":"Defragment+1","floor":48},{"not_picked":["FTL","Hologram"],"picked":"Stack","floor":54}],"player_experience":852001,"relics_obtained":[{"floor":13,"key":"Happy Flower"},{"floor":20,"key":"Shovel"},{"floor":20,"key":"Bottled Flame"},{"floor":23,"key":"Bottled Lightning"},{"floor":26,"key":"Girya"},{"floor":29,"key":"Letter Opener"},{"floor":36,"key":"Du-Vu Doll"},{"floor":40,"key":"Nunchaku"},{"floor":43,"key":"Pen Nib"},{"floor":46,"key":"Gremlin Horn"},{"floor":52,"key":"Dodecahedron"},{"floor":54,"key":"War Paint"}],"event_choices":[{"damage_healed":0,"gold_gain":0,"cards_transformed":["Strike_B"],"player_choice":"Change","damage_taken":0,"max_hp_gain":0,"max_hp_loss":0,"event_name":"Living Wall","floor":7,"gold_loss":0,"cards_obtained":["Melter"]},{"damage_healed":0,"gold_gain":0,"player_choice":"Opened","damage_taken":0,"relics_obtained":["Cables"],"max_hp_gain":0,"max_hp_loss":0,"event_name":"The Mausoleum","floor":19,"gold_loss":0},{"damage_healed":0,"gold_gain":0,"player_choice":"Fight","damage_taken":0,"max_hp_gain":0,"max_hp_loss":0,"event_name":"Colosseum","floor":20,"gold_loss":0},{"damage_healed":0,"gold_gain":0,"player_choice":"Fought Nobs","damage_taken":0,"max_hp_gain":0,"max_hp_loss":0,"event_name":"Colosseum","floor":20,"gold_loss":0},{"damage_healed":0,"gold_gain":0,"player_choice":"2 cards matched","damage_taken":0,"max_hp_gain":0,"max_hp_loss":0,"event_name":"Match and Keep!","floor":22,"gold_loss":0,"cards_obtained":["Consume","Electrodynamics"]},{"cards_removed":["Strike_B"],"damage_healed":0,"gold_gain":0,"player_choice":"Gave Gold","damage_taken":0,"max_hp_gain":0,"max_hp_loss":0,"event_name":"Beggar","floor":30,"gold_loss":75},{"damage_healed":0,"gold_gain":0,"player_choice":"Fight","damage_taken":0,"max_hp_gain":0,"max_hp_loss":0,"event_name":"MindBloom","floor":36,"gold_loss":0},{"damage_healed":0,"gold_gain":0,"player_choice":"Bought 1 Potion","damage_taken":0,"max_hp_gain":0,"max_hp_loss":0,"event_name":"The Woman in Blue","floor":45,"gold_loss":0}],"is_beta":false,"boss_relics":[{"not_picked":["Lizard Tail","Astrolabe"],"picked":"Velvet Choker"},{"not_picked":["Runic Dome","Runic Pyramid"],"picked":"Fusion Hammer"}],"items_purged_floors":[3,21],"is_endless":false,"potions_floor_spawned":[2,5,13,18,25,29,33,35,46,48,54],"killed_by":"The Heart","ascension_level":0}