{"gold_per_floor":[114,114,126,137,153,153,185,185,185,185],"floor_reached":10,"playtime":229,"items_purged":[],"score":68,"play_id":"7d0ce63d-c3b3-40a8-95db-a1a1d290b4c0","local_time":"20190416170938","is_ascension_mode":false,"campfire_choices":[{"data":"Bash","floor":6,"key":"SMITH"},{"floor":8,"key":"REST"}],"neow_cost":"NONE","seed_source_timestamp":428903700228300,"circlet_count":0,"master_deck":["Strike_R","Strike_R","Strike_R","Strike_R","Strike_R","Defend_R","Defend_R","Defend_R","Defend_R","Bash+1","Dropkick"],"relics":["Burning Blood","NeowsBlessing","Mango","Mummified Hand","Ginger"],"potions_floor_usage":[],"damage_taken":[{"damage":0,"enemies":"Jaw Worm","floor":1,"turns":1},{"damage":0,"enemies":"Cultist","floor":3,"turns":1},{"damage":0,"enemies":"Small Slimes","floor":4,"turns":1},{"damage":19,"enemies":"3 Louse","floor":5,"turns":4},{"damage":27,"enemies":"Gremlin Nob","floor":7,"turns":4},{"damage":73,"enemies":"3 Sentries","floor":10,"turns":8}],"seed_played":"5083246752047897619","potions_obtained":[{"floor":1,"key":"Ancient Potion"},{"floor":7,"key":"FearPotion"}],"is_trial":false,"path_per_floor":["M","?","M","M","M","R","E","R","T","E"],"character_chosen":"IRONCLAD","items_purchased":[],"campfire_rested":1,"item_purchase_floors":[],"current_hp_per_floor":[80,61,67,73,60,60,39,67,67,0],"gold":185,"neow_bonus":"THREE_ENEMY_KILL","is_prod":false,"is_daily":false,"chose_seed":false,"campfire_upgraded":1,"win_rate":0,"timestamp":1555427378,"path_taken":["M","?","M","M","M","R","E","R","T","E"],"build_version":"2019-01-23","purchased_purges":0,"victory":false,"max_hp_per_floor":[80,94,94,94,94,94,94,94,94,94],"card_choices":[{"not_picked":["Pummel","Second Wind","Flex"],"picked":"SKIP","floor":1},{"not_picked":["Clothesline","True Grit","Reckless Charge"],"picked":"SKIP","floor":3},{"not_picked":["Pommel Strike","Searing Blow"],"picked":"Dropkick","floor":4},{"not_picked":["Blood for Blood","Havoc","Wild Strike"],"picked":"SKIP","floor":5},{"not_picked":["Berserk","Corruption","Inflame"],"picked":"SKIP","floor":7}],"player_experience":592941,"relics_obtained":[{"floor":7,"key":"Mummified Hand"},{"floor":9,"key":"Ginger"}],"event_choices":[{"damage_healed":0,"gold_gain":0,"player_choice":"Success","damage_taken":33,"relics_obtained":["Mango"],"max_hp_gain":0,"max_hp_loss":0,"event_name":"Scrap Ooze","floor":2,"gold_loss":0}],"is_beta":false,"boss_relics":[],"items_purged_floors":[],"is_endless":false,"potions_floor_spawned":[1,7],"killed_by":"3 Sentries","ascension_level":0}