{"gold_per_floor":[118,118,118,134,153,167,201,201,254,288,288,301,363,379,379,379],"floor_reached":16,"playtime":382,"items_purged":[],"score":185,"play_id":"d510968c-b4fe-438a-8c9c-945800030c9c","local_time":"20190321114717","is_ascension_mode":true,"campfire_choices":[{"floor":8,"key":"REST"},{"floor":11,"key":"REST"},{"data":"Double Tap","floor":15,"key":"SMITH"}],"neow_cost":"NONE","seed_source_timestamp":617918540822900,"circlet_count":0,"master_deck":["AscendersBane","Strike_R","Strike_R","Strike_R","Strike_R","Defend_R","Defend_R","Defend_R","Defend_R","Bash+1","Shrug It Off","Cleave","Clothesline","Double Tap+1"],"relics":["Burning Blood","NeowsBlessing","Art of War","Tiny Chest","Lantern"],"potions_floor_usage":[6,7],"damage_taken":[{"damage":0,"enemies":"Jaw Worm","floor":1,"turns":1},{"damage":2,"enemies":"Small Slimes","floor":4,"turns":2},{"damage":0,"enemies":"Cultist","floor":5,"turns":1},{"damage":39,"enemies":"Gremlin Gang","floor":6,"turns":6},{"damage":38,"enemies":"Lagavulin","floor":7,"turns":8},{"damage":37,"enemies":"3 Sentries","floor":10,"turns":8},{"damage":8,"enemies":"Blue Slaver","floor":12,"turns":3},{"damage":0,"enemies":"2 Fungi Beasts","floor":14,"turns":2},{"damage":36,"enemies":"Slime Boss","floor":16,"turns":4}],"seed_played":"-2667785882735808520","potions_obtained":[{"floor":4,"key":"Block Potion"},{"floor":5,"key":"Swift Potion"},{"floor":12,"key":"SteroidPotion"}],"is_trial":false,"path_per_floor":["M","?","?","M","M","M","E","R","T","E","R","M","?","M","R","B"],"character_chosen":"IRONCLAD","items_purchased":[],"campfire_rested":2,"item_purchase_floors":[],"current_hp_per_floor":[78,78,78,80,80,47,15,39,39,8,32,30,30,36,36,0],"gold":379,"neow_bonus":"THREE_ENEMY_KILL","is_prod":false,"is_daily":false,"chose_seed":false,"campfire_upgraded":1,"win_rate":0,"timestamp":1553165237,"path_taken":["M","?","?","?","M","M","E","R","T","E","R","?","?","M","R","BOSS"],"build_version":"2019-01-23","purchased_purges":0,"victory":false,"max_hp_per_floor":[80,80,80,80,80,80,80,80,80,80,80,80,80,80,80,80],"card_choices":[{"not_picked":["Clash","Seeing Red"],"picked":"Shrug It Off","floor":1},{"not_picked":["Shockwave","Headbutt"],"picked":"Cleave","floor":4},{"not_picked":["Thunderclap","Rampage","Bloodletting"],"picked":"SKIP","floor":5},{"not_picked":["Bloodletting","Burning Pact"],"picked":"Clothesline","floor":6},{"not_picked":["Battle Trance","Ghostly Armor"],"picked":"Double Tap","floor":7},{"not_picked":["Burning Pact","Thunderclap","Pummel"],"picked":"SKIP","floor":10},{"not_picked":["Sentinel","Perfected Strike","Cleave"],"picked":"SKIP","floor":12},{"not_picked":["True Grit","Pommel Strike","Clothesline"],"picked":"SKIP","floor":14}],"player_experience":556972,"relics_obtained":[{"floor":7,"key":"Art of War"},{"floor":9,"key":"Tiny Chest"},{"floor":10,"key":"Lantern"}],"event_choices":[{"damage_healed":0,"gold_gain":0,"player_choice":"Grow","damage_taken":0,"max_hp_gain":0,"max_hp_loss":0,"event_name":"Living Wall","floor":2,"gold_loss":0,"cards_upgraded":["Bash"]},{"cards_removed":["Strike_R"],"damage_healed":0,"gold_gain":0,"player_choice":"Purged","damage_taken":0,"max_hp_gain":0,"max_hp_loss":0,"event_name":"Purifier","floor":3,"gold_loss":0},{"damage_healed":0,"gold_gain":62,"player_choice":"Gained Gold","damage_taken":0,"max_hp_gain":0,"max_hp_loss":0,"event_name":"Golden Wing","floor":13,"gold_loss":0}],"is_beta":false,"boss_relics":[],"items_purged_floors":[],"is_endless":false,"potions_floor_spawned":[4,5,12],"killed_by":"Slime Boss","ascension_level":13}