{"gold_per_floor":[110,122,132,60,235,235,250,265,340,340,359,12,12,25,25,125,125,143,143,143,119,45,45,45,45,113,123,123,135,151,117,117,216,216,233,233,96,110,120,120,120,120,120,130,145,145,156,156],"floor_reached":48,"playtime":2265,"items_purged":["Doubt"],"score":451,"play_id":"602c8a33-344a-49f2-bc04-0c61f6ef3da6","local_time":"20190410235554","is_ascension_mode":false,"campfire_choices":[{"data":"Zap","floor":6,"key":"SMITH"},{"data":"Hologram","floor":10,"key":"SMITH"},{"data":"Capacitor","floor":15,"key":"SMITH"},{"data":"Defragment","floor":23,"key":"SMITH"},{"data":"Thunder Strike","floor":25,"key":"SMITH"},{"data":"Secret Weapon","floor":28,"key":"SMITH"},{"floor":32,"key":"REST"},{"floor":40,"key":"REST"},{"floor":46,"key":"REST"}],"neow_cost":"NONE","seed_source_timestamp":105830376195211,"circlet_count":0,"master_deck":["Strike_B","Strike_B","Defend_B","Defend_B","Defend_B","Defend_B","Zap+1","Dualcast","Conserve Battery","Hologram+1","Conserve Battery","Ball Lightning","Capacitor+1","Sweeping Beam","FTL","Tempest","Thunder Strike+1","Secret Weapon+1","Chill","Amplify","Aggregate+1","Darkness","Biased Cognition","Leap","Defragment+1","Self Repair","Streamline+1","Glacier+1","Force Field","Loop","Reboot","Sunder+1","Electrodynamics","Consume+1","Go for the Eyes","Leap","Barrage"],"relics":["Cracked Core"],"potions_floor_usage":[11,36,38],"damage_taken":[{"damage":0,"enemies":"2 Louse","floor":1,"turns":2},{"damage":3,"enemies":"Small Slimes","floor":2,"turns":4},{"damage":0,"enemies":"Jaw Worm","floor":3,"turns":4},{"damage":6,"enemies":"2 Fungi Beasts","floor":7,"turns":4},{"damage":7,"enemies":"Blue Slaver","floor":8,"turns":4},{"damage":14,"enemies":"Exordium Thugs","floor":11,"turns":4},{"damage":0,"enemies":"2 Fungi Beasts","floor":14,"turns":3},{"damage":30,"enemies":"Slime Boss","floor":16,"turns":9},{"damage":7,"enemies":"Shell Parasite","floor":18,"turns":6},{"damage":28,"enemies":"3 Byrds","floor":27,"turns":5},{"damage":31,"enemies":"Centurion and Healer","floor":29,"turns":7},{"damage":5,"enemies":"Shelled Parasite and Fungi","floor":30,"turns":8},{"damage":45,"enemies":"Automaton","floor":33,"turns":13},{"damage":17,"enemies":"Orb Walker","floor":35,"turns":7},{"damage":0,"enemies":"3 Darklings","floor":36,"turns":1},{"damage":52,"enemies":"Spire Growth","floor":38,"turns":9},{"damage":14,"enemies":"4 Shapes","floor":39,"turns":4},{"damage":0,"enemies":"Sphere and 2 Shapes","floor":44,"turns":2},{"damage":25,"enemies":"Maw","floor":45,"turns":10},{"damage":32,"enemies":"Jaw Worm Horde","floor":47,"turns":7},{"damage":0,"enemies":"4 Shapes","floor":48,"turns":1}],"seed_played":"7183972927510455494","potions_obtained":[{"floor":1,"key":"SteroidPotion"},{"floor":3,"key":"SmokeBomb"},{"floor":7,"key":"Fire Potion"},{"floor":18,"key":"FearPotion"},{"floor":35,"key":"LiquidBronze"},{"floor":44,"key":"SteroidPotion"},{"floor":45,"key":"Poison Potion"},{"floor":47,"key":"Regen Potion"}],"is_trial":false,"path_per_floor":["M","M","M","$","?","R","M","M","T","R","M","$","?","M","R","B",null,"M","?","?","$","$","R","?","R","T","M","R","M","M","$","R","B",null,"M","M","$","M","M","R","?","?","T","M","M","R","M","M"],"character_chosen":"DEFECT","items_purchased":["Capacitor","Thunder Strike","Secret Weapon","Leap","Defragment","Loop","Electrodynamics"],"campfire_rested":3,"item_purchase_floors":[4,12,12,21,22,31,37],"current_hp_per_floor":[75,72,72,72,72,72,66,59,59,59,45,45,45,45,45,15,75,68,68,68,68,68,68,68,68,68,54,54,30,25,25,47,9,75,65,65,65,20,13,35,35,35,35,35,17,39,7,7],"gold":156,"neow_bonus":"THREE_CARDS","is_prod":false,"is_daily":false,"chose_seed":false,"campfire_upgraded":6,"win_rate":0,"timestamp":1554911754,"path_taken":["M","M","M","$","?","R","M","M","T","R","M","$","?","M","R","BOSS","M","?","?","?","$","R","?","R","T","M","R","M","M","$","R","BOSS","M","M","$","M","M","R","?","?","T","M","M","R","?","M"],"build_version":"2019-01-23","purchased_purges":1,"victory":false,"max_hp_per_floor":[75,75,75,75,75,75,75,75,75,75,75,75,75,75,75,75,75,75,75,75,75,75,75,75,75,75,75,75,75,75,75,75,75,75,75,75,75,75,75,75,75,75,75,75,75,75,75,75],"card_choices":[{"not_picked":["Rebound","Barrage"],"picked":"Conserve Battery","floor":0},{"not_picked":["Fusion","Double Energy"],"picked":"Hologram","floor":1},{"not_picked":["Barrage","Skim"],"picked":"Conserve Battery","floor":2},{"not_picked":["Turbo","Coolheaded"],"picked":"Ball Lightning","floor":3},{"not_picked":["Turbo","Gash"],"picked":"Sweeping Beam","floor":7},{"not_picked":["Turbo","Auto Shields"],"picked":"FTL","floor":8},{"not_picked":["Leap","Turbo"],"picked":"Tempest","floor":11},{"not_picked":["Rip and Tear","Auto Shields"],"picked":"Chill","floor":14},{"not_picked":["Buffer","Core Surge"],"picked":"Amplify","floor":16},{"not_picked":["Streamline","Loop"],"picked":"Aggregate+1","floor":18},{"not_picked":["Go for the Eyes","Barrage"],"picked":"Streamline+1","floor":27},{"not_picked":["Sweeping Beam","Ball Lightning"],"picked":"Glacier+1","floor":29},{"not_picked":["Conserve Battery","Rebound"],"picked":"Force Field","floor":30},{"not_picked":["All For One","Meteor Strike"],"picked":"Reboot","floor":33},{"not_picked":["Reprogram","White Noise+1"],"picked":"Sunder","floor":35},{"not_picked":["Glacier+1","Scrape"],"picked":"Consume+1","floor":38},{"not_picked":["Ball Lightning","Hologram"],"picked":"Go for the Eyes","floor":39},{"not_picked":["Rebound+1","Hello World"],"picked":"Leap","floor":44},{"not_picked":["Cold Snap","Streamline"],"picked":"Barrage","floor":45},{"not_picked":["Stack","Rebound","Leap"],"picked":"SKIP","floor":47}],"player_experience":959039,"relics_obtained":[],"event_choices":[{"damage_healed":0,"gold_gain":175,"player_choice":"AGREE","damage_taken":0,"max_hp_gain":0,"max_hp_loss":0,"event_name":"Liars Game","floor":5,"gold_loss":0,"cards_obtained":["Doubt"]},{"damage_healed":0,"gold_gain":0,"player_choice":"Ignored","damage_taken":0,"max_hp_gain":0,"max_hp_loss":0,"event_name":"Golden Idol","floor":13,"gold_loss":0},{"damage_healed":0,"gold_gain":0,"cards_transformed":["Strike_B","Strike_B"],"player_choice":"Became Test Subject","damage_taken":0,"max_hp_gain":0,"max_hp_loss":0,"event_name":"Drug Dealer","floor":19,"gold_loss":0,"cards_obtained":["Darkness","Biased Cognition"]},{"damage_healed":0,"gold_gain":0,"player_choice":"Read","damage_taken":0,"max_hp_gain":0,"max_hp_loss":0,"event_name":"The Library","floor":24,"gold_loss":0,"cards_obtained":["Self Repair"]},{"damage_healed":0,"gold_gain":0,"player_choice":"Ignored","damage_taken":0,"max_hp_gain":0,"max_hp_loss":0,"event_name":"Mysterious Sphere","floor":41,"gold_loss":0},{"damage_healed":0,"gold_gain":0,"player_choice":"Upgraded","damage_taken":0,"max_hp_gain":0,"max_hp_loss":0,"event_name":"Upgrade Shrine","floor":42,"gold_loss":0,"cards_upgraded":["Sunder"]}],"is_beta":false,"boss_relics":[{"not_picked":["White Beast Statue","Nuclear Battery","Pandora\u0027s Box"]},{"not_picked":["Black Star","Runic Pyramid","FrozenCore"]}],"items_purged_floors":[12],"is_endless":false,"potions_floor_spawned":[1,3,7,18,33,35,44,45,47],"killed_by":"4 Shapes","ascension_level":0}