{"gold_per_floor":[116,116,116,116,130,130,153,173,198,242,256,281,321,98,98,221,221,241,62,56,56,56,87,87,98,124,156,156,167,194,212,212,311,311,325,341,341,361,361,361,371,371,440,452,70,120,120,45,45,45],"floor_reached":51,"playtime":4586,"items_purged":["Injury","Strike_G"],"score":647,"play_id":"77e75205-da58-4b75-93e4-1972fdca188e","local_time":"20190206002732","is_ascension_mode":false,"campfire_choices":[{"data":"Caltrops","floor":6,"key":"SMITH"},{"floor":15,"key":"REST"},{"floor":24,"key":"REST"},{"floor":28,"key":"REST"},{"data":"Noxious Fumes","floor":32,"key":"SMITH"},{"floor":40,"key":"REST"},{"data":"Caltrops","floor":42,"key":"SMITH"},{"floor":47,"key":"REST"},{"data":"Neutralize","floor":49,"key":"SMITH"}],"neow_cost":"NONE","seed_source_timestamp":176848051241534,"circlet_count":0,"master_deck":["Defend_G+1","Defend_G","Defend_G","Defend_G+1","Defend_G","Strike_G","Survivor","Neutralize+1","Noxious Fumes+1","Caltrops+1","Prepared","Dodge and Roll","Noxious Fumes+1","Leg Sweep","Venomology","Masterful Stab+1","Underhanded Strike+1","Flechettes+1","Escape Plan+1","Caltrops+1","Bane","Infinite Blades+1","Prepared","Die Die Die","Bane+1","Prepared","Blade Dance+1","Sadistic Nature","Backflip+1"],"relics":["Ring of the Serpent","NeowsBlessing","Bloody Idol","Orichalcum","Regal Pillow","Letter Opener","Astrolabe","Pen Nib","Lantern","Anchor","Oddly Smooth Stone","Ninja Scroll","War Paint","Nunchaku"],"potions_floor_usage":[8,11,11,13,16,18,23,25,25,27,27,27,31,33,33,33,36,38,38,46,50,50,50],"damage_taken":[{"damage":0,"enemies":"Small Slimes","floor":1,"turns":1},{"damage":0,"enemies":"2 Louse","floor":5,"turns":1},{"damage":0,"enemies":"Cultist","floor":7,"turns":1},{"damage":9,"enemies":"Lots of Slimes","floor":8,"turns":4},{"damage":16,"enemies":"Gremlin Nob","floor":10,"turns":5},{"damage":9,"enemies":"Large Slime","floor":11,"turns":6},{"damage":2,"enemies":"Blue Slaver","floor":12,"turns":4},{"damage":10,"enemies":"3 Sentries","floor":13,"turns":6},{"damage":18,"enemies":"Hexaghost","floor":16,"turns":9},{"damage":4,"enemies":"Chosen","floor":18,"turns":5},{"damage":15,"enemies":"2 Thieves","floor":20,"turns":4},{"damage":37,"enemies":"Gremlin Leader","floor":23,"turns":9},{"damage":8,"enemies":"Centurion and Healer","floor":25,"turns":5},{"damage":22,"enemies":"Slavers","floor":27,"turns":3},{"damage":12,"enemies":"Chosen and Byrds","floor":29,"turns":6},{"damage":16,"enemies":"Shelled Parasite and Fungi","floor":31,"turns":4},{"damage":41,"enemies":"Champ","floor":33,"turns":11},{"damage":1,"enemies":"Orb Walker","floor":35,"turns":2},{"damage":13,"enemies":"3 Shapes","floor":36,"turns":4},{"damage":24,"enemies":"Writhing Mass","floor":38,"turns":4},{"damage":22,"enemies":"Sphere and 2 Shapes","floor":41,"turns":4},{"damage":6,"enemies":"4 Shapes","floor":44,"turns":6},{"damage":26,"enemies":"2 Orb Walkers","floor":46,"turns":4},{"damage":69,"enemies":"Awakened One","floor":50,"turns":14}],"seed_played":"-5574878363870139581","potions_obtained":[{"floor":4,"key":"SkillPotion"},{"floor":4,"key":"AttackPotion"},{"floor":4,"key":"FearPotion"},{"floor":10,"key":"Swift Potion"},{"floor":11,"key":"Poison Potion"},{"floor":12,"key":"SpeedPotion"},{"floor":16,"key":"Poison Potion"},{"floor":23,"key":"Fire Potion"},{"floor":25,"key":"Explosive Potion"},{"floor":27,"key":"Swift Potion"},{"floor":38,"key":"SneckoOil"},{"floor":46,"key":"EssenceOfSteel"}],"is_trial":false,"path_per_floor":["M","?","?","?","M","R","M","M","T","E","M","M","E","$","R","B",null,"M","$","M","$","?","E","R","M","T","E","R","M","T","M","R","B",null,"M","M","?","M","?","R","M","R","T","M","$","?","R","$","R","B",null],"character_chosen":"THE_SILENT","items_purchased":["Noxious Fumes","Leg Sweep","Caltrops","Sadistic Nature","Fire Potion","War Paint","GhostInAJar"],"campfire_rested":5,"item_purchase_floors":[14,14,19,45,45,45,48],"current_hp_per_floor":[70,70,70,70,70,70,70,61,61,45,36,34,24,24,60,42,70,66,66,51,51,51,19,55,52,57,40,70,63,68,57,57,21,70,70,62,62,43,43,70,53,53,58,57,57,36,70,70,70,1],"gold":45,"neow_bonus":"THREE_ENEMY_KILL","is_prod":false,"is_daily":false,"chose_seed":false,"campfire_upgraded":4,"win_rate":0.0,"timestamp":1549434452,"path_taken":["M","?","?","?","?","R","M","M","T","E","M","M","E","$","R","BOSS","M","$","M","?","?","E","R","M","T","E","R","M","?","?","R","BOSS","M","M","?","M","?","R","?","R","T","M","$","?","R","$","R","BOSS"],"build_version":"2019-01-23","purchased_purges":2,"victory":true,"max_hp_per_floor":[70,70,70,70,70,70,70,70,70,70,70,70,70,70,70,70,70,70,70,70,70,70,70,70,70,70,70,70,70,70,70,70,70,70,70,70,70,70,70,70,70,70,70,70,70,70,70,70,70,70],"card_choices":[{"not_picked":["Deadly Poison","Crippling Poison"],"picked":"Noxious Fumes","floor":1},{"not_picked":["Heel Hook","Tactician"],"picked":"Caltrops","floor":5},{"not_picked":["Flechettes","Blade Dance"],"picked":"Footwork","floor":7},{"not_picked":["Heel Hook","Dash","Quick Slash"],"picked":"SKIP","floor":8},{"not_picked":["Acrobatics","Flying Knee"],"picked":"Prepared","floor":10},{"not_picked":["Terror","All Out Attack","Quick Slash"],"picked":"SKIP","floor":11},{"not_picked":["Flying Knee","Outmaneuver"],"picked":"Dodge and Roll","floor":12},{"not_picked":["Flechettes","Dagger Throw","Acrobatics"],"picked":"SKIP","floor":13},{"not_picked":["Phantasmal Killer","Malaise"],"picked":"Venomology","floor":16},{"not_picked":["Poisoned Stab","Skewer+1"],"picked":"Escape Plan+1","floor":18},{"not_picked":["Poisoned Stab+1","Quick Slash"],"picked":"Bane","floor":20},{"not_picked":["Outmaneuver+1","Terror"],"picked":"Infinite Blades+1","floor":23},{"not_picked":["Leg Sweep","Sucker Punch","Deflect"],"picked":"SKIP","floor":25},{"not_picked":["PiercingWail","Blade Dance","Riddle With Holes"],"picked":"SKIP","floor":27},{"not_picked":["Dash","Dagger Throw"],"picked":"Prepared","floor":29},{"not_picked":["Masterful Stab","Quick Slash"],"picked":"Die Die Die","floor":31},{"not_picked":["Eviscerate+1","PiercingWail"],"picked":"Bane+1","floor":35},{"not_picked":["Slice+1","Well Laid Plans","Underhanded Strike+1"],"picked":"SKIP","floor":36},{"not_picked":["Eviscerate+1","Backflip","PiercingWail+1"],"picked":"SKIP","floor":38},{"not_picked":["All Out Attack","Wraith Form v2"],"picked":"Prepared","floor":41},{"not_picked":["Dagger Spray","Poisoned Stab+1"],"picked":"Blade Dance+1","floor":44},{"not_picked":["Acrobatics","Dagger Spray+1"],"picked":"Backflip+1","floor":46}],"player_experience":81109,"relics_obtained":[{"floor":9,"key":"Orichalcum"},{"floor":10,"key":"Regal Pillow"},{"floor":13,"key":"Letter Opener"},{"floor":23,"key":"Pen Nib"},{"floor":26,"key":"Lantern"},{"floor":27,"key":"Anchor"},{"floor":30,"key":"Oddly Smooth Stone"},{"floor":43,"key":"Ninja Scroll"},{"floor":46,"key":"Nunchaku"}],"event_choices":[{"damage_healed":0,"gold_gain":0,"player_choice":"Grow","damage_taken":0,"max_hp_gain":0,"max_hp_loss":0,"event_name":"Living Wall","floor":2,"gold_loss":0,"cards_upgraded":["Noxious Fumes"]},{"damage_healed":0,"gold_gain":0,"player_choice":"Take Wound","damage_taken":0,"relics_obtained":["Golden Idol"],"max_hp_gain":0,"max_hp_loss":0,"event_name":"Golden Idol","floor":3,"gold_loss":0,"cards_obtained":["Injury"]},{"damage_healed":0,"gold_gain":0,"player_choice":"Got Potions","damage_taken":0,"max_hp_gain":0,"max_hp_loss":0,"event_name":"Lab","floor":4,"gold_loss":0},{"damage_healed":0,"gold_gain":0,"player_choice":"Gave Idol","damage_taken":0,"relics_obtained":["Bloody Idol"],"max_hp_gain":0,"max_hp_loss":0,"event_name":"Forgotten Altar","floor":22,"relics_lost":["Golden Idol"],"gold_loss":0},{"cards_removed":["Footwork"],"damage_healed":0,"gold_gain":0,"player_choice":"Removed Power","damage_taken":0,"max_hp_gain":0,"max_hp_loss":0,"event_name":"Falling","floor":37,"gold_loss":0},{"damage_healed":0,"gold_gain":0,"player_choice":"Ignored","damage_taken":0,"max_hp_gain":0,"max_hp_loss":0,"event_name":"SecretPortal","floor":39,"gold_loss":0},{"damage_healed":0,"gold_gain":0,"player_choice":"Fight","damage_taken":0,"max_hp_gain":0,"max_hp_loss":0,"event_name":"Mysterious Sphere","floor":46,"gold_loss":0}],"is_beta":false,"boss_relics":[{"not_picked":["Runic Dome","Philosopher\u0027s Stone"],"picked":"Astrolabe"},{"not_picked":["Sozu","Snecko Eye"],"picked":"Ring of the Serpent"}],"items_purged_floors":[14,19],"is_endless":false,"potions_floor_spawned":[5,7,10,11,12,16,23,25,27,31,38,46],"ascension_level":0}