{"gold_per_floor":[118,136,136,149,149,149,1,1,73,107,107,124,139,39,39,143,143,158,8,26,46,61,61,61,61,109,141,141,166,185,185,185,283,283,297,116,129,129,129],"floor_reached":39,"playtime":9037,"items_purged":["Strike_G","Strike_G"],"score":549,"play_id":"4fe86e7e-4172-4c89-816c-0024f223b58a","local_time":"20190408010013","is_ascension_mode":true,"campfire_choices":[{"data":"Poisoned Stab","floor":6.0,"key":"SMITH"},{"data":"Neutralize","floor":8.0,"key":"SMITH"},{"floor":11,"key":"REST"},{"floor":15,"key":"REST"},{"floor":23,"key":"REST"},{"data":"Deadly Poison","floor":25,"key":"SMITH"},{"floor":32,"key":"REST"}],"neow_cost":"NONE","seed_source_timestamp":0,"circlet_count":0,"master_deck":["Defend_G","Defend_G","Defend_G","Survivor","Neutralize+1","Terror+1","PiercingWail+1","Bane","Poisoned Stab+1","Well Laid Plans","Bouncing Flask","Deadly Poison+1","Blur","A Thousand Cuts","Poisoned Stab+1","Backstab+1","Acrobatics+1","Infinite Blades+1","Bite","Bite","Bite","Bite","Footwork","Die Die Die","Masterful Stab+1","A Thousand Cuts+1","Impatience+1","Noxious Fumes+1","Backflip+1"],"special_seed":0,"relics":["Ring of the Snake","War Paint","Matryoshka","Centennial Puzzle","Sozu","Snake Skull","Potion Belt","Bag of Marbles","Singing Bowl","Vajra","Frozen Egg 2","Astrolabe","Strawberry","Smiling Mask"],"potions_floor_usage":[21,27],"damage_taken":[{"damage":11.0,"enemies":"Small Slimes","floor":1.0,"turns":5.0},{"damage":1.0,"enemies":"2 Louse","floor":2.0,"turns":4.0},{"damage":3.0,"enemies":"Jaw Worm","floor":4.0,"turns":5.0},{"damage":22.0,"enemies":"Gremlin Nob","floor":10.0,"turns":4.0},{"damage":17,"enemies":"Gremlin Gang","floor":12,"turns":6},{"damage":2,"enemies":"Blue Slaver","floor":13,"turns":3},{"damage":5,"enemies":"The Guardian","floor":16,"turns":8},{"damage":1,"enemies":"Chosen","floor":18,"turns":5},{"damage":1,"enemies":"3 Byrds","floor":20,"turns":3},{"damage":12,"enemies":"Snake Plant","floor":21,"turns":4},{"damage":30,"enemies":"Centurion and Healer","floor":22,"turns":5},{"damage":6,"enemies":"Slavers","floor":27,"turns":6},{"damage":21,"enemies":"Gremlin Leader","floor":29,"turns":7},{"damage":15,"enemies":"3 Cultists","floor":30,"turns":4},{"damage":86,"enemies":"Champ","floor":33,"turns":10},{"damage":47,"enemies":"3 Darklings","floor":35,"turns":4},{"damage":10,"enemies":"3 Shapes","floor":37,"turns":3},{"damage":31,"enemies":"Spire Growth","floor":39,"turns":3}],"seed_played":"-7950851616900846364","potions_obtained":[{"floor":2.0,"key":"FearPotion"},{"floor":4.0,"key":"SpeedPotion"},{"floor":13,"key":"FairyPotion"},{"floor":16,"key":"Block Potion"}],"is_trial":false,"path_per_floor":["M","M","?","M","?","R","$","R","T","E","R","M","M","$","R","B",null,"M","$","M","M","M","R","$","R","T","E","?","E","M","T","R","B",null,"M","$","M","?","M"],"character_chosen":"THE_SILENT","items_purchased":["Well Laid Plans","Snake Skull","Noxious Fumes+1","Strawberry"],"campfire_rested":4,"item_purchase_floors":[7,19,36,36],"current_hp_per_floor":[59,58,58,55,52,52,52,52,52,30,51,34,32,32,53,48,65,64,64,63,51,21,42,42,42,42,36,36,31,28,28,49,13,57,20,27,21,21,0],"gold":129,"neow_bonus":"THREE_CARDS","is_prod":false,"is_daily":false,"chose_seed":false,"campfire_upgraded":3,"win_rate":0,"timestamp":1554678013,"path_taken":["M","M","?","M","?","R","$","R","T","E","R","M","M","?","R","BOSS","M","$","M","?","M","R","$","R","T","E","?","E","M","?","R","BOSS","M","$","M","?","M"],"build_version":"2019-01-23","purchased_purges":2,"victory":false,"max_hp_per_floor":[70,70,70,70,70,70,70,70,70,70,70,70,70,70,70,70,70,70,70,70,70,70,70,70,70,70,70,70,70,72,72,72,72,72,74,81,81,81,81],"card_choices":[{"not_picked":["Reflex","Bane"],"picked":"Terror","floor":0.0},{"not_picked":["Underhanded Strike","Setup"],"picked":"PiercingWail","floor":1.0},{"not_picked":["Sucker Punch","Underhanded Strike"],"picked":"Bane","floor":2.0},{"not_picked":["Deflect","Dagger Throw"],"picked":"Poisoned Stab","floor":4.0},{"not_picked":["Dagger Throw","Calculated Gamble"],"picked":"Bouncing Flask","floor":10.0},{"not_picked":["Well Laid Plans","Doppelganger"],"picked":"Deadly Poison","floor":12},{"not_picked":["Concentrate","Blur","Heel Hook"],"picked":"SKIP","floor":13},{"not_picked":["Concentrate","Heel Hook"],"picked":"Blur","floor":13},{"not_picked":["Envenom","Doppelganger"],"picked":"A Thousand Cuts","floor":16},{"not_picked":["Backflip","Reflex"],"picked":"Poisoned Stab+1","floor":18},{"not_picked":["Acrobatics","Dodge and Roll"],"picked":"Backstab+1","floor":20},{"not_picked":["Predator","Cloak And Dagger+1"],"picked":"Acrobatics+1","floor":21},{"not_picked":["Quick Slash+1","Dodge and Roll","Dagger Throw"],"picked":"SKIP","floor":22},{"not_picked":["Dodge and Roll","Heel Hook"],"picked":"Infinite Blades+1","floor":27},{"not_picked":["Infinite Blades","Eviscerate"],"picked":"Footwork","floor":29},{"not_picked":["Flying Knee","Calculated Gamble","Dagger Throw"],"picked":"Singing Bowl","floor":30},{"not_picked":["Bullet Time","Corpse Explosion"],"picked":"Die Die Die","floor":33},{"not_picked":["Dagger Throw","Concentrate+1","Deflect"],"picked":"Singing Bowl","floor":35},{"not_picked":["Choke","Dagger Throw+1"],"picked":"Backflip+1","floor":37}],"player_experience":569325,"relics_obtained":[{"floor":9.0,"key":"Matryoshka"},{"floor":10.0,"key":"Centennial Puzzle"},{"floor":26,"key":"Potion Belt"},{"floor":26,"key":"Bag of Marbles"},{"floor":27,"key":"Blood Vial"},{"floor":29,"key":"Singing Bowl"},{"floor":31,"key":"Vajra"},{"floor":31,"key":"Frozen Egg 2"}],"event_choices":[{"damage_healed":0.0,"max_hp_gain":0.0,"max_hp_loss":0.0,"gold_gain":0.0,"cards_transformed":["Strike_G"],"event_name":"Living Wall","player_choice":"Change","floor":3.0,"gold_loss":0.0,"damage_taken":0.0,"cards_obtained":["Caltrops"]},{"damage_healed":0.0,"max_hp_gain":0.0,"max_hp_loss":0.0,"gold_gain":0.0,"event_name":"Scrap Ooze","player_choice":"Success","floor":5.0,"gold_loss":0.0,"damage_taken":3.0,"relics_obtained":["War Paint"]},{"damage_healed":0,"gold_gain":0,"player_choice":"Became a vampire (Vial)","damage_taken":0,"max_hp_gain":0,"max_hp_loss":0,"event_name":"Vampires","floor":28,"relics_lost":["Blood Vial"],"gold_loss":0,"cards_obtained":["Bite","Bite","Bite","Bite","Bite"]},{"cards_removed":["Caltrops"],"damage_healed":0,"gold_gain":0,"player_choice":"Gave Card","damage_taken":0,"relics_obtained":["Smiling Mask"],"max_hp_gain":0,"max_hp_loss":0,"event_name":"WeMeetAgain","floor":38,"gold_loss":0}],"is_beta":false,"boss_relics":[{"not_picked":["Pandora\u0027s Box","Empty Cage"],"picked":"Sozu"},{"not_picked":["Coffee Dripper","Calling Bell"],"picked":"Astrolabe"}],"items_purged_floors":[7,14],"is_endless":false,"potions_floor_spawned":[2,4,13,16,18,20,27,33,35,37],"killed_by":"Spire Growth","ascension_level":5}