{"gold_per_floor":[112,112,128,141,158,158,177,177,177,177,197,197,207,235,235,336,336,352,371,158,158,173,173,173,173,173,173,190,190,190,208,208,305,305,322,141,0,20,32,32,32,48,48,48,21,21,35,47,47,47],"floor_reached":50,"playtime":4078,"items_purged":["Strike_B","Strike_B"],"score":446,"play_id":"20197b6c-1e75-416a-b504-97c84c1e8478","local_time":"20180710223847","is_ascension_mode":false,"campfire_choices":[{"data":"Dualcast","floor":6,"key":"SMITH"},{"data":"Zap","floor":8,"key":"SMITH"},{"data":"Sweeping Beam","floor":12,"key":"SMITH"},{"floor":15,"key":"REST"},{"floor":23,"key":"REST"},{"data":"Go for the Eyes","floor":30,"key":"SMITH"},{"floor":32,"key":"REST"},{"data":"Tempest","floor":40,"key":"SMITH"},{"data":"Defend_B","floor":44,"key":"SMITH"},{"floor":49,"key":"REST"}],"neow_cost":"","seed_source_timestamp":1037397803601109,"circlet_count":0,"master_deck":["Defend_B+1","Defend_B","Defend_B","Defend_B","Zap+1","Dualcast+1","Tempest+1","Sweeping Beam+1","Barrage","Doom and Gloom","Go for the Eyes+1","Steam+1","Auto Shields+1","Skim+1","Seek+1","Redo+1","Leap+1","Multi-Cast+1","Leap+1","Reprogram+1","Redo+1","Multi-Cast+1","Double Energy+1","BootSequence+1","Loop+1","Conserve Battery+1","Hologram+1","Conserve Battery+1","Rip and Tear","Rainbow+1"],"relics":["Cracked Core","Toxic Egg 2","NlothsMask","Juzu Bracelet","Sozu","Ginger","Nilry\u0027s Codex","Eternal Feather","Red Mask","Bag of Preparation"],"potions_floor_usage":[13,33,50,50],"damage_taken":[{"damage":3,"enemies":"Small Slimes","floor":1,"turns":3},{"damage":0,"enemies":"2 Louse","floor":3,"turns":2},{"damage":6,"enemies":"Jaw Worm","floor":4,"turns":4},{"damage":6,"enemies":"Red Slaver","floor":5,"turns":3},{"damage":15,"enemies":"Looter","floor":7,"turns":3},{"damage":7,"enemies":"Gremlin Gang","floor":11,"turns":3},{"damage":8,"enemies":"Exordium Thugs","floor":13,"turns":4},{"damage":14,"enemies":"Gremlin Nob","floor":14,"turns":4},{"damage":21,"enemies":"The Guardian","floor":16,"turns":10},{"damage":16,"enemies":"Spheric Guardian","floor":18,"turns":4},{"damage":12,"enemies":"Shell Parasite","floor":19,"turns":3},{"damage":3,"enemies":"Cultist and Chosen","floor":22,"turns":5},{"damage":9,"enemies":"Centurion and Healer","floor":28,"turns":8},{"damage":8,"enemies":"Chosen and Byrds","floor":31,"turns":8},{"damage":52,"enemies":"Champ","floor":33,"turns":9},{"damage":0,"enemies":"Orb Walker","floor":35,"turns":2},{"damage":0,"enemies":"3 Shapes","floor":38,"turns":3},{"damage":1,"enemies":"3 Darklings","floor":39,"turns":6},{"damage":13,"enemies":"4 Shapes","floor":42,"turns":6},{"damage":16,"enemies":"Maw","floor":47,"turns":7},{"damage":23,"enemies":"3 Darklings","floor":48,"turns":6},{"damage":86,"enemies":"Awakened One","floor":50,"turns":18}],"seed_played":"-95477549096872519","potions_obtained":[{"floor":1,"key":"Regen Potion"},{"floor":5,"key":"GamblersBrew"},{"floor":7,"key":"Weak Potion"},{"floor":14,"key":"Energy Potion"},{"floor":16,"key":"Ancient Potion"}],"is_trial":false,"path_per_floor":["M","?","M","M","M","R","M","R","T","?","M","R","M","E","R","B",null,"M","M","$","?","M","R","?","?","T","?","M","?","R","M","R","B",null,"M","$","?","M","M","R","$","M","T","R","$","?","M","M","R"],"character_chosen":"DEFECT","items_purchased":["Multi-Cast+1","BootSequence+1","Conserve Battery+1"],"campfire_rested":4,"item_purchase_floors":[20,36,45],"current_hp_per_floor":[72,65,65,59,53,53,38,38,38,38,31,31,35,21,43,22,75,59,47,47,33,30,54,54,54,54,38,29,55,55,47,71,19,80,80,80,80,80,79,80,80,74,74,80,80,80,64,41,77,0],"gold":47,"neow_bonus":"","is_prod":false,"is_daily":false,"chose_seed":false,"campfire_upgraded":6,"win_rate":0.0,"timestamp":1531233527,"path_taken":["M","?","M","M","M","R","M","R","T","?","M","R","?","E","R","BOSS","M","M","$","?","M","R","?","?","T","?","M","?","R","M","R","BOSS","M","$","?","M","M","R","$","M","T","R","$","?","M","M","R","BOSS"],"build_version":"2018-07-05","purchased_purges":2,"victory":false,"max_hp_per_floor":[75,75,75,75,75,75,75,75,75,75,75,75,75,75,75,75,75,75,75,75,80,80,80,80,80,80,80,80,80,80,80,80,80,80,80,80,80,80,80,80,80,80,80,80,80,80,80,80,80,80],"card_choices":[{"not_picked":["White Noise","Go for the Eyes"],"picked":"Tempest","floor":1},{"not_picked":["Tempest","Consume"],"picked":"Sweeping Beam","floor":3},{"not_picked":["Sweeping Beam","Skim"],"picked":"Barrage","floor":4},{"not_picked":["Fusion","Streamline"],"picked":"Doom and Gloom","floor":5},{"not_picked":["Steam","Leap"],"picked":"Go for the Eyes","floor":7},{"not_picked":["Biased Cognition","Stack+1"],"picked":"Steam+1","floor":11},{"not_picked":["Steam+1","Beam Cell"],"picked":"Auto Shields+1","floor":13},{"not_picked":["Streamline","Go for the Eyes"],"picked":"Skim+1","floor":14},{"not_picked":["Biased Cognition","Machine Learning"],"picked":"Seek+1","floor":16},{"not_picked":["Hologram+1","Beam Cell+1"],"picked":"Redo+1","floor":18},{"not_picked":["Ball Lightning","Lockon+1"],"picked":"Leap+1","floor":19},{"not_picked":["Gash","Steam+1"],"picked":"Leap+1","floor":22},{"not_picked":["Steam Power+1","Steam+1"],"picked":"Reprogram+1","floor":28},{"not_picked":["Sweeping Beam","Streamline"],"picked":"Redo+1","floor":31},{"not_picked":["Machine Learning","Seek+1"],"picked":"Multi-Cast+1","floor":33},{"not_picked":["Compile Driver+1","Barrage"],"picked":"Double Energy+1","floor":35},{"not_picked":["Coolheaded+1","Barrage"],"picked":"Loop+1","floor":38},{"not_picked":["Compile Driver","Sweeping Beam"],"picked":"Conserve Battery+1","floor":39},{"not_picked":["Coolheaded+1","Self Repair"],"picked":"Hologram+1","floor":42},{"not_picked":["Auto Shields+1","Go for the Eyes+1"],"picked":"Rainbow+1","floor":47},{"not_picked":["Barrage","Consume+1","Sweeping Beam"],"picked":"SKIP","floor":48}],"player_experience":666050,"relics_obtained":[{"floor":9,"key":"Toxic Egg 2"},{"floor":14,"key":"Juzu Bracelet"},{"floor":27,"key":"Nilry\u0027s Codex"},{"floor":43,"key":"Bag of Preparation"}],"event_choices":[{"event_name":"Golden Wing","player_choice":"Card Removal","floor":2,"damage_taken":0},{"event_name":"FaceTrader","player_choice":"Trade","floor":10,"damage_taken":0},{"event_name":"Forgotten Altar","player_choice":"Shed Blood","floor":21,"damage_taken":0},{"event_name":"The Mausoleum","player_choice":"Yes","floor":24,"damage_taken":0},{"event_name":"Drug Dealer","player_choice":"Ignored","floor":25,"damage_taken":0},{"event_name":"Cursed Tome","player_choice":"Obtained Book","floor":27,"damage_taken":0},{"event_name":"The Library","player_choice":"Heal","floor":29,"damage_taken":0},{"event_name":"Tomb of Lord Red Mask","player_choice":"Paid","floor":37,"damage_taken":0},{"event_name":"Transmorgrifier","player_choice":"Transform","floor":46,"damage_taken":0}],"boss_relics":[{"not_picked":["Nuclear Battery","Orrery"],"picked":"Sozu"},{"not_picked":["Runic Pyramid","White Beast Statue"],"picked":"Eternal Feather"}],"items_purged_floors":[20,36],"is_endless":false,"potions_floor_spawned":[1,5,7,14,16,19,28,33,38,39,47],"killed_by":"Awakened One","ascension_level":0}