{"gold_per_floor":[109,109,109,124,145,145,163,163,163,35,110,110,110,129,129,249,249,267,357,104,124,142,142,166,199,199,199,225,225,248,283,283,283],"floor_reached":33,"playtime":1501,"items_purged":["Strike_B","Strike_B"],"score":275,"play_id":"2d7aae46-465c-4f88-a3d9-9805792eb5f9","local_time":"20190317213907","is_ascension_mode":false,"campfire_choices":[{"data":"Sunder","floor":6,"key":"SMITH"},{"data":"Zap","floor":8,"key":"SMITH"},{"data":"Hologram","floor":13,"key":"SMITH"},{"data":"Dualcast","floor":15,"key":"SMITH"},{"data":"Conserve Battery","floor":23,"key":"SMITH"},{"data":"Heatsinks","floor":27,"key":"SMITH"},{"floor":29,"key":"REST"},{"data":"Darkness","floor":32,"key":"SMITH"}],"neow_cost":"NONE","seed_source_timestamp":1924943548296166,"circlet_count":0,"master_deck":["Strike_B","Strike_B+1","Defend_B+1","Defend_B","Defend_B","Defend_B","Zap+1","Dualcast+1","Hologram+1","Sunder+1","Glacier","Steam","Ball Lightning","Parasite","Leap","Core Surge","Conserve Battery+1","Barrage","Ball Lightning","Heatsinks+1","Cold Snap+1","Machine Learning","Genetic Algorithm+1","Ball Lightning+1","Rebound","Darkness+1","Cold Snap+1"],"relics":["Cracked Core","Golden Idol","Emotion Chip","Orrery","Centennial Puzzle","WingedGreaves","Cables","Regal Pillow","Mummified Hand"],"potions_floor_usage":[18,25,31,31,33],"damage_taken":[{"damage":5,"enemies":"Small Slimes","floor":1,"turns":3},{"damage":1,"enemies":"2 Louse","floor":4,"turns":3},{"damage":11,"enemies":"Jaw Worm","floor":5,"turns":3},{"damage":0,"enemies":"Exordium Thugs","floor":7,"turns":3},{"damage":0,"enemies":"Blue Slaver","floor":14,"turns":4},{"damage":27,"enemies":"Slime Boss","floor":16,"turns":9},{"damage":0,"enemies":"Chosen","floor":18,"turns":4},{"damage":4,"enemies":"2 Thieves","floor":21,"turns":4},{"damage":3,"enemies":"Sentry and Sphere","floor":22,"turns":6},{"damage":6,"enemies":"Chosen and Byrds","floor":24,"turns":6},{"damage":21,"enemies":"Slavers","floor":25,"turns":5},{"damage":9,"enemies":"Centurion and Healer","floor":30,"turns":4},{"damage":8,"enemies":"Gremlin Leader","floor":31,"turns":7},{"damage":69,"enemies":"Champ","floor":33,"turns":11}],"seed_played":"-132486670942959133","potions_obtained":[{"floor":1,"key":"GamblersBrew"},{"floor":14,"key":"Swift Potion"},{"floor":16,"key":"FocusPotion"},{"floor":18,"key":"Weak Potion"},{"floor":25,"key":"Strength Potion"}],"is_trial":false,"path_per_floor":["M","?","?","M","M","R","M","R","T","$","?","?","R","M","R","B",null,"M","?","$","M","M","R","M","E","T","R","T","R","M","E","R","B"],"character_chosen":"DEFECT","items_purchased":["Ball Lightning","Centennial Puzzle"],"campfire_rested":1,"item_purchase_floors":[10,20],"current_hp_per_floor":[77,61,41,40,29,29,29,29,29,29,18,38,38,38,38,11,82,82,66,66,62,59,59,53,32,32,32,32,71,62,54,54,0],"gold":283,"neow_bonus":"TEN_PERCENT_HP_BONUS","is_prod":false,"is_daily":false,"chose_seed":false,"campfire_upgraded":7,"win_rate":0,"timestamp":1552829947,"path_taken":["M","?","?","M","M","R","M","R","T","$","?","?","R","M","R","BOSS","M","?","?","M","M","R","M","E","T","R","?","R","?","E","R","BOSS"],"build_version":"2019-01-23","purchased_purges":2,"victory":false,"max_hp_per_floor":[82,82,82,82,82,82,82,82,82,82,82,82,82,82,82,82,82,82,82,82,82,82,82,82,82,82,82,82,82,82,82,82,82],"card_choices":[{"not_picked":["Recycle","Turbo"],"picked":"Hologram","floor":1},{"not_picked":["Loop","Force Field"],"picked":"Sunder","floor":4},{"not_picked":["Chaos","Turbo"],"picked":"Glacier","floor":5},{"not_picked":["Lockon","Heatsinks"],"picked":"Steam","floor":7},{"not_picked":["Cold Snap","Lockon"],"picked":"Leap","floor":14},{"not_picked":["Multi-Cast","Reboot"],"picked":"Core Surge","floor":16},{"not_picked":["Streamline","Cold Snap"],"picked":"Conserve Battery","floor":17},{"not_picked":["Stack","Gash"],"picked":"Barrage","floor":17},{"not_picked":["Steam","Heatsinks"],"picked":"Ball Lightning","floor":17},{"not_picked":["Stack","Sunder"],"picked":"Heatsinks","floor":17},{"not_picked":["Steam","Coolheaded"],"picked":"Cold Snap+1","floor":18},{"not_picked":["Static Discharge","Chaos"],"picked":"Machine Learning","floor":21},{"not_picked":["Steam","Gash"],"picked":"Genetic Algorithm+1","floor":22},{"not_picked":["Sweeping Beam","Gash"],"picked":"Ball Lightning+1","floor":24},{"not_picked":["Barrage","Sunder"],"picked":"Rebound","floor":25},{"not_picked":["Beam Cell","Ball Lightning"],"picked":"Darkness","floor":30},{"not_picked":["Conserve Battery","Barrage"],"picked":"Cold Snap+1","floor":31}],"player_experience":861508,"relics_obtained":[{"floor":9,"key":"Emotion Chip"},{"floor":25,"key":"WingedGreaves"},{"floor":26,"key":"Cables"},{"floor":28,"key":"Regal Pillow"},{"floor":31,"key":"Mummified Hand"}],"event_choices":[{"damage_healed":0,"gold_gain":0,"player_choice":"Entered Light","damage_taken":16,"max_hp_gain":0,"max_hp_loss":0,"event_name":"Shining Light","floor":2,"gold_loss":0,"cards_upgraded":["Strike_B","Defend_B"]},{"damage_healed":0,"gold_gain":0,"player_choice":"Take Damage","damage_taken":20,"relics_obtained":["Golden Idol"],"max_hp_gain":0,"max_hp_loss":0,"event_name":"Golden Idol","floor":3,"gold_loss":0},{"damage_healed":0,"gold_gain":75,"player_choice":"Gather Gold","damage_taken":11,"max_hp_gain":0,"max_hp_loss":0,"event_name":"World of Goop","floor":11,"gold_loss":0},{"damage_healed":20,"gold_gain":0,"player_choice":"Healed and dodged fight","damage_taken":0,"max_hp_gain":0,"max_hp_loss":0,"event_name":"Mushrooms","floor":12,"gold_loss":0,"cards_obtained":["Parasite"]},{"damage_healed":0,"gold_gain":90,"player_choice":"GOLD ","damage_taken":16,"max_hp_gain":0,"max_hp_loss":0,"event_name":"Knowing Skull","floor":19,"potions_obtained":[],"gold_loss":0,"cards_obtained":[]}],"is_beta":false,"boss_relics":[{"not_picked":["White Beast Statue","Tiny House"],"picked":"Orrery"}],"items_purged_floors":[10,20],"is_endless":false,"potions_floor_spawned":[1,14,16,18,24,25],"killed_by":"Champ","ascension_level":0}