{"gold_per_floor":[364,31,42,42,53,53,66,66,66,66,66,141,156,3,3,108,108,77,52,68,83,101,101,101],"floor_reached":24,"playtime":2508,"items_purged":[],"score":213,"play_id":"e1559fa0-1469-42f4-9481-c604381bff88","local_time":"20190214013455","is_ascension_mode":false,"campfire_choices":[{"data":"Chrysalis","floor":6,"key":"SMITH"},{"floor":8,"key":"REST"},{"data":"Pommel Strike","floor":10,"key":"SMITH"},{"floor":15,"key":"REST"},{"floor":23,"key":"REST"}],"neow_cost":"PERCENT_DAMAGE","seed_source_timestamp":81842733725300,"circlet_count":0,"master_deck":["Strike_R","Strike_R","Strike_R","Strike_R+1","Defend_R","Defend_R","Defend_R+1","Defend_R","Bash","Inflame","Spot Weakness","Chrysalis+1","Metallicize","Pommel Strike+1","Rupture","Armaments","Barricade","Thunderclap+1","Shrug It Off","Body Slam","Anger+1","Havoc+1"],"relics":["Burning Blood","PreservedInsect","Orichalcum","Cursed Key"],"potions_floor_usage":[5,22,24],"damage_taken":[{"damage":0,"enemies":"2 Louse","floor":1,"turns":3},{"damage":4,"enemies":"Small Slimes","floor":3,"turns":5},{"damage":8,"enemies":"Jaw Worm","floor":5,"turns":4},{"damage":13,"enemies":"Lots of Slimes","floor":7,"turns":6},{"damage":14,"enemies":"3 Louse","floor":13,"turns":7},{"damage":59,"enemies":"Slime Boss","floor":16,"turns":19},{"damage":42,"enemies":"2 Thieves","floor":18,"turns":5},{"damage":9,"enemies":"Shell Parasite","floor":20,"turns":10},{"damage":20,"enemies":"Centurion and Healer","floor":21,"turns":14},{"damage":22,"enemies":"Snake Plant","floor":22,"turns":6},{"damage":35,"enemies":"Slavers","floor":24,"turns":3}],"seed_played":"-1742514744848656565","potions_obtained":[{"floor":3,"key":"SpeedPotion"},{"floor":16,"key":"Swift Potion"},{"floor":18,"key":"GamblersBrew"},{"floor":22,"key":"Strength Potion"}],"is_trial":false,"path_per_floor":["M","$","M","?","M","R","M","R","T","R","?","?","M","$","R","B",null,"M","$","M","M","M","R","E"],"character_chosen":"IRONCLAD","items_purchased":["Spot Weakness","Chrysalis","Metallicize","Orichalcum","Shrug It Off"],"campfire_rested":3,"item_purchase_floors":[2,2,2,14,19],"current_hp_per_floor":[62,62,64,48,46,46,39,63,63,63,56,45,37,37,61,8,80,44,44,41,27,11,35,0],"gold":101,"neow_bonus":"TWO_FIFTY_GOLD","is_prod":false,"is_daily":false,"chose_seed":false,"campfire_upgraded":2,"win_rate":0,"timestamp":1550104495,"path_taken":["M","$","M","?","M","R","M","R","T","R","?","?","M","?","R","BOSS","M","?","M","M","?","R","E"],"build_version":"2019-01-23","purchased_purges":0,"victory":false,"max_hp_per_floor":[80,80,80,80,80,80,80,80,80,80,80,80,80,80,80,80,80,80,80,80,80,80,80,80],"card_choices":[{"not_picked":["Anger","Uppercut"],"picked":"Inflame","floor":1},{"not_picked":["Anger","Armaments"],"picked":"Pommel Strike","floor":3},{"not_picked":["Power Through","Ghostly Armor"],"picked":"Rupture","floor":5},{"not_picked":["Combust","Flame Barrier","Perfected Strike"],"picked":"SKIP","floor":7},{"not_picked":["Carnage","Power Through"],"picked":"Armaments","floor":13},{"not_picked":["Reaper","Bludgeon"],"picked":"Barricade","floor":16},{"not_picked":["Wild Strike","Cleave"],"picked":"Thunderclap+1","floor":18},{"not_picked":["Disarm","Infernal Blade"],"picked":"Body Slam","floor":20},{"not_picked":["Havoc","Perfected Strike"],"picked":"Anger+1","floor":21},{"not_picked":["Hemokinesis","Twin Strike"],"picked":"Havoc+1","floor":22}],"player_experience":91643,"relics_obtained":[{"floor":9,"key":"PreservedInsect"}],"event_choices":[{"damage_healed":0,"gold_gain":0,"player_choice":"Entered Light","damage_taken":16,"max_hp_gain":0,"max_hp_loss":0,"event_name":"Shining Light","floor":4,"gold_loss":0,"cards_upgraded":["Defend_R","Strike_R"]},{"cards_removed":["Strike_R"],"damage_healed":0,"gold_gain":0,"player_choice":"Card Removal","damage_taken":7,"max_hp_gain":0,"max_hp_loss":0,"event_name":"Golden Wing","floor":11,"gold_loss":0},{"damage_healed":0,"gold_gain":75,"player_choice":"Gather Gold","damage_taken":11,"max_hp_gain":0,"max_hp_loss":0,"event_name":"World of Goop","floor":12,"gold_loss":0}],"is_beta":false,"boss_relics":[{"not_picked":["Eternal Feather","Philosopher\u0027s Stone"],"picked":"Cursed Key"}],"items_purged_floors":[],"is_endless":false,"potions_floor_spawned":[3,16,18,22],"killed_by":"Slavers","ascension_level":0}