{"gold_per_floor":[112,125,139,154,170,170,190,190,214,93,93,104,117,135,135,239,239,254,270,283,3,3,3,21,21,47,47,64,64,75,99,99,99],"floor_reached":33,"playtime":1122,"items_purged":["Strike_B","Strike_B"],"score":245,"play_id":"b354c6fc-353b-41f5-bb7b-e9fc21faa2ad","local_time":"20190416230431","is_ascension_mode":false,"campfire_choices":[{"data":"Zap","floor":6,"key":"SMITH"},{"data":"Hyperbeam","floor":8,"key":"SMITH"},{"data":"Beam Cell","floor":11,"key":"SMITH"},{"data":"Hologram","floor":15,"key":"SMITH"},{"data":"Fission","floor":23,"key":"SMITH"},{"data":"Echo Form","floor":25,"key":"SMITH"},{"data":"Recycle","floor":29,"key":"SMITH"},{"data":"Conserve Battery","floor":32,"key":"SMITH"}],"neow_cost":"NONE","seed_source_timestamp":310446513807545,"circlet_count":0,"master_deck":["Defend_B","Defend_B","Defend_B","Zap+1","Dualcast","Hyperbeam+1","Redo","Capacitor","Sweeping Beam","Hologram+1","FTL","Conserve Battery+1","Beam Cell+1","Cold Snap","Reboot","Conserve Battery","Echo Form+1","Storm","Rebound+1","Self Repair","Defragment","Fission+1","Recycle+1","Hyperbeam","Compile Driver+1","Beam Cell+1","Go for the Eyes"],"relics":["Cracked Core"],"potions_floor_usage":[16,16,18,33,33],"damage_taken":[{"damage":0,"enemies":"Cultist","floor":1,"turns":4},{"damage":0,"enemies":"2 Louse","floor":2,"turns":1},{"damage":6,"enemies":"Jaw Worm","floor":3,"turns":2},{"damage":15,"enemies":"Exordium Wildlife","floor":4,"turns":4},{"damage":7,"enemies":"3 Louse","floor":5,"turns":2},{"damage":0,"enemies":"Looter","floor":7,"turns":3},{"damage":5,"enemies":"Exordium Thugs","floor":12,"turns":2},{"damage":0,"enemies":"Lots of Slimes","floor":13,"turns":2},{"damage":1,"enemies":"Large Slime","floor":14,"turns":3},{"damage":6,"enemies":"Hexaghost","floor":16,"turns":10},{"damage":8,"enemies":"Spheric Guardian","floor":18,"turns":4},{"damage":3,"enemies":"Chosen","floor":19,"turns":2},{"damage":0,"enemies":"3 Cultists","floor":20,"turns":3},{"damage":21,"enemies":"Snake Plant","floor":24,"turns":3},{"damage":16,"enemies":"Centurion and Healer","floor":28,"turns":3},{"damage":10,"enemies":"Chosen and Byrds","floor":30,"turns":3},{"damage":74,"enemies":"Automaton","floor":33,"turns":6}],"seed_played":"-4075240409080835009","potions_obtained":[{"floor":3,"key":"EssenceOfSteel"},{"floor":5,"key":"PowerPotion"},{"floor":12,"key":"Poison Potion"},{"floor":16,"key":"FearPotion"},{"floor":24,"key":"SteroidPotion"},{"floor":28,"key":"Fire Potion"}],"is_trial":false,"path_per_floor":["M","M","M","M","M","R","M","R","T","$","R","M","M","M","R","B",null,"M","M","M","$","?","R","M","R","T","?","M","R","M","T","R","B"],"character_chosen":"DEFECT","items_purchased":["Beam Cell","Defragment","Fission"],"campfire_rested":0,"item_purchase_floors":[10,21,21],"current_hp_per_floor":[75,75,69,54,47,47,47,47,47,47,47,42,42,41,41,35,75,67,64,64,64,64,64,57,57,57,57,48,48,38,38,38,0],"gold":99,"neow_bonus":"TRANSFORM_CARD","is_prod":false,"is_daily":false,"chose_seed":false,"campfire_upgraded":8,"win_rate":0,"timestamp":1555427071,"path_taken":["M","M","M","M","M","R","M","R","T","?","R","M","M","M","R","BOSS","M","M","M","$","?","R","M","R","T","?","M","R","?","?","R","BOSS"],"build_version":"2019-01-23","purchased_purges":2,"victory":false,"max_hp_per_floor":[75,75,75,75,75,75,75,75,75,75,75,75,75,75,75,75,75,75,75,75,75,75,75,75,75,75,75,75,75,75,75,75,75],"card_choices":[{"not_picked":["Barrage","Heatsinks"],"picked":"Redo","floor":1},{"not_picked":["Redo","Coolheaded"],"picked":"Capacitor","floor":2},{"not_picked":["Scrape","Hello World"],"picked":"Sweeping Beam","floor":3},{"not_picked":["Loop","Darkness"],"picked":"Hologram","floor":4},{"not_picked":["Reprogram","Leap"],"picked":"FTL","floor":5},{"not_picked":["Stack","Doom and Gloom"],"picked":"Conserve Battery","floor":7},{"not_picked":["Beam Cell","Static Discharge"],"picked":"Cold Snap","floor":12},{"not_picked":["Double Energy","Steam"],"picked":"Reboot","floor":13},{"not_picked":["Stack","Cold Snap"],"picked":"Conserve Battery","floor":14},{"not_picked":["Hyperbeam","Reboot"],"picked":"Echo Form","floor":16},{"not_picked":["Skim","Sweeping Beam"],"picked":"Storm","floor":18},{"not_picked":["Reprogram","Recycle"],"picked":"Rebound+1","floor":19},{"not_picked":["Rebound","Stack+1"],"picked":"Self Repair","floor":20},{"not_picked":["Stack","Gash"],"picked":"Compile Driver+1","floor":24},{"not_picked":["Tempest","Barrage"],"picked":"Beam Cell+1","floor":28},{"not_picked":["Stack","Capacitor"],"picked":"Go for the Eyes","floor":30}],"player_experience":981709,"relics_obtained":[],"event_choices":[{"damage_healed":0,"gold_gain":0,"cards_transformed":["Strike_B","Defend_B"],"player_choice":"Became Test Subject","damage_taken":0,"max_hp_gain":0,"max_hp_loss":0,"event_name":"Drug Dealer","floor":22,"gold_loss":0,"cards_obtained":["Recycle","Hyperbeam"]},{"damage_healed":0,"gold_gain":0,"player_choice":"Ignored","damage_taken":0,"max_hp_gain":0,"max_hp_loss":0,"event_name":"NoteForYourself","floor":27,"gold_loss":0}],"is_beta":false,"boss_relics":[{"not_picked":["Velvet Choker","Cursed Key","Tiny House"]}],"items_purged_floors":[10,21],"is_endless":false,"potions_floor_spawned":[3,5,12,14,16,24,28],"killed_by":"Automaton","ascension_level":0}