{"gold_per_floor":[118,128,53,53,70,90,90,90,115,115,115,130,141,316,316,417,417,428,111,111,126,126,126,160,160,185,185,185,202,202,202],"floor_reached":31,"playtime":1088,"items_purged":["Strike_B","Doubt"],"score":243,"play_id":"902af114-c5d4-496b-9d77-1b5250897dda","local_time":"20190417222205","is_ascension_mode":false,"campfire_choices":[{"data":"Zap","floor":7,"key":"SMITH"},{"data":"Redo","floor":10,"key":"SMITH"},{"data":"Recycle","floor":15,"key":"SMITH"},{"data":"Sunder","floor":23,"key":"SMITH"},{"data":"Dualcast","floor":25,"key":"SMITH"}],"neow_cost":"NONE","seed_source_timestamp":394327911362605,"circlet_count":0,"master_deck":["Strike_B","Defend_B","Defend_B","Defend_B","Defend_B","Zap+1","Dualcast+1","Leap","Beam Cell","Reprogram","Streamline+1","Redo+1","Rebound","Recycle+1","All For One","Sunder+1","Hologram","Master of Strategy","Conserve Battery","Steam Power+1","Loop"],"relics":["Cracked Core"],"potions_floor_usage":[18,24],"damage_taken":[{"damage":0,"enemies":"Jaw Worm","floor":1,"turns":3},{"damage":0,"enemies":"Small Slimes","floor":2,"turns":2},{"damage":0,"enemies":"2 Louse","floor":5,"turns":2},{"damage":7,"enemies":"Blue Slaver","floor":6,"turns":3},{"damage":13,"enemies":"Lots of Slimes","floor":12,"turns":3},{"damage":6,"enemies":"3 Louse","floor":13,"turns":2},{"damage":34,"enemies":"Slime Boss","floor":16,"turns":8},{"damage":0,"enemies":"Chosen","floor":18,"turns":4},{"damage":5,"enemies":"Spheric Guardian","floor":21,"turns":3},{"damage":46,"enemies":"Slavers","floor":24,"turns":4},{"damage":1,"enemies":"Cultist and Chosen","floor":29,"turns":4},{"damage":4,"enemies":"Colosseum Slavers","floor":30,"turns":2},{"damage":4,"enemies":"Snecko","floor":31,"turns":3}],"seed_played":"-667145287267285563","potions_obtained":[{"floor":5,"key":"FearPotion"},{"floor":6,"key":"SpeedPotion"},{"floor":13,"key":"SteroidPotion"},{"floor":16,"key":"FocusPotion"},{"floor":18,"key":"FocusPotion"}],"is_trial":false,"path_per_floor":["M","M","$","?","M","M","R","?","T","R","?","M","M","?","R","B",null,"M","$","?","M","?","R","E","R","T","?","?","M","?","M"],"character_chosen":"DEFECT","items_purchased":["Hologram","Master of Strategy"],"campfire_rested":0,"item_purchase_floors":[19,19],"current_hp_per_floor":[75,75,75,75,75,68,68,75,75,75,75,62,56,56,56,22,75,75,75,72,67,67,67,21,21,21,21,8,7,3,0],"gold":202,"neow_bonus":"TRANSFORM_CARD","is_prod":false,"is_daily":false,"chose_seed":false,"campfire_upgraded":5,"win_rate":0,"timestamp":1555510925,"path_taken":["M","M","$","?","M","M","R","?","T","R","?","M","M","?","R","BOSS","M","$","?","?","?","R","E","R","T","?","?","M","?","M"],"build_version":"2019-01-23","purchased_purges":2,"victory":false,"max_hp_per_floor":[75,75,75,75,75,75,75,75,75,75,75,75,75,75,75,75,75,75,75,72,72,72,72,72,72,72,72,77,77,77,77],"card_choices":[{"not_picked":["Barrage","Loop"],"picked":"Beam Cell","floor":1},{"not_picked":["Barrage","Scrape"],"picked":"Reprogram","floor":2},{"not_picked":["Beam Cell","Hologram"],"picked":"Streamline","floor":5},{"not_picked":["Chaos","Auto Shields"],"picked":"Redo","floor":6},{"not_picked":["Coolheaded","Redo"],"picked":"Rebound","floor":12},{"not_picked":["Beam Cell","Streamline"],"picked":"Recycle","floor":13},{"not_picked":["Creative AI","Buffer"],"picked":"All For One","floor":16},{"not_picked":["Beam Cell","Glacier"],"picked":"Sunder","floor":18},{"not_picked":["Reinforced Body","Static Discharge"],"picked":"Conserve Battery","floor":21},{"not_picked":["Static Discharge","Hello World"],"picked":"Steam Power+1","floor":24},{"not_picked":["Gash","Reprogram"],"picked":"Loop","floor":29}],"player_experience":985104,"relics_obtained":[],"event_choices":[{"damage_healed":0,"gold_gain":0,"player_choice":"Ignored","damage_taken":0,"max_hp_gain":0,"max_hp_loss":0,"event_name":"Golden Idol","floor":4,"gold_loss":0},{"damage_healed":18,"gold_gain":0,"player_choice":"Healed and dodged fight","damage_taken":0,"max_hp_gain":0,"max_hp_loss":0,"event_name":"Mushrooms","floor":8,"gold_loss":0,"cards_obtained":["Parasite"]},{"damage_healed":0,"gold_gain":0,"player_choice":"Grow","damage_taken":0,"max_hp_gain":0,"max_hp_loss":0,"event_name":"Living Wall","floor":11,"gold_loss":0,"cards_upgraded":["Streamline"]},{"damage_healed":0,"gold_gain":175,"player_choice":"AGREE","damage_taken":0,"max_hp_gain":0,"max_hp_loss":0,"event_name":"Liars Game","floor":14,"gold_loss":0,"cards_obtained":["Doubt"]},{"cards_removed":["Parasite"],"damage_healed":0,"gold_gain":0,"player_choice":"Purged","damage_taken":0,"max_hp_gain":0,"max_hp_loss":0,"event_name":"Purifier","floor":20,"gold_loss":0},{"cards_removed":["Strike_B"],"damage_healed":0,"gold_gain":0,"player_choice":"Elegance","damage_taken":0,"max_hp_gain":0,"max_hp_loss":0,"event_name":"Back to Basics","floor":22,"gold_loss":0},{"damage_healed":0,"gold_gain":0,"player_choice":"Ignored","damage_taken":0,"max_hp_gain":0,"max_hp_loss":0,"event_name":"Vampires","floor":27,"gold_loss":0},{"damage_healed":0,"gold_gain":0,"player_choice":"Shed Blood","damage_taken":18,"max_hp_gain":5,"max_hp_loss":0,"event_name":"Forgotten Altar","floor":28,"gold_loss":0},{"damage_healed":0,"gold_gain":0,"player_choice":"Fight","damage_taken":0,"max_hp_gain":0,"max_hp_loss":0,"event_name":"Colosseum","floor":30,"gold_loss":0},{"damage_healed":0,"gold_gain":0,"player_choice":"Fled From Nobs","damage_taken":0,"max_hp_gain":0,"max_hp_loss":0,"event_name":"Colosseum","floor":30,"gold_loss":0}],"is_beta":false,"boss_relics":[{"not_picked":["Calling Bell","Orrery","Fusion Hammer"]}],"items_purged_floors":[3,19],"is_endless":false,"potions_floor_spawned":[5,6,13,16,18,21],"killed_by":"Snecko","ascension_level":0}