{"gold_per_floor":[111,111,211,227,245,270,283,283,283,283,309,128,128,128,128,226,226,236,236,246,246,146,146,126,141,167,184,204,204,224,224,224,321,321,337,63,0,16,31,31,48,48,73,90,100,100,111,125,125,125],"floor_reached":51,"playtime":1224,"items_purged":["Defend_R","Defend_R+1","Defend_R+1"],"score":761,"play_id":"a5d369f4-cd40-4cb5-bdf9-534e463a971e","local_time":"20190418172232","is_ascension_mode":false,"campfire_choices":[{"floor":10,"key":"REST"},{"data":"Flex","floor":15,"key":"SMITH"},{"data":"Flex","floor":23,"key":"SMITH"},{"data":"Sword Boomerang","floor":29,"key":"SMITH"},{"floor":32,"key":"REST"},{"floor":40,"key":"REST"},{"data":"Bash","floor":42,"key":"SMITH"},{"data":"Clash","floor":46,"key":"SMITH"},{"floor":49,"key":"REST"}],"neow_cost":"NONE","seed_source_timestamp":601538125558200,"circlet_count":0,"master_deck":["Strike_R","Strike_R","Strike_R","Strike_R","Strike_R","Bash+1","Flex+1","Flex+1","Clash+1","Clash","Cleave","Sword Boomerang+1","Flex+1","Thunderclap+1"],"relics":["Burning Blood","NeowsBlessing","Self Forming Clay","Letter Opener","Singing Bowl","Ornamental Fan","Shuriken","Philosopher\u0027s Stone","Nilry\u0027s Codex","Art of War","Runic Cube","Boot","Red Mask","PreservedInsect"],"potions_floor_usage":[16,25,33,39,50,50,50],"damage_taken":[{"damage":0,"enemies":"Small Slimes","floor":1,"turns":1},{"damage":0,"enemies":"Cultist","floor":4,"turns":1},{"damage":0,"enemies":"Jaw Worm","floor":5,"turns":1},{"damage":30,"enemies":"Gremlin Nob","floor":6,"turns":5},{"damage":13,"enemies":"Exordium Thugs","floor":7,"turns":8},{"damage":16,"enemies":"Lagavulin","floor":11,"turns":6},{"damage":28,"enemies":"Hexaghost","floor":16,"turns":6},{"damage":14,"enemies":"2 Thieves","floor":18,"turns":3},{"damage":10,"enemies":"Shell Parasite","floor":20,"turns":3},{"damage":6,"enemies":"3 Cultists","floor":25,"turns":3},{"damage":0,"enemies":"Sentry and Sphere","floor":27,"turns":3},{"damage":10,"enemies":"Centurion and Healer","floor":28,"turns":3},{"damage":0,"enemies":"Snecko","floor":30,"turns":2},{"damage":35,"enemies":"Champ","floor":33,"turns":8},{"damage":12,"enemies":"Orb Walker","floor":35,"turns":3},{"damage":14,"enemies":"3 Shapes","floor":38,"turns":2},{"damage":14,"enemies":"Sphere and 2 Shapes","floor":39,"turns":1},{"damage":6,"enemies":"3 Darklings","floor":41,"turns":3},{"damage":5,"enemies":"Transient","floor":44,"turns":5},{"damage":0,"enemies":"Spire Growth","floor":45,"turns":2},{"damage":12,"enemies":"Jaw Worm Horde","floor":47,"turns":3},{"damage":12,"enemies":"Sphere and 2 Shapes","floor":48,"turns":2},{"damage":82,"enemies":"Time Eater","floor":50,"turns":6}],"seed_played":"7387498946529080083","potions_obtained":[{"floor":7,"key":"SkillPotion"},{"floor":11,"key":"Regen Potion"},{"floor":18,"key":"Swift Potion"},{"floor":24,"key":"BloodPotion"},{"floor":27,"key":"Swift Potion"},{"floor":35,"key":"FearPotion"},{"floor":44,"key":"SneckoOil"},{"floor":47,"key":"Explosive Potion"},{"floor":48,"key":"Swift Potion"}],"is_trial":false,"path_per_floor":["M","?","?","M","M","E","M","?","T","R","E","$","T","?","R","B",null,"M","?","M","?","$","R","?","M","T","M","M","R","M","?","R","B",null,"M","$","?","M","M","R","M","R","T","M","M","R","M","M","R","B",null],"character_chosen":"IRONCLAD","items_purchased":["Clash","Cleave","Boot"],"campfire_rested":4,"item_purchase_floors":[12,12,36],"current_hp_per_floor":[80,64,64,70,76,52,45,45,45,69,61,61,61,54,54,49,84,78,78,76,60,60,60,60,70,70,78,74,74,82,63,92,65,101,95,95,95,87,81,103,105,105,105,107,109,109,105,101,113,37],"gold":125,"neow_bonus":"THREE_ENEMY_KILL","is_prod":false,"is_daily":false,"chose_seed":false,"campfire_upgraded":5,"win_rate":0,"timestamp":1555600952,"path_taken":["M","?","?","M","?","E","M","?","T","R","E","$","?","?","R","BOSS","M","?","M","?","$","R","?","M","T","M","M","R","?","?","R","BOSS","M","$","?","M","M","R","M","R","T","M","M","R","M","M","R","BOSS"],"build_version":"2019-01-23","purchased_purges":3,"victory":true,"max_hp_per_floor":[80,80,80,80,80,80,80,80,80,80,82,82,82,82,82,84,84,86,86,88,88,88,88,88,90,90,92,92,92,94,99,99,101,101,101,101,101,101,103,103,105,105,105,107,109,109,111,113,113,113],"card_choices":[{"not_picked":["Armaments","Perfected Strike","Rampage"],"picked":"SKIP","floor":1},{"not_picked":["Body Slam","Rage"],"picked":"Flex","floor":4},{"not_picked":["Battle Trance","Armaments","Rupture"],"picked":"SKIP","floor":5},{"not_picked":["Corruption","Headbutt"],"picked":"Flex","floor":6},{"not_picked":["Warcry","Pummel"],"picked":"Clash","floor":7},{"not_picked":["Immolate","Hemokinesis","Evolve"],"picked":"Singing Bowl","floor":11},{"not_picked":["Reaper","Exhume","Feed"],"picked":"Singing Bowl","floor":16},{"not_picked":["Flex","Heavy Blade","Armaments"],"picked":"Singing Bowl","floor":18},{"not_picked":["Heavy Blade","Armaments","Infernal Blade"],"picked":"Singing Bowl","floor":20},{"not_picked":["Dropkick","Perfected Strike","Cleave"],"picked":"Singing Bowl","floor":25},{"not_picked":["Armaments+1","Pommel Strike","Barricade"],"picked":"Singing Bowl","floor":27},{"not_picked":["Warcry","Second Wind"],"picked":"Sword Boomerang","floor":28},{"not_picked":["Corruption","Anger+1","Feel No Pain+1"],"picked":"Singing Bowl","floor":30},{"not_picked":["Bludgeon","Double Tap","Exhume"],"picked":"Singing Bowl","floor":33},{"not_picked":["Shrug It Off+1","Headbutt"],"picked":"Flex+1","floor":35},{"not_picked":["Power Through+1","Body Slam"],"picked":"Thunderclap+1","floor":38},{"not_picked":["Hemokinesis+1","Entrench+1","Perfected Strike"],"picked":"Singing Bowl","floor":39},{"not_picked":["Sever Soul+1","Second Wind+1","Anger+1"],"picked":"Singing Bowl","floor":41},{"not_picked":["Iron Wave+1","Thunderclap","Whirlwind+1"],"picked":"Singing Bowl","floor":44},{"not_picked":["Anger+1","Headbutt","Blood for Blood"],"picked":"Singing Bowl","floor":45},{"not_picked":["Sever Soul","Metallicize","Anger"],"picked":"Singing Bowl","floor":47},{"not_picked":["Rage+1","Second Wind","Spot Weakness"],"picked":"Singing Bowl","floor":48}],"player_experience":603940,"relics_obtained":[{"floor":6,"key":"Self Forming Clay"},{"floor":9,"key":"Letter Opener"},{"floor":11,"key":"Singing Bowl"},{"floor":13,"key":"Ornamental Fan"},{"floor":21,"key":"Nilry\u0027s Codex"},{"floor":26,"key":"Art of War"},{"floor":43,"key":"PreservedInsect"}],"event_choices":[{"damage_healed":0,"gold_gain":0,"player_choice":"Entered Light","damage_taken":16,"max_hp_gain":0,"max_hp_loss":0,"event_name":"Shining Light","floor":2,"gold_loss":0,"cards_upgraded":["Defend_R","Defend_R"]},{"damage_healed":0,"gold_gain":100,"player_choice":"Pray","damage_taken":0,"max_hp_gain":0,"max_hp_loss":0,"event_name":"Golden Shrine","floor":3,"gold_loss":0},{"cards_removed":["Defend_R"],"damage_healed":0,"gold_gain":0,"player_choice":"Purged","damage_taken":0,"max_hp_gain":0,"max_hp_loss":0,"event_name":"Purifier","floor":8,"gold_loss":0},{"damage_healed":0,"gold_gain":0,"player_choice":"Success","damage_taken":7,"relics_obtained":["Shuriken"],"max_hp_gain":0,"max_hp_loss":0,"event_name":"Scrap Ooze","floor":14,"gold_loss":0},{"damage_healed":0,"gold_gain":0,"player_choice":"Ignored","damage_taken":0,"max_hp_gain":0,"max_hp_loss":0,"event_name":"Ghosts","floor":19,"gold_loss":0},{"damage_healed":0,"gold_gain":0,"player_choice":"Obtained Book","damage_taken":16,"max_hp_gain":0,"max_hp_loss":0,"event_name":"Cursed Tome","floor":21,"gold_loss":0},{"damage_healed":0,"gold_gain":0,"player_choice":"Bought 1 Potion","damage_taken":0,"max_hp_gain":0,"max_hp_loss":0,"event_name":"The Woman in Blue","floor":24,"gold_loss":0},{"damage_healed":0,"gold_gain":0,"player_choice":"Shed Blood","damage_taken":24,"max_hp_gain":5,"max_hp_loss":0,"event_name":"Forgotten Altar","floor":31,"gold_loss":0},{"damage_healed":0,"gold_gain":0,"player_choice":"Paid","damage_taken":0,"relics_obtained":["Red Mask"],"max_hp_gain":0,"max_hp_loss":0,"event_name":"Tomb of Lord Red Mask","floor":37,"gold_loss":63}],"is_beta":false,"boss_relics":[{"not_picked":["Snecko Eye","Mark of Pain"],"picked":"Philosopher\u0027s Stone"},{"not_picked":["Tiny House","Pandora\u0027s Box"],"picked":"Runic Cube"}],"items_purged_floors":[12,22,36],"is_endless":false,"potions_floor_spawned":[7,11,18,27,30,35,44,47,48],"ascension_level":0}