{"path_per_floor":["M","?","$","?","$","R","M","M","T","R","?","M","R","M","R","B",null,"M","M","$","?","M","R","M","?","T","R","T","R","?","$","R","B",null,"M","$","M","?","M","R","?","$","T","M","R","M","M","?","R"],"character_chosen":"IRONCLAD","items_purchased":["Inflame","Armaments","Body Slam","Twin Strike","Flex","Metallicize","Ghostly Armor"],"gold_per_floor":[366,366,187,187,37,37,48,61,61,61,61,81,81,94,94,194,194,207,225,77,77,94,94,108,108,188,188,188,188,188,38,38,139,139,152,129,146,146,163,163,163,5,30,41,41,59,71,71,71,71],"floor_reached":50,"campfire_rested":0,"playtime":2148,"current_hp_per_floor":[45,45,45,45,45,45,51,57,57,57,62,66,66,67,67,43,85,85,78,78,78,71,71,65,65,65,65,65,65,65,65,65,17,85,85,85,82,82,67,67,67,67,67,57,57,11,12,74,74,0],"items_purged":["Strike_R","Strike_R","Strike_R","Defend_R"],"gold":71,"score":455,"play_id":"f68ce38c-06ec-4601-ab4a-d52d92ad82ba","local_time":"20180514230612","is_prod":false,"is_daily":false,"chose_seed":false,"is_ascension_mode":false,"campfire_upgraded":11,"timestamp":1526310372,"path_taken":["M","?","?","?","$","R","M","M","T","R","?","?","R","M","R","BOSS","M","?","$","?","M","R","M","?","T","R","?","R","?","$","R","BOSS","M","$","M","?","M","R","?","$","T","M","R","M","M","?","R","BOSS"],"build_version":"2018-05-10","seed_source_timestamp":18470632194249,"purchased_purges":4,"victory":false,"master_deck":["Defend_R","Defend_R","Defend_R+1","Bash+1","Sword Boomerang","Inflame+1","Armaments+1","Sword Boomerang","Body Slam+1","Spot Weakness","Bloodletting+1","Iron Wave+1","Twin Strike","Offering+1","Whirlwind+1","Dual Wield+1","Twin Strike","Pommel Strike+1","Impervious","Twin Strike+1","Flex+1","Heavy Blade+1","Warcry+1","Metallicize+1","Ghostly Armor","Twin Strike+1","Ghostly Armor+1"],"max_hp_per_floor":[80,80,80,80,80,80,80,80,80,80,85,85,85,85,85,85,85,85,85,85,85,85,85,85,85,85,85,85,85,85,85,85,85,85,85,85,85,85,85,85,85,85,85,85,85,85,85,74,74,74],"relics":["Black Blood"],"card_choices":[{"not_picked":["Combust","Sever Soul"],"picked":"Sword Boomerang","floor":1},{"not_picked":["Combust","Clash"],"picked":"Spot Weakness","floor":7},{"not_picked":["Seeing Red","Iron Wave"],"picked":"Bloodletting","floor":8},{"not_picked":["Reckless Charge","Warcry"],"picked":"Iron Wave","floor":12},{"not_picked":["Perfected Strike","Flame Barrier"],"picked":"Twin Strike","floor":14},{"not_picked":["Dark Embrace","Demon Form"],"picked":"Offering","floor":16},{"not_picked":["True Grit","Warcry"],"picked":"Whirlwind","floor":18},{"not_picked":["Heavy Blade","Sentinel"],"picked":"Dual Wield","floor":19},{"not_picked":["Thunderclap","Headbutt"],"picked":"Pommel Strike","floor":24},{"not_picked":["Exhume","Bludgeon"],"picked":"Impervious","floor":33},{"not_picked":["Rampage","Sword Boomerang"],"picked":"Twin Strike","floor":35},{"not_picked":["Perfected Strike","Carnage"],"picked":"Heavy Blade","floor":37},{"not_picked":["Sever Soul","Rupture"],"picked":"Warcry","floor":39},{"not_picked":["Bloodletting","Fire Breathing"],"picked":"Twin Strike","floor":46},{"not_picked":["Clothesline","Dark Embrace"],"picked":"Ghostly Armor","floor":47}],"player_experience":614868,"potions_floor_usage":[33,37,39,50,50,50],"damage_taken":[{"damage":1,"enemies":"Jaw Worm","floor":1,"turns":3},{"damage":0,"enemies":"Small Slimes","floor":7,"turns":3},{"damage":0,"enemies":"Cultist","floor":8,"turns":3},{"damage":2,"enemies":"2 Fungi Beasts","floor":12,"turns":3},{"damage":5,"enemies":"Looter","floor":14,"turns":2},{"damage":30,"enemies":"Slime Boss","floor":16,"turns":5},{"damage":9,"enemies":"Spheric Guardian","floor":18,"turns":3},{"damage":17,"enemies":"Chosen","floor":19,"turns":3},{"damage":17,"enemies":"3 Cultists","floor":22,"turns":3},{"damage":16,"enemies":"Slaver and Parasite","floor":24,"turns":5},{"damage":58,"enemies":"Champ","floor":33,"turns":8},{"damage":7,"enemies":"3 Darklings","floor":35,"turns":2},{"damage":13,"enemies":"3 Shapes","floor":37,"turns":4},{"damage":25,"enemies":"Maw","floor":39,"turns":5},{"damage":20,"enemies":"4 Shapes","floor":44,"turns":4},{"damage":56,"enemies":"Sphere and 2 Shapes","floor":46,"turns":6},{"damage":9,"enemies":"3 Darklings","floor":47,"turns":2},{"damage":80,"enemies":"Time Eater","floor":50,"turns":11}],"event_choices":[{"event_name":"Golden Idol","player_choice":"Ignored","floor":2,"damage_taken":0},{"event_name":"Living Wall","player_choice":"Change","floor":4,"damage_taken":0},{"event_name":"Big Fish","player_choice":"Donut","floor":11,"damage_taken":0},{"event_name":"Addict","player_choice":"Ignored","floor":21,"damage_taken":0},{"event_name":"Cursed Tome","player_choice":"Ignored","floor":25,"damage_taken":0},{"event_name":"Purifier","player_choice":"One Purge","floor":30,"damage_taken":0},{"event_name":"Tomb of Lord Red Mask","player_choice":"Ignored","floor":38,"damage_taken":0},{"event_name":"Mysterious Sphere","player_choice":"Ignore","floor":41,"damage_taken":0},{"event_name":"The Moai Head","player_choice":"Heal","floor":48,"damage_taken":0}],"boss_relics":[{"not_picked":["Ectoplasm","Mark of Pain"],"picked":"Black Blood"},{"not_picked":["Astrolabe","Velvet Choker","Snecko Eye"]}],"potions_floor_spawned":[1,12,14,22,24,35,44,46],"seed_played":"5997474840085785486","killed_by":"Time Eater","ascension_level":0,"is_trial":false}