{"path_per_floor":["M","M","M","M","M","R","E","R","T","R","M","M","E","$","R","B",null,"M","M","?","$","?","R","M","R","T","T","M","M","R","M","R","B",null,"M","$","M","?","M","R","M","$","T","$","M","?","R","M","R"],"character_chosen":"IRONCLAD","items_purchased":["Berserk","Bottled Lightning","Inflame","True Grit"],"gold_per_floor":[118,138,154,168,181,181,211,211,257,257,269,280,340,20,20,123,123,142,160,160,85,85,85,95,95,121,145,157,177,177,188,188,291,291,301,201,212,212,232,232,242,117,117,35,48,48,48,67,67],"floor_reached":50,"campfire_rested":8,"playtime":2713,"current_hp_per_floor":[76,80,80,62,58,58,45,45,45,80,80,75,56,56,80,48,80,72,53,53,53,53,53,24,63,70,70,48,30,71,64,87,62,87,62,62,50,50,47,87,57,57,57,57,49,49,84,50,84],"items_purged":["Strike_R","Doubt","Strike_R"],"gold":67,"score":534,"play_id":"3fff331e-793f-4346-af2e-7216b0f987c3","local_time":"20180313225515","is_prod":false,"is_daily":false,"is_ascension_mode":false,"campfire_upgraded":3,"timestamp":1520952915,"path_taken":["M","M","M","M","M","R","E","R","T","R","M","M","E","$","R","BOSS","M","M","?","?","?","R","M","R","T","?","M","?","R","M","R","BOSS","M","$","M","?","M","R","M","?","T","$","M","?","R","?","R","BOSS"],"build_version":"2018-03-09","purchased_purges":3,"victory":false,"master_deck":["Strike_R","Strike_R","Strike_R","Defend_R","Defend_R","Defend_R+1","Defend_R","Bash+1","Inflame","Heavy Blade","Armaments+1","Dual Wield+1","Cleave","Seeing Red","Rupture","Berserk+1","Offering","Twin Strike+1","Seeing Red","Double Tap","Pommel Strike+1","Ghostly Armor+1","Shrug It Off","Heavy Blade","Demon Form","Flex","Double Tap+1","Rupture+1","Shrug It Off","Flex","Flex+1","Inflame","True Grit","Sword Boomerang+1","True Grit+1","Heavy Blade","Heavy Blade+1"],"max_hp_per_floor":[80,80,80,80,80,80,80,80,80,80,80,80,80,80,80,80,80,80,80,80,80,80,80,80,80,87,87,87,87,87,87,87,87,87,87,87,87,87,87,87,87,87,87,87,87,84,84,84,84],"relics":["Burning Blood","Regal Pillow","Vajra","Tiny Chest","Bottled Lightning","Velvet Choker","Strawberry","Dream Catcher","Calling Bell","Kunai","Lantern","Meat on the Bone","War Paint"],"card_choices":[{"not_picked":["Clothesline","Rage"],"picked":"Inflame"},{"not_picked":["Uppercut","True Grit"],"picked":"Heavy Blade"},{"not_picked":["Clothesline","Perfected Strike"],"picked":"Armaments"},{"not_picked":["Body Slam","True Grit"],"picked":"Dual Wield"},{"not_picked":["Anger","Body Slam"],"picked":"Cleave"},{"not_picked":["Entrench","Whirlwind"],"picked":"Seeing Red"},{"not_picked":["Anger","Wild Strike"],"picked":"Sword Boomerang"},{"not_picked":["Anger","Cleave"],"picked":"Rupture"},{"not_picked":["Exhume","Juggernaut"],"picked":"Offering"},{"not_picked":["Whirlwind","Heavy Blade"],"picked":"Twin Strike"},{"not_picked":["Havoc","Sentinel"],"picked":"Seeing Red"},{"not_picked":["Dual Wield","Heavy Blade"],"picked":"Pommel Strike"},{"not_picked":["Twin Strike","Feel No Pain"],"picked":"Ghostly Armor"},{"not_picked":["Headbutt","Twin Strike"],"picked":"Shrug It Off"},{"not_picked":["Rage","Havoc"],"picked":"Heavy Blade"},{"not_picked":["Sword Boomerang","Dropkick"],"picked":"Demon Form"},{"not_picked":["Metallicize","Wild Strike"],"picked":"Flex"},{"not_picked":["Feed","Dark Embrace"],"picked":"Double Tap"},{"not_picked":["Sword Boomerang","Perfected Strike"],"picked":"Rupture"},{"not_picked":["Barricade","Pommel Strike"],"picked":"Shrug It Off"},{"not_picked":["Metallicize","Dropkick"],"picked":"Flex"},{"not_picked":["Body Slam","Barricade"],"picked":"Flex"},{"not_picked":["Clothesline","Corruption"],"picked":"Sword Boomerang"},{"not_picked":["Rupture","Seeing Red"],"picked":"True Grit"},{"not_picked":["Shockwave","Anger"],"picked":"Heavy Blade"},{"not_picked":["Iron Wave","Body Slam"],"picked":"Heavy Blade"}],"player_experience":263722,"potions_floor_usage":[7,11,16,33,35,39,39,50,50],"damage_taken":[{"damage":10,"enemies":"Jaw Worm","floor":1,"turns":4},{"damage":1,"enemies":"Cultist","floor":2,"turns":3},{"damage":4,"enemies":"2 Louse","floor":3,"turns":4},{"damage":24,"enemies":"Lots of Slimes","floor":4,"turns":5},{"damage":10,"enemies":"3 Louse","floor":5,"turns":5},{"damage":19,"enemies":"3 Sentries","floor":7,"turns":6},{"damage":4,"enemies":"Looter","floor":11,"turns":3},{"damage":11,"enemies":"Lots of Slimes","floor":12,"turns":3},{"damage":25,"enemies":"Gremlin Nob","floor":13,"turns":4},{"damage":38,"enemies":"Slime Boss","floor":16,"turns":9},{"damage":14,"enemies":"Chosen","floor":18,"turns":3},{"damage":25,"enemies":"Spheric Guardian","floor":19,"turns":4},{"damage":35,"enemies":"Centurion and Healer","floor":24,"turns":6},{"damage":28,"enemies":"Snake Plant","floor":28,"turns":3},{"damage":24,"enemies":"3 Cultists","floor":29,"turns":5},{"damage":13,"enemies":"Snecko","floor":31,"turns":4},{"damage":31,"enemies":"Champ","floor":33,"turns":6},{"damage":31,"enemies":"3 Shapes","floor":35,"turns":6},{"damage":30,"enemies":"3 Darklings","floor":37,"turns":4},{"damage":36,"enemies":"Maw","floor":39,"turns":7},{"damage":48,"enemies":"Sphere and 2 Shapes","floor":41,"turns":7},{"damage":26,"enemies":"4 Shapes","floor":45,"turns":8},{"damage":52,"enemies":"3 Darklings","floor":48,"turns":9},{"damage":90,"enemies":"Time Eater","floor":50,"turns":8}],"event_choices":[{"event_name":"The Woman in Blue","player_choice":"Bought 0 Potions","floor":20,"damage_taken":0},{"event_name":"Match and Keep!","player_choice":"1 cards matched","floor":22,"damage_taken":0},{"event_name":"Fountain of Cleansing","player_choice":"Removed Curse","floor":46,"damage_taken":0}],"boss_relics":[{"not_picked":["Tiny House","Runic Pyramid"],"picked":"Velvet Choker"},{"not_picked":["Cursed Key","Runic Dome"],"picked":"Calling Bell"}],"potions_floor_spawned":[2,3,5,7,12,19,31,33,37,39,45,48],"seed_played":"-4379227394871437364","killed_by":"Time Eater","ascension_level":0,"is_trial":false}