{"gold_per_floor":[112,130,130,144,419,444,444,455,481,501,521,521,127,140,140,140],"floor_reached":16,"playtime":830,"items_purged":["Regret"],"score":140,"play_id":"0665a670-8dbd-44b9-b255-6faae76f0ce6","local_time":"20190409191752","is_ascension_mode":true,"campfire_choices":[{"floor":7,"key":"REST"},{"data":"Armaments","floor":12,"key":"SMITH"},{"floor":15,"key":"REST"}],"neow_cost":"NONE","seed_source_timestamp":324313807257400,"circlet_count":0,"master_deck":["Strike_R","Strike_R","Strike_R","Strike_R","Strike_R","Defend_R","Defend_R","Defend_R","Defend_R","Bash","Dark Embrace","Seeing Red+1","Clothesline","Infernal Blade","Armaments+1","Flex","Shrug It Off","Reaper","Dramatic Entrance","Metallicize"],"relics":["Burning Blood","Bronze Scales","Boot","Bag of Preparation"],"potions_floor_usage":[2,10,16],"damage_taken":[{"damage":17,"enemies":"Jaw Worm","floor":1,"turns":6},{"damage":6,"enemies":"Cultist","floor":2,"turns":4},{"damage":0,"enemies":"Small Slimes","floor":4,"turns":3},{"damage":58,"enemies":"3 Sentries","floor":6,"turns":10},{"damage":4,"enemies":"Red Slaver","floor":8,"turns":3},{"damage":18,"enemies":"Large Slime","floor":10,"turns":7},{"damage":12,"enemies":"3 Louse","floor":11,"turns":3},{"damage":0,"enemies":"Red Slaver","floor":14,"turns":3},{"damage":60,"enemies":"The Guardian","floor":16,"turns":13}],"seed_played":"4708218679121855838","potions_obtained":[{"floor":1,"key":"Fire Potion"},{"floor":4,"key":"SteroidPotion"},{"floor":11,"key":"SkillPotion"},{"floor":14,"key":"Dexterity Potion"}],"is_trial":false,"path_per_floor":["M","M","?","M","?","E","R","M","T","M","M","R","$","M","R","B"],"character_chosen":"IRONCLAD","items_purchased":["Reaper","Dramatic Entrance","Bag of Preparation"],"campfire_rested":2,"item_purchase_floors":[13,13,13],"current_hp_per_floor":[61,61,61,67,67,15,39,41,41,29,23,23,23,29,53,0],"gold":140,"neow_bonus":"ONE_RANDOM_RARE_CARD","is_prod":false,"is_daily":false,"chose_seed":false,"campfire_upgraded":1,"win_rate":0,"timestamp":1554830272,"path_taken":["M","M","?","?","?","E","R","M","T","M","M","R","$","M","R","BOSS"],"build_version":"2019-01-23","purchased_purges":1,"victory":false,"max_hp_per_floor":[80,80,80,80,80,80,80,80,80,80,80,80,80,80,80,80],"card_choices":[{"not_picked":["Armaments","Anger"],"picked":"Seeing Red","floor":1},{"not_picked":["Headbutt","Second Wind"],"picked":"Clothesline","floor":2},{"not_picked":["Sword Boomerang","Body Slam"],"picked":"Infernal Blade","floor":4},{"not_picked":["Sentinel","Clash"],"picked":"Armaments","floor":6},{"not_picked":["Clothesline","Burning Pact"],"picked":"Flex","floor":8},{"not_picked":["Intimidate","Perfected Strike"],"picked":"Shrug It Off","floor":10},{"not_picked":["Headbutt","Clash","Havoc"],"picked":"SKIP","floor":11},{"not_picked":["Heavy Blade","Dropkick"],"picked":"Metallicize","floor":14}],"player_experience":581316,"relics_obtained":[{"floor":6,"key":"Bronze Scales"},{"floor":9,"key":"Boot"}],"event_choices":[{"damage_healed":0,"gold_gain":0,"player_choice":"Upgraded","damage_taken":0,"max_hp_gain":0,"max_hp_loss":0,"event_name":"Upgrade Shrine","floor":3,"gold_loss":0,"cards_upgraded":["Seeing Red"]},{"damage_healed":0,"gold_gain":275,"player_choice":"Desecrate","damage_taken":0,"max_hp_gain":0,"max_hp_loss":0,"event_name":"Golden Shrine","floor":5,"gold_loss":0,"cards_obtained":["Regret"]}],"is_beta":false,"boss_relics":[],"items_purged_floors":[13],"is_endless":false,"potions_floor_spawned":[1,4,11,14],"killed_by":"The Guardian","ascension_level":7}