{"gold_per_floor":[116,116,178,178,143,186,198,226,261,317,352,383,395,407,419,552,564,597,13,28,28,28,63,63,63,63,63],"floor_reached":27,"playtime":1119,"items_purged":[],"score":296,"play_id":"41cf27b6-8e14-41d3-a3fe-a7c2bb9485fb","local_time":"20190319220846","is_ascension_mode":true,"campfire_choices":[{"floor":7.0,"key":"REST"},{"floor":13.0,"key":"REST"},{"data":"Demon Form","floor":15.0,"key":"SMITH"},{"floor":25,"key":"REST"}],"neow_cost":"NONE","seed_source_timestamp":69818179229196,"circlet_count":0,"master_deck":["Strike_R","Strike_R","Strike_R","Strike_R","Strike_R","Defend_R","Defend_R","Defend_R","Defend_R","Bash+1","Perfected Strike","Demon Form+1","Pommel Strike","Flame Barrier","Shrug It Off","Iron Wave+1","Shrug It Off","Apotheosis+1","Intimidate","Writhe"],"special_seed":0,"relics":["Burning Blood","Golden Idol","StoneCalendar","MawBank","Bag of Marbles","Ancient Tea Set","Lizard Tail","Juzu Bracelet","Question Card","Gremlin Horn","Darkstone Periapt","FaceOfCleric","Pantograph"],"potions_floor_usage":[23],"damage_taken":[{"damage":1.0,"enemies":"Cultist","floor":1.0,"turns":4.0},{"damage":45.0,"enemies":"3 Sentries","floor":6.0,"turns":7.0},{"damage":5.0,"enemies":"Small Slimes","floor":8.0,"turns":5.0},{"damage":30.0,"enemies":"Lagavulin","floor":10.0,"turns":5.0},{"damage":0.0,"enemies":"Jaw Worm","floor":11.0,"turns":3.0},{"damage":8.0,"enemies":"3 Louse","floor":12.0,"turns":4.0},{"damage":37.0,"enemies":"Hexaghost","floor":16.0,"turns":7.0},{"damage":24,"enemies":"Spheric Guardian","floor":18,"turns":5},{"damage":47,"enemies":"Shell Parasite","floor":20,"turns":6},{"damage":57,"enemies":"Book of Stabbing","floor":23,"turns":7},{"damage":47,"enemies":"Gremlin Leader","floor":27,"turns":5}],"seed_played":"6919179582015053710","potions_obtained":[{"floor":10.0,"key":"LiquidBronze"},{"floor":12.0,"key":"Strength Potion"},{"floor":20,"key":"Poison Potion"}],"is_trial":false,"path_per_floor":["M","?","?","T","?","E","R","M","T","E","M","M","R","?","R","B",null,"M","$","M","?","?","E","?","R","T","E"],"character_chosen":"IRONCLAD","items_purchased":["Juzu Bracelet","Question Card","Shrug It Off","Apotheosis"],"campfire_rested":3,"item_purchase_floors":[19,19,19,19],"current_hp_per_floor":[80,60,60,60,80,41,65,66,66,42,48,46,70,70,70,39,70,52,52,11,11,11,14,14,38,38,0],"gold":63,"neow_bonus":"UPGRADE_CARD","is_prod":false,"is_daily":false,"chose_seed":false,"campfire_upgraded":1,"win_rate":0,"timestamp":1553051326,"path_taken":["M","?","?","?","?","E","R","M","T","E","M","M","R","?","R","BOSS","M","$","M","?","?","E","?","R","T","E"],"build_version":"2019-01-23","purchased_purges":0,"victory":false,"max_hp_per_floor":[80,80,80,80,80,80,80,80,80,80,80,80,80,80,80,80,80,80,80,80,80,80,80,80,80,80,80],"card_choices":[{"not_picked":["True Grit","Warcry"],"picked":"Perfected Strike","floor":1.0},{"not_picked":["Rage","Pommel Strike"],"picked":"Demon Form","floor":6.0},{"not_picked":["Anger","Corruption"],"picked":"Pommel Strike","floor":8.0},{"not_picked":["Sword Boomerang","Headbutt"],"picked":"Flame Barrier","floor":10.0},{"not_picked":["True Grit","Warcry"],"picked":"Shrug It Off","floor":11.0},{"not_picked":["Combust","Burning Pact","Thunderclap"],"picked":"SKIP","floor":12.0},{"not_picked":["Cleave","Thunderclap"],"picked":"Iron Wave+1","floor":18},{"not_picked":["Anger+1","Headbutt+1","True Grit"],"picked":"Intimidate","floor":20},{"not_picked":["Armaments","Body Slam","Reckless Charge+1","Thunderclap+1"],"picked":"SKIP","floor":23}],"player_experience":319128,"relics_obtained":[{"floor":4.0,"key":"StoneCalendar"},{"floor":6.0,"key":"MawBank"},{"floor":9.0,"key":"Bag of Marbles"},{"floor":10.0,"key":"Ancient Tea Set"},{"floor":23,"key":"Darkstone Periapt"},{"floor":26,"key":"Pantograph"}],"event_choices":[{"damage_healed":0.0,"max_hp_gain":0.0,"max_hp_loss":0.0,"gold_gain":0.0,"event_name":"Golden Idol","player_choice":"Take Damage","floor":2.0,"gold_loss":0.0,"damage_taken":20.0,"relics_obtained":["Golden Idol"]},{"damage_healed":0.0,"max_hp_gain":0.0,"max_hp_loss":0.0,"gold_gain":62.0,"event_name":"Golden Wing","player_choice":"Gained Gold","floor":3.0,"gold_loss":0.0,"damage_taken":0.0},{"damage_healed":20.0,"max_hp_gain":0.0,"max_hp_loss":0.0,"gold_gain":0.0,"event_name":"The Cleric","player_choice":"Healed","floor":5.0,"gold_loss":35.0,"damage_taken":0.0},{"damage_healed":0.0,"max_hp_gain":0.0,"max_hp_loss":0.0,"gold_gain":0.0,"event_name":"Liars Game","player_choice":"Ignored","floor":14.0,"gold_loss":0.0,"damage_taken":0.0},{"damage_healed":0,"gold_gain":0,"player_choice":"Opened","damage_taken":0,"relics_obtained":["Gremlin Horn"],"max_hp_gain":0,"max_hp_loss":0,"event_name":"The Mausoleum","floor":21,"gold_loss":0,"cards_obtained":["Writhe"]},{"damage_healed":0,"gold_gain":0,"player_choice":"Upgraded","damage_taken":0,"max_hp_gain":0,"max_hp_loss":0,"event_name":"Upgrade Shrine","floor":22,"gold_loss":0,"cards_upgraded":["Apotheosis"]},{"damage_healed":0,"gold_gain":0,"player_choice":"Trade","damage_taken":0,"relics_obtained":["FaceOfCleric"],"max_hp_gain":0,"max_hp_loss":0,"event_name":"FaceTrader","floor":24,"gold_loss":0}],"is_beta":false,"boss_relics":[{"not_picked":["Fusion Hammer","Coffee Dripper"],"picked":"Lizard Tail"}],"items_purged_floors":[],"is_endless":false,"potions_floor_spawned":[10,12,20],"killed_by":"Gremlin Leader","ascension_level":5}