{"path_per_floor":["M","M","?","?","M","R","M","?","T","M","M","M","R","M","R","B",null,"M","$","?","?","M"],"character_chosen":"IRONCLAD","items_purchased":["Whetstone","Thinking Ahead"],"gold_per_floor":[118,129,304,304,321,321,338,402,425,440,459,470,470,482,482,584,614,628,204,129,44,62],"floor_reached":23,"campfire_rested":0,"playtime":1602,"current_hp_per_floor":[80,80,80,80,80,80,75,59,59,59,57,50,50,46,46,27,85,61,61,61,61,45],"items_purged":["Strike_R"],"gold":62,"score":185,"play_id":"3be19acc-7b8d-4023-9772-8ddc8d80a84f","is_prod":false,"is_daily":false,"is_ascension_mode":false,"campfire_upgraded":3,"path_taken":["M","M","?","?","M","R","M","?","T","M","M","M","R","M","R","BOSS","M","$","?","?","M","E"],"build_version":"2018-02-22-PROD2","purchased_purges":1,"victory":false,"master_deck":["Strike_R+1","Strike_R+1","Strike_R","Defend_R+1","Defend_R","Defend_R+1","Bash+1","Cleave","Body Slam+1","Doubt","Disarm","Blood for Blood","Seeing Red","Flex","Demon Form+1","Burning Pact","Pommel Strike+1","Shrug It Off","Limit Break","Intimidate","Battle Trance+1","Thinking Ahead","Heavy Blade"],"max_hp_per_floor":[80,80,80,80,80,80,80,80,80,80,80,80,80,80,80,80,85,85,85,85,85,85],"relics":["Burning Blood","War Paint","Dodecahedron","Bag of Marbles","Tiny House","Whetstone","Letter Opener"],"card_choices":[{"not_picked":["Corruption","Sword Boomerang"],"picked":"Cleave"},{"not_picked":["Wild Strike","Anger"],"picked":"Body Slam"},{"not_picked":["Armaments","Perfected Strike"],"picked":"Blood for Blood"},{"not_picked":["Headbutt","Perfected Strike"],"picked":"Seeing Red"},{"not_picked":["Armaments","Carnage"],"picked":"Flex"},{"not_picked":["Sword Boomerang","Evolve"],"picked":"Demon Form"},{"not_picked":["Warcry","True Grit"],"picked":"Burning Pact"},{"not_picked":["Flex","Clash"],"picked":"Pommel Strike"},{"not_picked":["Disarm","Warcry"],"picked":"Shrug It Off"},{"not_picked":["Feed","Barricade"],"picked":"Limit Break"},{"not_picked":["Shockwave","Thunderclap"],"picked":"Intimidate"},{"not_picked":["Shrug It Off","Headbutt"],"picked":"Battle Trance"},{"not_picked":["True Grit","Headbutt"],"picked":"Heavy Blade"}],"player_experience":90781,"potions_floor_usage":[8,12,14,16,22,23],"damage_taken":[{"damage":6,"enemies":"Cultist","floor":1,"turns":5},{"damage":4,"enemies":"Small Slimes","floor":2,"turns":4},{"damage":6,"enemies":"2 Louse","floor":5,"turns":2},{"damage":11,"enemies":"Looter","floor":7,"turns":4},{"damage":22,"enemies":"Gremlin Nob","floor":8,"turns":5},{"damage":6,"enemies":"2 Fungi Beasts","floor":10,"turns":3},{"damage":8,"enemies":"Large Slime","floor":11,"turns":6},{"damage":13,"enemies":"Lots of Slimes","floor":12,"turns":4},{"damage":10,"enemies":"Looter","floor":14,"turns":3},{"damage":25,"enemies":"Slime Boss","floor":16,"turns":8},{"damage":30,"enemies":"Spheric Guardian","floor":18,"turns":7},{"damage":22,"enemies":"2 Thieves","floor":22,"turns":3},{"damage":47,"enemies":"Book of Stabbing","floor":23,"turns":6}],"event_choices":[{"event_name":"Liars Game","player_choice":"agreed","floor":3,"damage_taken":0},{"event_name":"Living Wall","player_choice":"Change","floor":4,"damage_taken":0},{"event_name":"Dead Adventurer","player_choice":"Searched \u00272\u0027 times","floor":8,"damage_taken":0},{"event_name":"Beggar","player_choice":"Gave Gold","floor":20,"damage_taken":0},{"event_name":"Addict","player_choice":"Obtained Relic","floor":21,"damage_taken":0}],"boss_relics":[{"not_picked":["Black Star","White Beast Statue"],"picked":"Tiny House"}],"potions_floor_spawned":[2,7,8,11,12],"seed_played":"-4310625582648180725","killed_by":"Book of Stabbing","ascension_level":0,"is_trial":false}