{"path_per_floor":["M","M","M","M","M","R","E","R","T","M","M","R","M","M","R","B",null,"M","M","?"],"character_chosen":"IRONCLAD","items_purchased":[],"gold_per_floor":[112,127,143,162,175,175,210,210,263,273,284,284,302,317,317,421,421,432,445,445],"floor_reached":21,"campfire_rested":1,"playtime":1937,"current_hp_per_floor":[80,78,80,72,56,56,35,35,35,35,26,26,25,21,60,25,80,80,16,16],"items_purged":[],"gold":445,"score":187,"play_id":"55efd8d7-ad49-4c2c-8f8f-bb48591c2dcf","is_prod":false,"is_daily":false,"is_ascension_mode":false,"campfire_upgraded":3,"path_taken":["M","M","M","M","M","R","E","R","T","M","M","R","M","M","R","BOSS","M","M","?","M"],"build_version":"2018-02-15-PROD1","purchased_purges":0,"victory":false,"master_deck":["Strike_R","Strike_R","Strike_R","Strike_R","Defend_R","Defend_R","Defend_R","Defend_R","Bash+1","Disarm","Havoc+1","Impervious","Sentinel","Dropkick","Headbutt+1","Clash","Whirlwind","Havoc","Warcry","Blood for Blood","Demon Form","Doubt","Decay","Clumsy","Uppercut","Iron Wave+1","Immolate"],"max_hp_per_floor":[80,80,80,80,80,80,80,80,80,80,80,80,80,80,80,80,80,80,80,80],"relics":["Burning Blood","Oddly Smooth Stone","Regal Pillow","Calling Bell","Gremlin Horn","Lantern","Darkstone Periapt"],"card_choices":[{"not_picked":["Clash","Shrug It Off"],"picked":"Havoc"},{"not_picked":["Cleave","Power Through"],"picked":"Impervious"},{"not_picked":["Twin Strike","True Grit"],"picked":"Sentinel"},{"not_picked":["Feel No Pain","Evolve"],"picked":"Dropkick"},{"not_picked":["Whirlwind","Inflame"],"picked":"Headbutt"},{"not_picked":["Combust","Shrug It Off"],"picked":"Clash"},{"not_picked":["Shockwave","Armaments"],"picked":"Whirlwind"},{"not_picked":["Shrug It Off","Armaments"],"picked":"Havoc"},{"not_picked":["Havoc","Sentinel"],"picked":"Warcry"},{"not_picked":["Pummel","Hemokinesis"],"picked":"Blood for Blood"},{"not_picked":["Juggernaut","Feed"],"picked":"Demon Form"},{"not_picked":["Twin Strike","Wild Strike"],"picked":"Uppercut"},{"not_picked":["Shrug It Off","Fire Breathing"],"picked":"Iron Wave"}],"player_experience":58031,"potions_floor_usage":[7,11,16,19,21],"damage_taken":[{"damage":4,"enemies":"Jaw Worm","floor":1,"turns":8},{"damage":8,"enemies":"2 Louse","floor":2,"turns":2},{"damage":1,"enemies":"Cultist","floor":3,"turns":3},{"damage":14,"enemies":"Red Slaver","floor":4,"turns":8},{"damage":22,"enemies":"2 Fungi Beasts","floor":5,"turns":4},{"damage":27,"enemies":"Gremlin Nob","floor":7,"turns":4},{"damage":6,"enemies":"3 Louse","floor":10,"turns":5},{"damage":15,"enemies":"Exordium Thugs","floor":11,"turns":4},{"damage":7,"enemies":"Gremlin Gang","floor":13,"turns":2},{"damage":10,"enemies":"Looter","floor":14,"turns":3},{"damage":41,"enemies":"Slime Boss","floor":16,"turns":9},{"damage":0,"enemies":"3 Byrds","floor":18,"turns":4},{"damage":70,"enemies":"Spheric Guardian","floor":19,"turns":10},{"damage":20,"enemies":"Slaver and Parasite","floor":21,"turns":1}],"event_choices":[{"event_name":"The Library","player_choice":"Read","floor":20,"damage_taken":0}],"boss_relics":[{"not_picked":["Black Star","Runic Cube"],"picked":"Calling Bell"}],"potions_floor_spawned":[2,5,7,14,16],"seed_played":"-8359249599540719932","killed_by":"Slaver and Parasite","ascension_level":0,"is_trial":false}