{"gold_per_floor":[116,127,302,316,266,291,291,309,332,332,363,381,381,401,401,496,496,508,338,351,13,13,13,27,60,60,60,60,76,175,175],"floor_reached":31,"playtime":2320,"items_purged":["Strike_R","Strike_R"],"score":267,"play_id":"ab162056-ae09-4b5b-ab3c-6d05e519bb29","local_time":"20190213011716","is_ascension_mode":false,"campfire_choices":[{"data":"Limit Break","floor":7,"key":"SMITH"},{"floor":15,"key":"REST"},{"data":"Apotheosis","floor":23,"key":"SMITH"}],"neow_cost":"NONE","seed_source_timestamp":1244988332029700,"circlet_count":0,"master_deck":["Strike_R","Strike_R","Defend_R","Defend_R","Defend_R","Defend_R","Bash","Juggernaut+1","Heavy Blade","Exhume","Pommel Strike","Limit Break+1","Spot Weakness","Uppercut","Pummel","True Grit","Demon Form","Inflame","Impatience","Evolve","Armaments+1","Apotheosis+1","Finesse","Anger","Rupture","Flex"],"relics":["Burning Blood","Boot","Smiling Mask","Velvet Choker","Ancient Tea Set","PreservedInsect","Nloth\u0027s Gift"],"potions_floor_usage":[11,12,16,25,28],"damage_taken":[{"damage":2,"enemies":"2 Louse","floor":1,"turns":4},{"damage":8,"enemies":"Small Slimes","floor":2,"turns":4},{"damage":13,"enemies":"Cultist","floor":4,"turns":5},{"damage":34,"enemies":"3 Sentries","floor":6,"turns":8},{"damage":19,"enemies":"Blue Slaver","floor":8,"turns":4},{"damage":8,"enemies":"Gremlin Nob","floor":11,"turns":3},{"damage":13,"enemies":"Lots of Slimes","floor":12,"turns":5},{"damage":8,"enemies":"Large Slime","floor":14,"turns":6},{"damage":30,"enemies":"Hexaghost","floor":16,"turns":9},{"damage":27,"enemies":"2 Thieves","floor":18,"turns":4},{"damage":6,"enemies":"Chosen","floor":20,"turns":4},{"damage":21,"enemies":"Shelled Parasite and Fungi","floor":24,"turns":6},{"damage":43,"enemies":"Slavers","floor":25,"turns":7},{"damage":1,"enemies":"Centurion and Healer","floor":28,"turns":3},{"damage":2,"enemies":"Snecko","floor":29,"turns":3},{"damage":17,"enemies":"Chosen and Byrds","floor":31,"turns":4}],"seed_played":"-450425904507804403","potions_obtained":[{"floor":6,"key":"SpeedPotion"},{"floor":8,"key":"Strength Potion"},{"floor":14,"key":"SkillPotion"},{"floor":18,"key":"SpeedPotion"},{"floor":25,"key":"SmokeBomb"}],"is_trial":false,"path_per_floor":["M","M","?","M","?","E","R","M","T","?","E","M","?","M","R","B",null,"M","$","M","$","$","R","M","E","T","?","M","M","?","M"],"character_chosen":"IRONCLAD","items_purchased":["Impatience","Evolve","Apotheosis","Finesse"],"campfire_rested":1,"item_purchase_floors":[19,19,21,21],"current_hp_per_floor":[80,78,78,71,71,43,43,30,30,30,28,21,21,19,43,19,80,59,59,59,59,59,59,44,7,7,7,12,16,16,0],"gold":175,"neow_bonus":"ONE_RANDOM_RARE_CARD","is_prod":false,"is_daily":false,"chose_seed":false,"campfire_upgraded":2,"win_rate":0,"timestamp":1550017036,"path_taken":["M","M","?","M","?","E","R","M","T","?","E","?","?","M","R","BOSS","M","$","M","?","$","R","M","E","T","?","M","?","?","M"],"build_version":"2019-01-23","purchased_purges":2,"victory":false,"max_hp_per_floor":[80,80,80,80,80,80,80,80,80,80,80,80,80,80,80,80,80,80,80,80,80,80,80,80,80,80,80,80,80,80,80],"card_choices":[{"not_picked":["Havoc","Thunderclap"],"picked":"Heavy Blade","floor":1},{"not_picked":["Sword Boomerang","Flex"],"picked":"Exhume","floor":2},{"not_picked":["Body Slam","Thunderclap"],"picked":"Pommel Strike","floor":4},{"not_picked":["Heavy Blade","Armaments"],"picked":"Limit Break","floor":6},{"not_picked":["Anger","Wild Strike"],"picked":"Spot Weakness","floor":8},{"not_picked":["Pommel Strike","Dark Embrace"],"picked":"Uppercut","floor":11},{"not_picked":["Headbutt","Twin Strike"],"picked":"Pummel","floor":12},{"not_picked":["Evolve","Sword Boomerang"],"picked":"True Grit","floor":14},{"not_picked":["Immolate","Barricade"],"picked":"Demon Form","floor":16},{"not_picked":["Clothesline+1","Headbutt+1"],"picked":"Inflame","floor":18},{"not_picked":["Second Wind+1","Clash"],"picked":"Armaments+1","floor":20},{"not_picked":["Sword Boomerang","Clothesline"],"picked":"Anger","floor":24},{"not_picked":["Flex+1","Pommel Strike+1"],"picked":"Rupture","floor":25},{"not_picked":["Second Wind","Havoc"],"picked":"Flex","floor":29}],"player_experience":73669,"relics_obtained":[{"floor":6,"key":"Boot"},{"floor":9,"key":"Lantern"},{"floor":11,"key":"Smiling Mask"},{"floor":25,"key":"Ancient Tea Set"},{"floor":26,"key":"PreservedInsect"}],"event_choices":[{"damage_healed":0,"gold_gain":175,"player_choice":"AGREE","damage_taken":0,"max_hp_gain":0,"max_hp_loss":0,"event_name":"Liars Game","floor":3,"gold_loss":0,"cards_obtained":["Doubt"]},{"cards_removed":["Doubt"],"damage_healed":0,"gold_gain":0,"player_choice":"Card Removal","damage_taken":0,"max_hp_gain":0,"max_hp_loss":0,"event_name":"The Cleric","floor":5,"gold_loss":50},{"cards_removed":["Strike_R"],"damage_healed":0,"gold_gain":0,"player_choice":"Purged","damage_taken":0,"max_hp_gain":0,"max_hp_loss":0,"event_name":"Purifier","floor":10,"gold_loss":0},{"damage_healed":0,"gold_gain":0,"player_choice":"Forge","damage_taken":0,"max_hp_gain":0,"max_hp_loss":0,"event_name":"Accursed Blacksmith","floor":13,"gold_loss":0,"cards_upgraded":["Juggernaut"]},{"damage_healed":0,"gold_gain":0,"player_choice":"Traded Relic","damage_taken":0,"relics_obtained":["Nloth\u0027s Gift"],"max_hp_gain":0,"max_hp_loss":0,"event_name":"N\u0027loth","floor":27,"relics_lost":["Lantern"],"gold_loss":0},{"damage_healed":0,"gold_gain":99,"player_choice":"Stole From Cult","damage_taken":0,"max_hp_gain":0,"max_hp_loss":0,"event_name":"Nest","floor":30,"gold_loss":0}],"is_beta":false,"boss_relics":[{"not_picked":["Busted Crown","Snecko Eye"],"picked":"Velvet Choker"}],"items_purged_floors":[19,21],"is_endless":false,"potions_floor_spawned":[6,8,14,18,25],"killed_by":"Chosen and Byrds","ascension_level":0}