{"path_per_floor":["M","M","M","M","M","E","?","E","T","?","M","?","M","M","R","B",null,"M","M","$","?","?","R","M","R","T","R","M","M","$","$","R","B",null,"M","?","?","M","$","R","M"],"character_chosen":"IRONCLAD","items_purchased":["Whetstone","War Paint","Twin Strike"],"gold_per_floor":[115,129,139,158,168,193,193,224,248,323,342,342,362,381,381,480,480,490,509,291,191,191,191,206,206,233,233,249,265,10,10,10,107,107,127,127,177,194,142,142,155],"floor_reached":42,"campfire_rested":4,"playtime":2899,"current_hp_per_floor":[80,80,78,80,75,60,60,46,46,35,20,20,24,23,49,25,89,84,80,80,80,80,80,49,76,76,76,74,52,52,52,82,27,104,110,96,51,39,39,74,24],"items_purged":["Strike_R","Strike_R"],"gold":155,"score":488,"play_id":"6ea4fe46-31bd-40a1-8f66-bfe6b02bff13","local_time":"20180312015116","is_prod":false,"is_daily":false,"is_ascension_mode":false,"campfire_upgraded":2,"timestamp":1520790676,"path_taken":["M","M","M","M","M","E","?","E","T","?","M","?","?","M","R","BOSS","M","M","$","?","?","R","M","R","T","R","M","?","?","$","R","BOSS","M","?","?","M","$","R","M","M"],"build_version":"2018-03-09","purchased_purges":3,"victory":false,"master_deck":["Strike_R+1","Defend_R+1","Defend_R","Bash+1","Metallicize","Blood for Blood+1","Demon Form+1","Ghostly Armor","Headbutt","Feed","Armaments+1","Cleave","Twin Strike","Feed","Bloodletting+1","Spot Weakness+1","J.A.X.+1","Shrug It Off","Pommel Strike","Body Slam+1","Impervious","Feed+1","Sentinel+1","Feed+1","Seeing Red+1","Madness","Madness","Armaments+1","Cleave","Twin Strike","Iron Wave+1"],"max_hp_per_floor":[80,80,80,80,80,80,80,80,80,80,83,83,86,89,89,89,89,93,93,93,93,93,93,93,93,93,93,97,100,100,100,100,104,104,111,111,114,118,118,118,118],"relics":["Burning Blood","Art of War","Vajra","Singing Bowl","Bronze Scales","Question Card","Whetstone","Happy Flower","War Paint","Astrolabe","Girya"],"card_choices":[{"not_picked":["Sword Boomerang","Ghostly Armor"],"picked":"Metallicize"},{"not_picked":["Heavy Blade","Power Through"],"picked":"Blood for Blood"},{"not_picked":["Clothesline","Heavy Blade"],"picked":"Demon Form"},{"not_picked":["Anger","Evolve"],"picked":"Ghostly Armor"},{"not_picked":["Disarm","Intimidate"],"picked":"Headbutt"},{"not_picked":["Flame Barrier","Thunderclap"],"picked":"Feed"},{"not_picked":["Clothesline","Sentinel"],"picked":"Armaments"},{"not_picked":["Havoc","Second Wind"],"picked":"Cleave"},{"not_picked":["Entrench","Cleave"],"picked":"Twin Strike"},{"not_picked":["Impervious","Dark Embrace"],"picked":"Feed"},{"not_picked":["Entrench","Sever Soul","Sword Boomerang"],"picked":"Bloodletting"},{"not_picked":["Headbutt","Shrug It Off","Flex"],"picked":"Spot Weakness"},{"not_picked":["True Grit","Havoc","Perfected Strike"],"picked":"Shrug It Off"},{"not_picked":["Heavy Blade","Anger","Burning Pact"],"picked":"Pommel Strike"},{"not_picked":["Flame Barrier","Power Through","Infernal Blade"],"picked":"Body Slam"},{"not_picked":["Demon Form","Juggernaut","Dark Embrace"],"picked":"Impervious"},{"not_picked":["Headbutt","Clash","Clothesline"],"picked":"Seeing Red"},{"not_picked":["Twin Strike","Warcry","Entrench"],"picked":"Armaments"},{"not_picked":["Impervious","Evolve","Armaments"],"picked":"Cleave"},{"not_picked":["Flex","Anger","Sword Boomerang"],"picked":"Iron Wave"}],"player_experience":240598,"potions_floor_usage":[11,13,16,18,28,33,33,35,37,42],"damage_taken":[{"damage":5,"enemies":"Small Slimes","floor":1,"turns":4},{"damage":1,"enemies":"Cultist","floor":2,"turns":4},{"damage":8,"enemies":"Jaw Worm","floor":3,"turns":4},{"damage":4,"enemies":"3 Louse","floor":4,"turns":5},{"damage":11,"enemies":"Blue Slaver","floor":5,"turns":6},{"damage":21,"enemies":"Gremlin Nob","floor":6,"turns":4},{"damage":20,"enemies":"Lagavulin","floor":8,"turns":6},{"damage":24,"enemies":"Exordium Thugs","floor":11,"turns":4},{"damage":5,"enemies":"3 Louse","floor":13,"turns":4},{"damage":10,"enemies":"Lots of Slimes","floor":14,"turns":3},{"damage":30,"enemies":"The Guardian","floor":16,"turns":9},{"damage":15,"enemies":"Spheric Guardian","floor":18,"turns":5},{"damage":10,"enemies":"3 Byrds","floor":19,"turns":3},{"damage":37,"enemies":"Cultist and Chosen","floor":24,"turns":7},{"damage":18,"enemies":"Snake Plant","floor":28,"turns":4},{"damage":31,"enemies":"Centurion and Healer","floor":29,"turns":5},{"damage":65,"enemies":"Collector","floor":33,"turns":9},{"damage":7,"enemies":"3 Shapes","floor":35,"turns":6},{"damage":54,"enemies":"…Ò√ÿ‘≤«Ú","floor":37,"turns":6},{"damage":22,"enemies":"3 Darklings","floor":38,"turns":7},{"damage":56,"enemies":"Maw","floor":41,"turns":7},{"damage":34,"enemies":"Sphere and 2 Shapes","floor":42,"turns":3}],"event_choices":[{"event_name":"Purifier","player_choice":"One Purge","floor":7,"damage_taken":0},{"event_name":"World of Goop","player_choice":"Gather Gold","floor":10,"damage_taken":0},{"event_name":"Accursed Blacksmith","player_choice":"Forge","floor":12,"damage_taken":0},{"event_name":"Drug Dealer","player_choice":"Got JAXXED","floor":21,"damage_taken":0},{"event_name":"The Woman in Blue","player_choice":"Bought 0 Potions","floor":22,"damage_taken":0},{"event_name":"Winding Halls","player_choice":"Embrace Madness","floor":36,"damage_taken":0},{"event_name":"Mysterious Sphere","player_choice":"Fight","floor":37,"damage_taken":0}],"boss_relics":[{"not_picked":["White Beast Statue","Velvet Choker"],"picked":"Question Card"},{"not_picked":["Runic Pyramid","Black Star"],"picked":"Astrolabe"}],"potions_floor_spawned":[1,3,4,8,13,16,24,29,33,35,38],"seed_played":"6948696721082052652","killed_by":"Sphere and 2 Shapes","ascension_level":0,"is_trial":false}