{"gold_per_floor":[118,134,150,35,48,48,82,257,339,339,352,384,395,109,109,204,204,217,100,110,120,137,137,157,173,246,272,272,291,291,301,301,301],"floor_reached":33,"playtime":3681,"items_purged":["Strike_G","Doubt"],"score":365,"play_id":"b84e2342-e3b7-4ec7-a244-fde64bd57a8c","local_time":"20190320230809","is_ascension_mode":true,"campfire_choices":[{"data":"Dagger Spray","floor":6,"key":"SMITH"},{"floor":15,"key":"REST"},{"floor":23,"key":"REST"},{"floor":30,"key":"REST"},{"floor":32,"key":"REST"}],"neow_cost":"NONE","seed_source_timestamp":1275367023100,"circlet_count":0,"master_deck":["Defend_G","Defend_G","Defend_G","Defend_G","Defend_G","Strike_G","Strike_G","Strike_G","Strike_G","Survivor","Neutralize","Trip","Dagger Spray+1","Crippling Poison","Flying Knee","Noxious Fumes","Dodge and Roll","PiercingWail","Corpse Explosion","Skewer","Crippling Poison","Malaise","Deadly Poison","Blur","Well Laid Plans","A Thousand Cuts","Leg Sweep+1","PiercingWail+1","Decay","Deflect"],"relics":["Ring of the Snake","Tough Bandages","Darkstone Periapt","FaceOfCleric","Anchor","Potion Belt","White Beast Statue","Bottled Tornado","Art of War"],"potions_floor_usage":[11,20,24,24,25,27,29,29,29,29,31,33],"damage_taken":[{"damage":8,"enemies":"Jaw Worm","floor":1,"turns":4},{"damage":1,"enemies":"Small Slimes","floor":2,"turns":2},{"damage":0,"enemies":"Cultist","floor":3,"turns":4},{"damage":1,"enemies":"Red Slaver","floor":5,"turns":4},{"damage":21,"enemies":"Gremlin Nob","floor":7,"turns":4},{"damage":4,"enemies":"2 Fungi Beasts","floor":11,"turns":3},{"damage":10,"enemies":"3 Sentries","floor":12,"turns":4},{"damage":1,"enemies":"Looter","floor":13,"turns":2},{"damage":46,"enemies":"Hexaghost","floor":16,"turns":10},{"damage":2,"enemies":"Chosen","floor":18,"turns":7},{"damage":17,"enemies":"2 Thieves","floor":20,"turns":4},{"damage":12,"enemies":"3 Cultists","floor":21,"turns":3},{"damage":20,"enemies":"Snecko","floor":22,"turns":5},{"damage":14,"enemies":"Snake Plant","floor":24,"turns":5},{"damage":6,"enemies":"Chosen and Byrds","floor":25,"turns":5},{"damage":26,"enemies":"Gremlin Leader","floor":27,"turns":7},{"damage":8,"enemies":"Cultist and Chosen","floor":29,"turns":4},{"damage":23,"enemies":"Centurion and Healer","floor":31,"turns":5},{"damage":43,"enemies":"Automaton","floor":33,"turns":6}],"seed_played":"3704524850055086839","potions_obtained":[{"floor":5,"key":"Regen Potion"},{"floor":7,"key":"Explosive Potion"},{"floor":12,"key":"AttackPotion"},{"floor":18,"key":"EssenceOfSteel"},{"floor":20,"key":"Dexterity Potion"},{"floor":21,"key":"PowerPotion"},{"floor":22,"key":"Swift Potion"},{"floor":24,"key":"SkillPotion"},{"floor":25,"key":"SneckoOil"},{"floor":27,"key":"SpeedPotion"},{"floor":29,"key":"Fire Potion"},{"floor":31,"key":"LiquidBronze"}],"is_trial":false,"path_per_floor":["M","M","M","$","M","R","E","?","T","?","M","E","M","$","R","B",null,"M","$","M","M","M","R","M","M","T","E","?","M","R","M","R","B"],"character_chosen":"THE_SILENT","items_purchased":["Noxious Fumes","Crippling Poison","Potion Belt","Blur","Well Laid Plans"],"campfire_rested":4,"item_purchase_floors":[4,14,14,19,19],"current_hp_per_floor":[62,61,61,61,60,60,39,39,39,39,45,36,36,36,57,12,74,73,73,57,46,27,50,37,32,32,7,13,6,32,10,36,0],"gold":301,"neow_bonus":"RANDOM_COLORLESS","is_prod":false,"is_daily":false,"chose_seed":false,"campfire_upgraded":1,"win_rate":0,"timestamp":1553119689,"path_taken":["M","M","M","$","M","R","E","?","T","?","M","E","?","?","R","BOSS","M","$","M","M","M","R","M","M","T","E","?","M","R","M","R","BOSS"],"build_version":"2019-01-23","purchased_purges":2,"victory":false,"max_hp_per_floor":[70,70,70,70,70,70,70,70,70,70,71,72,73,73,73,74,74,75,75,76,77,78,78,79,80,80,81,87,88,88,89,89,89],"card_choices":[{"not_picked":["Outmaneuver","Prepared"],"picked":"Dagger Spray","floor":1},{"not_picked":["Blade Dance","Dodge and Roll"],"picked":"Crippling Poison","floor":2},{"not_picked":["Calculated Gamble","Blade Dance","Flying Knee"],"picked":"SKIP","floor":3},{"not_picked":["Calculated Gamble","Blade Dance"],"picked":"Flying Knee","floor":3},{"not_picked":["Cloak And Dagger","Flying Knee"],"picked":"Dodge and Roll","floor":5},{"not_picked":["Bane","Flying Knee"],"picked":"PiercingWail","floor":7},{"not_picked":["Accuracy","PiercingWail"],"picked":"Corpse Explosion","floor":11},{"not_picked":["Bane","Wraith Form v2"],"picked":"Skewer","floor":12},{"not_picked":["Dagger Spray","Bane","Acrobatics"],"picked":"SKIP","floor":13},{"not_picked":["Wraith Form v2","Doppelganger"],"picked":"Malaise","floor":16},{"not_picked":["Sucker Punch","Backflip"],"picked":"Deadly Poison","floor":18},{"not_picked":["Well Laid Plans","Deadly Poison","Sucker Punch"],"picked":"SKIP","floor":20},{"not_picked":["Acrobatics","Sucker Punch"],"picked":"A Thousand Cuts","floor":21},{"not_picked":["Deadly Poison","Slice","All Out Attack"],"picked":"SKIP","floor":22},{"not_picked":["Accuracy","Blade Dance","Skewer"],"picked":"SKIP","floor":24},{"not_picked":["Distraction+1","Dagger Spray"],"picked":"Leg Sweep+1","floor":25},{"not_picked":["Well Laid Plans","Prepared"],"picked":"PiercingWail+1","floor":27},{"not_picked":["Dagger Throw","Choke+1","Eviscerate+1"],"picked":"SKIP","floor":29},{"not_picked":["Caltrops","All Out Attack"],"picked":"Deflect","floor":31}],"player_experience":413697,"relics_obtained":[{"floor":7,"key":"Tough Bandages"},{"floor":9,"key":"Darkstone Periapt"},{"floor":12,"key":"Anchor"},{"floor":26,"key":"Bottled Tornado"},{"floor":27,"key":"Art of War"}],"event_choices":[{"damage_healed":0,"gold_gain":175,"player_choice":"AGREE","damage_taken":0,"max_hp_gain":0,"max_hp_loss":0,"event_name":"Liars Game","floor":8,"gold_loss":0,"cards_obtained":["Doubt"]},{"damage_healed":0,"gold_gain":0,"player_choice":"Trade","damage_taken":0,"relics_obtained":["FaceOfCleric"],"max_hp_gain":0,"max_hp_loss":0,"event_name":"FaceTrader","floor":10,"gold_loss":0},{"damage_healed":0,"gold_gain":0,"player_choice":"Smashed Altar","damage_taken":0,"max_hp_gain":0,"max_hp_loss":0,"event_name":"Forgotten Altar","floor":28,"gold_loss":0,"cards_obtained":["Decay"]}],"is_beta":false,"boss_relics":[{"not_picked":["Tiny House","Sozu"],"picked":"White Beast Statue"}],"items_purged_floors":[4,14],"is_endless":false,"potions_floor_spawned":[5,7,12,18,20,21,22,24,25,27,29,31],"killed_by":"Automaton","ascension_level":4}