{"path_per_floor":["M","M","$","M","M","E","?","R","T","R","$","M","E","M","R","B",null,"M","?","?","M","?","E","?","?","T","M","R","M"],"character_chosen":"IRONCLAD","items_purchased":["Cleave","Flex"],"gold_per_floor":[112,126,26,36,52,80,143,143,219,219,95,107,141,156,156,254,254,272,272,272,288,288,314,314,314,339,357,357,377],"floor_reached":30,"campfire_rested":3,"playtime":2847,"current_hp_per_floor":[80,80,80,75,59,17,17,41,41,41,41,31,26,34,75,10,89,76,76,76,71,71,39,39,39,39,18,59,36],"items_purged":["Defend_R","Strike_R"],"gold":377,"score":260,"play_id":"4a081a29-0c87-4a03-97c6-ba81d9f4c9a3","is_prod":false,"is_daily":false,"is_ascension_mode":false,"campfire_upgraded":1,"path_taken":["M","M","$","M","M","E","?","R","T","R","$","M","E","M","R","BOSS","M","?","?","M","?","E","?","?","T","?","R","M","M"],"build_version":"2018-02-22-PROD1","purchased_purges":2,"victory":false,"master_deck":["Strike_R","Strike_R","Strike_R","Defend_R","Defend_R","Defend_R","Bash","Immolate","Burning Pact","Battle Trance","Cleave","Seeing Red+1","Feed","Blood for Blood","Flex","Shrug It Off","Seeing Red","Headbutt","Berserk","Pommel Strike","Warcry+1","Entrench","Flex+1","Exhume","Seeing Red+1","Armaments+1","Battle Trance"],"max_hp_per_floor":[80,80,80,80,80,80,80,80,80,80,80,83,86,89,89,89,89,89,89,89,89,89,89,89,89,89,89,89,89],"relics":["Burning Blood","Kunai","Toolbox","Regal Pillow","Sozu","Omamori","Singing Bowl"],"card_choices":[{"not_picked":["Armaments","Combust"],"picked":"Burning Pact"},{"not_picked":["Anger","Clothesline"],"picked":"Battle Trance"},{"not_picked":["Burning Pact","Heavy Blade"],"picked":"Seeing Red"},{"not_picked":["Sever Soul","Clothesline"],"picked":"Feed"},{"not_picked":["Carnage","Reckless Charge"],"picked":"Blood for Blood"},{"not_picked":["Metallicize","Pummel"],"picked":"Shrug It Off"},{"not_picked":["Clothesline","Thunderclap"],"picked":"Seeing Red"},{"not_picked":["Sever Soul","Hemokinesis"],"picked":"Headbutt"},{"not_picked":["Brutality","Exhume"],"picked":"Berserk"},{"not_picked":["Iron Wave","Warcry"],"picked":"Pommel Strike"},{"not_picked":["Flex","Searing Blow"],"picked":"Warcry"},{"not_picked":["Havoc","Rupture"],"picked":"Flex"},{"not_picked":["Hemokinesis","Iron Wave"],"picked":"Armaments"},{"not_picked":["Perfected Strike","Havoc"],"picked":"Battle Trance"}],"player_experience":75990,"potions_floor_usage":[5,6,13,16],"damage_taken":[{"damage":0,"enemies":"2 Louse","floor":1,"turns":4},{"damage":5,"enemies":"Small Slimes","floor":2,"turns":3},{"damage":11,"enemies":"Jaw Worm","floor":4,"turns":4},{"damage":22,"enemies":"Exordium Thugs","floor":5,"turns":4},{"damage":48,"enemies":"Lagavulin","floor":6,"turns":8},{"damage":19,"enemies":"Red Slaver","floor":12,"turns":5},{"damage":14,"enemies":"3 Sentries","floor":13,"turns":6},{"damage":1,"enemies":"Exordium Wildlife","floor":14,"turns":3},{"damage":71,"enemies":"Hexaghost","floor":16,"turns":12},{"damage":19,"enemies":"Chosen","floor":18,"turns":4},{"damage":11,"enemies":"Shell Parasite","floor":21,"turns":4},{"damage":38,"enemies":"Gremlin Leader","floor":23,"turns":9},{"damage":27,"enemies":"Snake Plant","floor":27,"turns":4},{"damage":29,"enemies":"Slaver and Parasite","floor":29,"turns":3},{"damage":39,"enemies":"3 Cultists","floor":30,"turns":6}],"event_choices":[{"event_name":"Golden Wing","player_choice":"Gained Gold","floor":7,"damage_taken":0},{"event_name":"The Lab","player_choice":"Got Potions","floor":19,"damage_taken":0},{"event_name":"The Woman in Blue","player_choice":"Bought 0 Potions","floor":20,"damage_taken":0},{"event_name":"Transmorgrifier","player_choice":"Transform","floor":22,"damage_taken":0},{"event_name":"The Library","player_choice":"Read","floor":24,"damage_taken":0},{"event_name":"Duplicator","player_choice":"One dupe","floor":25,"damage_taken":0}],"boss_relics":[{"not_picked":["Lizard Tail","Runic Cube"],"picked":"Sozu"}],"potions_floor_spawned":[2,4,5,13,18,23,29],"seed_played":"2065335293261859379","killed_by":"3 Cultists","ascension_level":0,"is_trial":false}