{"gold_per_floor":[114,114,31,44,44,44,73,85,97,34,51,63,63,73,73,73],"floor_reached":16,"playtime":920,"items_purged":["Regret"],"score":110,"play_id":"28cc93ba-802a-4045-a743-9a0636af0463","local_time":"20190308003955","is_ascension_mode":true,"campfire_choices":[{"floor":6,"key":"REST"},{"floor":15,"key":"REST"}],"neow_cost":"PERCENT_DAMAGE","seed_source_timestamp":439690336549000,"circlet_count":0,"master_deck":["Defend_G","Defend_G","Defend_G","Defend_G","Defend_G","Strike_G","Strike_G","Strike_G","Strike_G","Survivor","Neutralize","Good Instincts","Blind","Crippling Poison","Footwork","Dagger Spray","Dodge and Roll","Blur","Well Laid Plans","Parasite","PiercingWail"],"relics":["Ring of the Snake","Vajra","MawBank","Bottled Tornado"],"potions_floor_usage":[12,16,16,16],"damage_taken":[{"damage":5,"enemies":"Jaw Worm","floor":1,"turns":7},{"damage":2,"enemies":"Cultist","floor":4,"turns":5},{"damage":55,"enemies":"Gremlin Nob","floor":7,"turns":8},{"damage":2,"enemies":"2 Louse","floor":11,"turns":2},{"damage":0,"enemies":"Exordium Wildlife","floor":12,"turns":5},{"damage":2,"enemies":"Blue Slaver","floor":14,"turns":5},{"damage":52,"enemies":"Slime Boss","floor":16,"turns":20}],"seed_played":"-1471323647934898975","potions_obtained":[{"floor":1,"key":"EssenceOfSteel"},{"floor":4,"key":"SpeedPotion"},{"floor":11,"key":"AttackPotion"},{"floor":12,"key":"GhostInAJar"}],"is_trial":false,"path_per_floor":["M","?","$","M","?","R","E","?","T","$","M","M","?","M","R","B"],"character_chosen":"THE_SILENT","items_purchased":["Footwork","Dagger Spray"],"campfire_rested":2,"item_purchase_floors":[3,3],"current_hp_per_floor":[44,44,44,42,42,63,8,8,8,8,6,6,23,21,42,0],"gold":73,"neow_bonus":"RANDOM_COLORLESS_2","is_prod":false,"is_daily":false,"chose_seed":false,"campfire_upgraded":0,"win_rate":0,"timestamp":1552001995,"path_taken":["M","?","$","?","?","R","E","?","T","$","?","M","?","M","R","BOSS"],"build_version":"2019-01-23","purchased_purges":1,"victory":false,"max_hp_per_floor":[70,70,70,70,70,70,70,70,70,70,70,70,70,70,70,70],"card_choices":[{"not_picked":["Deflect","Bane"],"picked":"Crippling Poison","floor":1},{"not_picked":["Finisher","Deadly Poison"],"picked":"Dodge and Roll","floor":4},{"not_picked":["Accuracy","Leg Sweep"],"picked":"Blur","floor":7},{"not_picked":["Underhanded Strike","Endless Agony","Acrobatics"],"picked":"SKIP","floor":11},{"not_picked":["Tactician","Choke"],"picked":"Well Laid Plans","floor":12},{"not_picked":["Acrobatics","Underhanded Strike"],"picked":"PiercingWail","floor":14}],"player_experience":328424,"relics_obtained":[{"floor":7,"key":"MawBank"},{"floor":9,"key":"Bottled Tornado"}],"event_choices":[{"cards_removed":["Strike_G"],"damage_healed":0,"gold_gain":0,"player_choice":"Purged","damage_taken":0,"max_hp_gain":0,"max_hp_loss":0,"event_name":"Purifier","floor":2,"gold_loss":0},{"damage_healed":0,"gold_gain":0,"player_choice":"Box","damage_taken":0,"relics_obtained":["Vajra"],"max_hp_gain":0,"max_hp_loss":0,"event_name":"Big Fish","floor":5,"gold_loss":0,"cards_obtained":["Regret"]},{"damage_healed":0,"gold_gain":0,"player_choice":"Ignored","damage_taken":0,"max_hp_gain":0,"max_hp_loss":0,"event_name":"Golden Wing","floor":8,"gold_loss":0},{"damage_healed":17,"gold_gain":0,"player_choice":"Healed and dodged fight","damage_taken":0,"max_hp_gain":0,"max_hp_loss":0,"event_name":"Mushrooms","floor":13,"gold_loss":0,"cards_obtained":["Parasite"]}],"is_beta":false,"boss_relics":[],"items_purged_floors":[10],"is_endless":false,"potions_floor_spawned":[1,4,11,12],"killed_by":"Slime Boss","ascension_level":2}