{"path_per_floor":["M","M","M","M","?","R","M","R","T","M","$","M","M","M","R","B",null,"M","M","M","$","?","R","M","M","T","R","?","$","M","M","R","B",null,"M","M","$","M"],"character_chosen":"IRONCLAD","items_purchased":["Offering","War Paint","Inflame","Pommel Strike","Dream Catcher"],"gold_per_floor":[117,134,147,161,236,236,248,248,248,262,187,201,216,228,228,332,332,349,369,387,10,10,10,22,32,32,32,32,32,48,62,62,158,158,178,196,46,64],"floor_reached":39,"campfire_rested":1,"playtime":3188,"current_hp_per_floor":[80,80,80,66,66,66,58,58,58,54,54,70,71,75,75,43,80,77,65,46,46,46,46,24,30,30,54,54,54,47,44,44,20,80,59,61,61,32],"items_purged":["Defend_R"],"gold":64,"score":333,"play_id":"965de40b-8d2c-4044-b95a-918eecbc2edb","is_prod":false,"is_daily":false,"is_ascension_mode":false,"campfire_upgraded":5,"path_taken":["M","?","M","M","?","R","M","R","T","M","$","M","M","M","R","BOSS","M","M","?","$","?","R","M","M","T","R","?","?","M","?","R","BOSS","M","M","$","M","M"],"build_version":"2018-02-22-PROD2","purchased_purges":1,"victory":false,"master_deck":["Strike_R","Strike_R","Strike_R","Strike_R","Defend_R+1","Defend_R+1","Defend_R","Bash+1","Searing Blow","Headbutt","Headbutt","Havoc","Ghostly Armor","Armaments+1","Iron Wave","Headbutt","Havoc+1","Cleave","Demon Form+1","Heavy Blade","Pommel Strike+1","Flex+1","Offering","Inflame","Pommel Strike","Blood for Blood+1","Dropkick+1","Twin Strike+1","Flex+1","Limit Break","Armaments+1","Ghostly Armor"],"max_hp_per_floor":[80,80,80,80,80,80,80,80,80,80,80,80,80,80,80,80,80,80,80,80,80,80,80,80,80,80,80,80,80,80,80,80,80,80,80,80,80,80],"relics":["Burning Blood","Paper Frog","Sozu","War Paint","Girya","Mark of Pain","Dream Catcher"],"card_choices":[{"not_picked":["Shrug It Off","Carnage"],"picked":"Headbutt"},{"not_picked":["Rage","Dual Wield"],"picked":"Headbutt"},{"not_picked":["Clash","Body Slam"],"picked":"Havoc"},{"not_picked":["Blood for Blood","Thunderclap"],"picked":"Ghostly Armor"},{"not_picked":["Shockwave","Warcry"],"picked":"Armaments"},{"not_picked":["Bludgeon","Sword Boomerang"],"picked":"Iron Wave"},{"not_picked":["Searing Blow","Havoc"],"picked":"Headbutt"},{"not_picked":["Headbutt","True Grit"],"picked":"Havoc"},{"not_picked":["Pummel","Body Slam"],"picked":"Cleave"},{"not_picked":["Exhume","Bludgeon"],"picked":"Demon Form"},{"not_picked":["Rage","Sentinel"],"picked":"Heavy Blade"},{"not_picked":["Twin Strike","Headbutt"],"picked":"Pommel Strike"},{"not_picked":["Havoc","Blood for Blood"],"picked":"Flex"},{"not_picked":["Havoc","Shrug It Off"],"picked":"Blood for Blood"},{"not_picked":["Feel No Pain","True Grit"],"picked":"Dropkick"},{"not_picked":["Perfected Strike","Power Through"],"picked":"Twin Strike"},{"not_picked":["Iron Wave","Twin Strike"],"picked":"Flex"},{"not_picked":["Demon Form","Impervious"],"picked":"Limit Break"},{"not_picked":["Clothesline","Corruption"],"picked":"Armaments"},{"not_picked":["Cleave","Clothesline"],"picked":"Ghostly Armor"}],"player_experience":132581,"potions_floor_usage":[7,12,16,16],"damage_taken":[{"damage":5,"enemies":"Cultist","floor":1,"turns":4},{"damage":6,"enemies":"2 Louse","floor":2,"turns":3},{"damage":5,"enemies":"Small Slimes","floor":3,"turns":3},{"damage":20,"enemies":"Gremlin Gang","floor":4,"turns":5},{"damage":14,"enemies":"Large Slime","floor":7,"turns":7},{"damage":10,"enemies":"Exordium Wildlife","floor":10,"turns":4},{"damage":5,"enemies":"Lots of Slimes","floor":12,"turns":6},{"damage":5,"enemies":"3 Louse","floor":13,"turns":4},{"damage":2,"enemies":"Blue Slaver","floor":14,"turns":4},{"damage":38,"enemies":"The Guardian","floor":16,"turns":12},{"damage":9,"enemies":"Shell Parasite","floor":18,"turns":6},{"damage":18,"enemies":"Spheric Guardian","floor":19,"turns":4},{"damage":25,"enemies":"Snecko","floor":20,"turns":4},{"damage":28,"enemies":"Snake Plant","floor":24,"turns":3},{"damage":0,"enemies":"Cultist and Chosen","floor":25,"turns":4},{"damage":13,"enemies":"Centurion and Healer","floor":30,"turns":5},{"damage":9,"enemies":"Chosen and Byrds","floor":31,"turns":4},{"damage":30,"enemies":"Champ","floor":33,"turns":10},{"damage":27,"enemies":"3 Darklings","floor":35,"turns":4},{"damage":4,"enemies":"Orb Walker","floor":36,"turns":1},{"damage":35,"enemies":"3 Darklings","floor":38,"turns":5},{"damage":33,"enemies":"Sphere and 2 Shapes","floor":39,"turns":3}],"event_choices":[{"event_name":"Golden Wing","player_choice":"Gained Gold","floor":5,"damage_taken":0},{"event_name":"Drug Dealer","player_choice":"Ignored","floor":22,"damage_taken":0},{"event_name":"Beggar","player_choice":"Ignored","floor":28,"damage_taken":0}],"boss_relics":[{"not_picked":["Snecko Eye","Calling Bell"],"picked":"Sozu"},{"not_picked":["Runic Dome","Runic Pyramid"],"picked":"Mark of Pain"}],"potions_floor_spawned":[3,4,10,12,18,24,31,35],"seed_played":"-3845391549234491623","killed_by":"Sphere and 2 Shapes","ascension_level":0,"is_trial":false}