{"path_per_floor":["M","?","?","M","?","E","R","E","T","R","M","R","T","M","R","B",null,"M","M","?","?","?","R","M","R","T","M","$","M"],"character_chosen":"IRONCLAD","items_purchased":["Bag of Preparation","Metallicize","Regen Potion"],"gold_per_floor":[114,114,114,130,130,163,163,190,245,245,265,265,346,358,358,457,457,468,481,481,481,481,481,493,493,493,505,153,171],"floor_reached":30,"campfire_rested":0,"playtime":2282,"current_hp_per_floor":[80,85,85,85,68,74,74,52,52,52,58,58,58,62,62,34,85,83,83,67,67,67,67,36,36,36,21,21,15],"items_purged":["Strike_R"],"gold":171,"score":288,"play_id":"e7c204ac-167b-45ef-ad0c-af96a2846ffb","is_prod":false,"is_daily":false,"is_ascension_mode":false,"campfire_upgraded":6,"path_taken":["M","?","?","?","?","E","R","E","T","R","M","R","?","M","R","BOSS","M","M","?","?","?","R","M","R","T","M","$","M","M"],"build_version":"2018-02-22-PROD2","purchased_purges":1,"victory":false,"master_deck":["Strike_R","Strike_R","Strike_R+1","Defend_R","Defend_R+1","Defend_R","Defend_R","Bash+1","Intimidate+1","Flex","Body Slam","Clash","Shrug It Off+1","Armaments+1","Impervious","Entrench+1","Iron Wave+1","Body Slam","Burning Pact+1","Flex","Metallicize","Rage+1"],"max_hp_per_floor":[80,85,85,85,85,85,85,85,85,85,85,85,85,85,85,85,85,85,85,85,85,85,85,85,85,85,85,85,85],"relics":["Burning Blood","NeowsBlessing","Ornamental Fan","Bottled Flame","Tiny Chest","Centennial Puzzle","Runic Cube","Nilry\u0027s Codex","Shovel","Bag of Preparation"],"card_choices":[{"not_picked":["Havoc","Sword Boomerang"],"picked":"Intimidate"},{"not_picked":["Perfected Strike","Clash"],"picked":"Flex"},{"not_picked":["Wild Strike","Havoc"],"picked":"Body Slam"},{"not_picked":["True Grit","Perfected Strike"],"picked":"Clash"},{"not_picked":["Flex","Impervious"],"picked":"Shrug It Off"},{"not_picked":["Corruption","Headbutt"],"picked":"Armaments"},{"not_picked":["Exhume","Berserk"],"picked":"Impervious"},{"not_picked":["Anger","Clash"],"picked":"Entrench"},{"not_picked":["Havoc","Armaments"],"picked":"Iron Wave"},{"not_picked":["Pummel","Dropkick"],"picked":"Burning Pact"},{"not_picked":["Twin Strike","Cleave"],"picked":"Flex"},{"not_picked":["Inflame","Sword Boomerang"],"picked":"Rage"}],"player_experience":164518,"potions_floor_usage":[16,29,29,29],"damage_taken":[{"damage":0,"enemies":"Jaw Worm","floor":1,"turns":1},{"damage":0,"enemies":"2 Louse","floor":4,"turns":2},{"damage":0,"enemies":"3 Sentries","floor":6,"turns":2},{"damage":28,"enemies":"Gremlin Nob","floor":8,"turns":5},{"damage":0,"enemies":"Cultist","floor":11,"turns":3},{"damage":2,"enemies":"Blue Slaver","floor":14,"turns":4},{"damage":49,"enemies":"Hexaghost","floor":16,"turns":9},{"damage":8,"enemies":"2 Thieves","floor":18,"turns":4},{"damage":6,"enemies":"Spheric Guardian","floor":19,"turns":8},{"damage":37,"enemies":"Centurion and Healer","floor":24,"turns":13},{"damage":21,"enemies":"Snecko","floor":27,"turns":8},{"damage":33,"enemies":"Cultist and Chosen","floor":29,"turns":7},{"damage":20,"enemies":"Centurion and Healer","floor":30,"turns":2}],"event_choices":[{"event_name":"Big Fish","player_choice":"Donut","floor":2,"damage_taken":0},{"event_name":"Bonfire Elementals","player_choice":"BASIC","floor":3,"damage_taken":0},{"event_name":"Shining Light","player_choice":"Entered Light","floor":5,"damage_taken":0},{"event_name":"Cursed Tome","player_choice":"Obtained Book","floor":20,"damage_taken":0},{"event_name":"The Library","player_choice":"Read","floor":21,"damage_taken":0},{"event_name":"Drug Dealer","player_choice":"Ignored","floor":22,"damage_taken":0}],"boss_relics":[{"not_picked":["Snecko Eye","Ectoplasm"],"picked":"Runic Cube"}],"potions_floor_spawned":[1,6,24],"seed_played":"-465005193213374327","killed_by":"Centurion and Healer","ascension_level":0,"is_trial":false}