{"gold_per_floor":[109,122,122,39,51,77,42,42,65,79,92,107,119,129,129,231,231,243,243,243,262,34,34,54,66,93,108,120,100,100,110,110,110],"floor_reached":33,"playtime":3289,"items_purged":["Strike_G"],"score":293,"play_id":"2d7dd2be-5774-4985-b5cf-499dadf79bd8","local_time":"20190219234619","is_ascension_mode":true,"campfire_choices":[{"data":"Accuracy","floor":8,"key":"SMITH"},{"data":"Crippling Poison","floor":15,"key":"SMITH"},{"data":"Neutralize","floor":23,"key":"SMITH"},{"floor":30,"key":"REST"},{"floor":32,"key":"REST"}],"neow_cost":"NONE","seed_source_timestamp":174512312824200,"circlet_count":0,"master_deck":["Defend_G","Defend_G","Defend_G","Defend_G","Defend_G","Strike_G","Strike_G","Strike_G","Survivor","Neutralize+1","Backflip+1","Riddle With Holes","Crippling Poison+1","Accuracy+1","Cloak And Dagger","Blade Dance","Cloak And Dagger","Flying Knee","Dodge and Roll","Cloak And Dagger","Grand Finale","Dodge and Roll+1","Noxious Fumes","Deflect+1","Noxious Fumes","Terror","Cloak And Dagger","Deadly Poison","Backflip+1","Blur"],"relics":["Runic Pyramid","Pen Nib","PreservedInsect","HoveringKite","War Paint"],"potions_floor_usage":[6,10,24,28,31,33,33],"damage_taken":[{"damage":0,"enemies":"Small Slimes","floor":1,"turns":4},{"damage":1,"enemies":"Jaw Worm","floor":2,"turns":6},{"damage":0,"enemies":"2 Louse","floor":5,"turns":3},{"damage":27,"enemies":"Lagavulin","floor":6,"turns":15},{"damage":1,"enemies":"Red Slaver","floor":10,"turns":4},{"damage":13,"enemies":"Exordium Wildlife","floor":11,"turns":5},{"damage":1,"enemies":"Gremlin Gang","floor":12,"turns":5},{"damage":1,"enemies":"Blue Slaver","floor":13,"turns":4},{"damage":13,"enemies":"Exordium Wildlife","floor":14,"turns":5},{"damage":10,"enemies":"The Guardian","floor":16,"turns":14},{"damage":2,"enemies":"Shell Parasite","floor":18,"turns":5},{"damage":0,"enemies":"Chosen","floor":21,"turns":6},{"damage":29,"enemies":"Snake Plant","floor":24,"turns":6},{"damage":17,"enemies":"Shelled Parasite and Fungi","floor":25,"turns":9},{"damage":19,"enemies":"Centurion and Healer","floor":27,"turns":7},{"damage":4,"enemies":"Cultist and Chosen","floor":28,"turns":8},{"damage":12,"enemies":"Shelled Parasite and Fungi","floor":31,"turns":5},{"damage":54,"enemies":"Champ","floor":33,"turns":15}],"seed_played":"-6686976757263460581","potions_obtained":[{"floor":2,"key":"PowerPotion"},{"floor":5,"key":"FearPotion"},{"floor":11,"key":"Fire Potion"},{"floor":13,"key":"Ancient Potion"},{"floor":14,"key":"GamblersBrew"},{"floor":20,"key":"Regen Potion"},{"floor":27,"key":"SpeedPotion"},{"floor":29,"key":"Fire Potion"}],"is_trial":false,"path_per_floor":["M","M","?","$","M","E","?","R","T","M","M","M","M","M","R","B",null,"M","?","?","M","$","R","M","M","T","M","M","?","R","M","R","B"],"character_chosen":"THE_SILENT","items_purchased":["Accuracy","Cloak And Dagger","Noxious Fumes","Terror"],"campfire_rested":2,"item_purchase_floors":[4,4,22,22],"current_hp_per_floor":[70,69,69,69,69,42,59,59,59,58,45,44,43,30,30,20,70,68,68,68,68,68,68,50,33,33,14,10,10,31,19,40,0],"gold":110,"neow_bonus":"BOSS_RELIC","is_prod":false,"is_daily":false,"chose_seed":false,"campfire_upgraded":3,"win_rate":0,"timestamp":1550616379,"path_taken":["M","M","?","$","M","E","?","R","T","M","M","M","M","M","R","BOSS","M","?","?","M","$","R","M","M","T","?","M","?","R","M","R","BOSS"],"build_version":"2019-01-23","purchased_purges":1,"victory":false,"max_hp_per_floor":[70,70,70,70,70,70,70,70,70,70,70,70,70,70,70,70,70,70,70,70,70,70,70,70,70,70,70,70,70,70,70,70,70],"card_choices":[{"not_picked":["Calculated Gamble","All Out Attack"],"picked":"Backflip","floor":1},{"not_picked":["Outmaneuver","Escape Plan"],"picked":"Riddle With Holes","floor":2},{"not_picked":["Underhanded Strike","Sucker Punch","Endless Agony"],"picked":"SKIP","floor":5},{"not_picked":["Deflect","A Thousand Cuts"],"picked":"Blade Dance","floor":6},{"not_picked":["Deflect","Dodge and Roll"],"picked":"Cloak And Dagger","floor":10},{"not_picked":["Backflip","Backstab"],"picked":"Flying Knee","floor":11},{"not_picked":["Underhanded Strike","Prepared","Blade Dance"],"picked":"SKIP","floor":12},{"not_picked":["Flying Knee","Predator"],"picked":"Dodge and Roll","floor":13},{"not_picked":["Flying Knee","Well Laid Plans"],"picked":"Cloak And Dagger","floor":14},{"not_picked":["Burst","Corpse Explosion"],"picked":"Grand Finale","floor":16},{"not_picked":["Dagger Throw","Backflip+1"],"picked":"Dodge and Roll+1","floor":18},{"not_picked":["Prepared","Acrobatics+1"],"picked":"Deflect","floor":21},{"not_picked":["Flying Knee","Backflip"],"picked":"Cloak And Dagger","floor":24},{"not_picked":["Dash","Dodge and Roll"],"picked":"Deadly Poison","floor":25},{"not_picked":["Outmaneuver","Dodge and Roll","Dagger Throw+1"],"picked":"SKIP","floor":27},{"not_picked":["Dash","Blade Dance+1"],"picked":"Backflip+1","floor":28},{"not_picked":["Calculated Gamble","Flying Knee"],"picked":"Blur","floor":31}],"player_experience":188979,"relics_obtained":[{"floor":6,"key":"Pen Nib"},{"floor":9,"key":"PreservedInsect"},{"floor":26,"key":"War Paint"}],"event_choices":[{"damage_healed":0,"gold_gain":0,"cards_transformed":["Strike_G"],"player_choice":"Change","damage_taken":0,"max_hp_gain":0,"max_hp_loss":0,"event_name":"Living Wall","floor":3,"gold_loss":0,"cards_obtained":["Crippling Poison"]},{"damage_healed":17,"gold_gain":0,"player_choice":"Healed","damage_taken":0,"max_hp_gain":0,"max_hp_loss":0,"event_name":"The Cleric","floor":7,"gold_loss":35},{"damage_healed":0,"gold_gain":0,"player_choice":"Read","damage_taken":0,"max_hp_gain":0,"max_hp_loss":0,"event_name":"The Library","floor":19,"gold_loss":0,"cards_obtained":["Noxious Fumes"]},{"damage_healed":0,"gold_gain":0,"player_choice":"Got Potions","damage_taken":0,"max_hp_gain":0,"max_hp_loss":0,"event_name":"Lab","floor":20,"gold_loss":0},{"damage_healed":0,"gold_gain":0,"player_choice":"Bought 1 Potion","damage_taken":0,"max_hp_gain":0,"max_hp_loss":0,"event_name":"The Woman in Blue","floor":29,"gold_loss":0}],"is_beta":false,"boss_relics":[{"not_picked":["Busted Crown","WristBlade"],"picked":"HoveringKite"}],"items_purged_floors":[22],"is_endless":false,"potions_floor_spawned":[2,5,11,13,14,21,27],"killed_by":"Champ","ascension_level":1}