{"gold_per_floor":[118,43,58,23,40,40,96,96,122,134,156,168,191,223,235,343,355,386,415,502,532,16,16,26,39,66,66,76,76,1,1,1,101,101,113,113,113,130,130,130,130,130,130,147,147,174,174,209,209,209],"floor_reached":50,"playtime":2314,"items_purged":["Normality","Strike_B"],"score":442,"play_id":"af3e0bd7-e936-40cc-900a-33d736811ba0","local_time":"20190303182225","is_ascension_mode":false,"campfire_choices":[{"data":"Defragment","floor":6,"key":"SMITH"},{"data":"Hologram","floor":8,"key":"SMITH"},{"data":"Zap","floor":10,"key":"SMITH"},{"data":"Go for the Eyes","floor":15,"key":"SMITH"},{"data":"Electrodynamics","floor":23,"key":"SMITH"},{"data":"Defragment","floor":29,"key":"SMITH"},{"data":"Defragment","floor":32,"key":"SMITH"},{"data":"Buffer","floor":40,"key":"SMITH"},{"data":"Tempest","floor":42,"key":"SMITH"},{"data":"Conserve Battery","floor":45,"key":"SMITH"},{"data":"Auto Shields","floor":49,"key":"SMITH"}],"neow_cost":"CURSE","seed_source_timestamp":702810250951472,"circlet_count":0,"master_deck":["Strike_B","Strike_B","Defend_B+1","Defend_B","Defend_B","Zap+1","Dualcast+1","Conserve Battery+1","Go for the Eyes+1","Conserve Battery","Defragment+1","Hologram+1","Ball Lightning","Self Repair","Buffer+1","Defragment+1","Conserve Battery+1","Coolheaded+1","Electrodynamics+1","Hologram","Ball Lightning+1","Double Energy+1","Necronomicurse","Auto Shields+1","Defragment+1","Hyperbeam","HandOfGreed","Tempest+1","Injury","Lockon+1","Injury","Rebound+1"],"relics":["Cracked Core","Tiny Chest","MawBank","Cursed Key","Gremlin Horn","Juzu Bracelet","Necronomicon","Sozu","Pear","War Paint"],"potions_floor_usage":[7,16,33,33,33],"damage_taken":[{"damage":5,"enemies":"Small Slimes","floor":1,"turns":3},{"damage":3,"enemies":"2 Louse","floor":3,"turns":3},{"damage":0,"enemies":"Cultist","floor":5,"turns":3},{"damage":24,"enemies":"Gremlin Nob","floor":7,"turns":4},{"damage":9,"enemies":"3 Louse","floor":11,"turns":3},{"damage":4,"enemies":"2 Fungi Beasts","floor":13,"turns":2},{"damage":0,"enemies":"Looter","floor":14,"turns":2},{"damage":2,"enemies":"The Guardian","floor":16,"turns":8},{"damage":14,"enemies":"Shell Parasite","floor":18,"turns":5},{"damage":12,"enemies":"2 Thieves","floor":19,"turns":4},{"damage":21,"enemies":"Snecko","floor":21,"turns":6},{"damage":13,"enemies":"Centurion and Healer","floor":24,"turns":3},{"damage":0,"enemies":"Sentry and Sphere","floor":25,"turns":3},{"damage":20,"enemies":"Snake Plant","floor":28,"turns":5},{"damage":31,"enemies":"Champ","floor":33,"turns":10},{"damage":13,"enemies":"Orb Walker","floor":35,"turns":3},{"damage":36,"enemies":"3 Darklings","floor":38,"turns":5},{"damage":5,"enemies":"Sphere and 2 Shapes","floor":44,"turns":2},{"damage":0,"enemies":"Jaw Worm Horde","floor":48,"turns":5},{"damage":76,"enemies":"Awakened One","floor":50,"turns":12}],"seed_played":"-1724835526769232613","potions_obtained":[{"floor":1,"key":"EssenceOfSteel"},{"floor":5,"key":"SteroidPotion"},{"floor":11,"key":"Poison Potion"},{"floor":13,"key":"SpeedPotion"},{"floor":18,"key":"EssenceOfSteel"}],"is_trial":false,"path_per_floor":["M","$","M","$","M","R","E","R","T","R","M","?","M","M","R","B",null,"M","M","?","M","$","R","M","M","T","?","M","R","$","?","R","B",null,"M","?","?","M","?","R","?","R","T","M","R","T","?","M","R","B"],"character_chosen":"DEFECT","items_purchased":["Defragment","Electrodynamics","Gremlin Horn","Hologram","Defragment"],"campfire_rested":0,"item_purchase_floors":[4,22,22,22,30],"current_hp_per_floor":[70,70,67,67,67,67,43,43,43,43,34,34,30,30,30,35,75,68,63,56,42,42,42,36,43,43,27,14,14,14,39,39,15,75,62,62,62,33,66,66,66,66,76,76,76,76,76,76,76,0],"gold":209,"neow_bonus":"TRANSFORM_TWO_CARDS","is_prod":false,"is_daily":false,"chose_seed":false,"campfire_upgraded":11,"win_rate":0,"timestamp":1551608545,"path_taken":["M","$","M","$","M","R","E","R","T","R","M","?","M","M","R","BOSS","M","M","?","M","$","R","?","M","T","?","M","R","$","?","R","BOSS","M","?","?","M","?","R","?","R","T","M","R","?","?","M","R","BOSS"],"build_version":"2019-01-23","purchased_purges":2,"victory":false,"max_hp_per_floor":[75,75,75,75,75,75,75,75,75,75,75,75,75,75,75,75,75,75,75,75,75,75,75,75,75,75,75,75,75,75,75,75,75,75,75,75,75,75,66,66,66,66,76,76,76,76,76,76,76,76],"card_choices":[{"not_picked":["Beam Cell","Leap"],"picked":"Go for the Eyes","floor":1},{"not_picked":["All For One","Streamline"],"picked":"Conserve Battery","floor":3},{"not_picked":["Gash","Steam"],"picked":"Hologram","floor":5},{"not_picked":["Coolheaded","Aggregate","Barrage"],"picked":"SKIP","floor":7},{"not_picked":["Core Surge","Redo"],"picked":"Ball Lightning","floor":11},{"not_picked":["Glacier","Steam Power","Reprogram"],"picked":"SKIP","floor":13},{"not_picked":["Static Discharge","Rip and Tear"],"picked":"Self Repair","floor":14},{"not_picked":["Amplify","All For One"],"picked":"Buffer","floor":16},{"not_picked":["Barrage","Compile Driver+1"],"picked":"Defragment","floor":18},{"not_picked":["Streamline+1","Steam"],"picked":"Conserve Battery","floor":19},{"not_picked":["Undo+1","Fusion+1"],"picked":"Coolheaded+1","floor":21},{"not_picked":["Beam Cell+1","Glacier"],"picked":"Ball Lightning+1","floor":24},{"not_picked":["Stack","Heatsinks"],"picked":"Double Energy+1","floor":25},{"not_picked":["Stack","Rainbow"],"picked":"Auto Shields","floor":28},{"not_picked":["Rainbow","Creative AI"],"picked":"Hyperbeam","floor":33},{"not_picked":["Darkness+1","Barrage","Undo"],"picked":"SKIP","floor":35},{"not_picked":["Sadistic Nature","Panache"],"picked":"HandOfGreed","floor":36},{"not_picked":["Stack+1","Go for the Eyes"],"picked":"Tempest","floor":38},{"not_picked":["Hologram+1","Coolheaded"],"picked":"Lockon+1","floor":44},{"not_picked":["Double Energy","Sweeping Beam+1"],"picked":"Rebound+1","floor":48}],"player_experience":729959,"relics_obtained":[{"floor":7,"key":"Tiny Chest"},{"floor":9,"key":"MawBank"},{"floor":26,"key":"Juzu Bracelet"},{"floor":27,"key":"Necronomicon"},{"floor":43,"key":"Pear"},{"floor":46,"key":"War Paint"}],"event_choices":[{"damage_healed":0,"gold_gain":0,"player_choice":"Grow","damage_taken":0,"max_hp_gain":0,"max_hp_loss":0,"event_name":"Living Wall","floor":12,"gold_loss":0,"cards_upgraded":["Dualcast"]},{"damage_healed":0,"gold_gain":75,"player_choice":"Touch","damage_taken":7,"max_hp_gain":0,"max_hp_loss":0,"event_name":"FaceTrader","floor":20,"gold_loss":0},{"damage_healed":0,"gold_gain":0,"player_choice":"Obtained Book","damage_taken":16,"max_hp_gain":0,"max_hp_loss":0,"event_name":"Cursed Tome","floor":27,"gold_loss":0},{"damage_healed":25,"gold_gain":0,"player_choice":"Heal","damage_taken":0,"max_hp_gain":0,"max_hp_loss":0,"event_name":"The Library","floor":31,"gold_loss":0},{"damage_healed":0,"gold_gain":0,"player_choice":"Memory 1","damage_taken":0,"max_hp_gain":0,"max_hp_loss":0,"event_name":"SensoryStone","floor":36,"gold_loss":0},{"damage_healed":0,"gold_gain":0,"player_choice":"Ignored","damage_taken":0,"max_hp_gain":0,"max_hp_loss":0,"event_name":"Tomb of Lord Red Mask","floor":37,"gold_loss":0},{"damage_healed":66,"gold_gain":0,"player_choice":"Heal","damage_taken":0,"max_hp_gain":0,"max_hp_loss":9,"event_name":"The Moai Head","floor":39,"gold_loss":0},{"cards_removed":["Core Surge"],"damage_healed":0,"gold_gain":0,"player_choice":"Removed Attack","damage_taken":0,"max_hp_gain":0,"max_hp_loss":0,"event_name":"Falling","floor":41,"gold_loss":0},{"cards_removed":["Regret"],"damage_healed":0,"gold_gain":0,"player_choice":"Purged","damage_taken":0,"max_hp_gain":0,"max_hp_loss":0,"event_name":"Purifier","floor":47,"gold_loss":0}],"is_beta":false,"boss_relics":[{"not_picked":["Empty Cage","Ectoplasm"],"picked":"Cursed Key"},{"not_picked":["Orrery","Black Star"],"picked":"Sozu"}],"items_purged_floors":[2,22],"is_endless":false,"potions_floor_spawned":[1,5,11,13,18,35,38,44],"killed_by":"Awakened One","ascension_level":0}