{"gold_per_floor":[116,191,141,157,1,1,19,19,45,57,85,85,85,97,97,201,201,213,32,27,46,46],"floor_reached":22,"playtime":1964,"items_purged":["Strike_G","Strike_G"],"score":195,"play_id":"2eb77dd8-ffdf-4002-83c6-e9b7c632f119","local_time":"20190228201927","is_ascension_mode":true,"campfire_choices":[{"data":"Phantasmal Killer","floor":6,"key":"SMITH"},{"data":"Distraction","floor":8,"key":"SMITH"},{"data":"Neutralize","floor":13,"key":"SMITH"},{"floor":15,"key":"REST"}],"neow_cost":"NONE","seed_source_timestamp":6379938345200,"circlet_count":0,"master_deck":["Defend_G","Defend_G","Defend_G","Defend_G","Strike_G","Strike_G","Survivor","Neutralize+1","Underhanded Strike","Leg Sweep","Catalyst","Phantasmal Killer+1","Distraction+1","Acrobatics","Terror","Backflip","Riddle With Holes","Bullet Time","Deadly Poison","Infinite Blades","Heel Hook","Cloak And Dagger"],"relics":["Ring of the Snake","Orichalcum","Ice Cream","WristBlade"],"potions_floor_usage":[16,20,20,21,22],"damage_taken":[{"damage":0,"enemies":"Small Slimes","floor":1,"turns":5},{"damage":0,"enemies":"Jaw Worm","floor":4,"turns":4},{"damage":0,"enemies":"2 Louse","floor":7,"turns":4},{"damage":9,"enemies":"Exordium Thugs","floor":10,"turns":7},{"damage":6,"enemies":"3 Sentries","floor":11,"turns":14},{"damage":0,"enemies":"3 Louse","floor":14,"turns":5},{"damage":9,"enemies":"Slime Boss","floor":16,"turns":9},{"damage":19,"enemies":"Spheric Guardian","floor":18,"turns":4},{"damage":16,"enemies":"2 Thieves","floor":20,"turns":5},{"damage":23,"enemies":"Centurion and Healer","floor":21,"turns":12},{"damage":16,"enemies":"Snecko","floor":22,"turns":7}],"seed_played":"-7177441760362919885","potions_obtained":[{"floor":1,"key":"Fire Potion"},{"floor":11,"key":"Weak Potion"},{"floor":14,"key":"Poison Potion"},{"floor":20,"key":"Explosive Potion"},{"floor":21,"key":"Weak Potion"}],"is_trial":false,"path_per_floor":["M","?","?","M","$","R","M","R","T","M","E","?","R","M","R","B",null,"M","$","M","M","M"],"character_chosen":"THE_SILENT","items_purchased":["Phantasmal Killer","Infinite Blades"],"campfire_rested":1,"item_purchase_floors":[5,19],"current_hp_per_floor":[70,59,59,59,59,59,59,59,59,50,44,44,44,44,65,56,70,51,51,35,12,0],"gold":46,"neow_bonus":"THREE_CARDS","is_prod":false,"is_daily":false,"chose_seed":false,"campfire_upgraded":3,"win_rate":0,"timestamp":1551381567,"path_taken":["M","?","?","M","$","R","M","R","T","M","E","?","R","M","R","BOSS","M","$","M","M","M"],"build_version":"2019-01-23","purchased_purges":2,"victory":false,"max_hp_per_floor":[70,70,70,70,70,70,70,70,70,70,70,70,70,70,70,70,70,70,70,70,70,70],"card_choices":[{"not_picked":["PiercingWail","Escape Plan"],"picked":"Underhanded Strike","floor":0},{"not_picked":["Heel Hook","Dodge and Roll"],"picked":"Leg Sweep","floor":1},{"not_picked":["Slice","Bane"],"picked":"Catalyst","floor":4},{"not_picked":["Expertise","Masterful Stab"],"picked":"Distraction","floor":7},{"not_picked":["Catalyst","Concentrate"],"picked":"Acrobatics","floor":10},{"not_picked":["Grand Finale","Dash"],"picked":"Terror","floor":11},{"not_picked":["Outmaneuver","Setup"],"picked":"Riddle With Holes","floor":14},{"not_picked":["Adrenaline","Burst"],"picked":"Bullet Time","floor":16},{"not_picked":["Concentrate","Eviscerate+1"],"picked":"Deadly Poison","floor":18},{"not_picked":["PiercingWail","Outmaneuver+1"],"picked":"Heel Hook","floor":20},{"not_picked":["Deadly Poison","Distraction"],"picked":"Cloak And Dagger","floor":21}],"player_experience":287904,"relics_obtained":[{"floor":9,"key":"Orichalcum"},{"floor":11,"key":"Ice Cream"}],"event_choices":[{"damage_healed":0,"gold_gain":75,"player_choice":"Gather Gold","damage_taken":11,"max_hp_gain":0,"max_hp_loss":0,"event_name":"World of Goop","floor":2,"gold_loss":0},{"cards_removed":["Strike_G"],"damage_healed":0,"gold_gain":0,"player_choice":"Card Removal","damage_taken":0,"max_hp_gain":0,"max_hp_loss":0,"event_name":"The Cleric","floor":3,"gold_loss":50},{"damage_healed":0,"gold_gain":0,"cards_transformed":["Defend_G"],"player_choice":"Change","damage_taken":0,"max_hp_gain":0,"max_hp_loss":0,"event_name":"Living Wall","floor":12,"gold_loss":0,"cards_obtained":["Backflip"]}],"is_beta":false,"boss_relics":[{"not_picked":["Runic Dome","Coffee Dripper"],"picked":"WristBlade"}],"items_purged_floors":[5,19],"is_endless":false,"potions_floor_spawned":[1,11,14,20,21],"killed_by":"Snecko","ascension_level":1}