{"gold_per_floor":[109,121,71,146,166,166,186,218,243,14,14,14,14,31,31,132,132,144,64,80,100,199,199,218,235,282,282,282,292,292,311,311,407,457,470,480,61,78,3,3,17,30,30,30,30,30,0,0,0,0],"floor_reached":51,"playtime":3967,"items_purged":["Strike_G","Strike_G"],"score":674,"play_id":"672b857f-6c1d-4b4a-a886-53eb7754a507","local_time":"20190216233658","is_ascension_mode":false,"campfire_choices":[{"data":"Neutralize","floor":6,"key":"SMITH"},{"floor":12,"key":"REST"},{"data":"Noxious Fumes","floor":15,"key":"SMITH"},{"data":"After Image","floor":23,"key":"SMITH"},{"data":"Terror","floor":30,"key":"SMITH"},{"floor":32,"key":"REST"},{"data":"Footwork","floor":40,"key":"SMITH"},{"data":"Apotheosis","floor":44,"key":"SMITH"},{"floor":49,"key":"REST"}],"neow_cost":"NONE","seed_source_timestamp":332486401357000,"circlet_count":0,"master_deck":["Defend_G","Defend_G+1","Defend_G","Defend_G","Defend_G","Survivor","Neutralize+1","Terror+1","Catalyst","Noxious Fumes+1","Catalyst","Crippling Poison","Deflect","Venomology","Well Laid Plans","Dash","Catalyst","Catalyst","Bouncing Flask","Blur+1","After Image+1","Prepared+1","Tactician+1","Necronomicurse","Deadly Poison+1","Acrobatics","Envenom","Blur","Blur+1","Apotheosis+1","Acrobatics+1","Footwork+1","Outmaneuver","Madness+1","Madness+1","Dark Shackles+1","Bandage Up+1"],"relics":["Ring of the Snake","Oddly Smooth Stone","Orichalcum","Snake Skull","Regal Pillow","Orrery","Happy Flower","Necronomicon","Tiny House","Blood Vial","Toxic Egg 2","Red Mask"],"potions_floor_usage":[7,8,20,20,24,24,24,25,29,33,33,35,36,38,38,41,42,42,50,50],"damage_taken":[{"damage":0,"enemies":"Jaw Worm","floor":1,"turns":6},{"damage":0,"enemies":"2 Louse","floor":2,"turns":3},{"damage":0,"enemies":"Cultist","floor":5,"turns":6},{"damage":4,"enemies":"2 Fungi Beasts","floor":7,"turns":5},{"damage":26,"enemies":"3 Sentries","floor":8,"turns":10},{"damage":1,"enemies":"Looter","floor":14,"turns":4},{"damage":21,"enemies":"Slime Boss","floor":16,"turns":10},{"damage":0,"enemies":"Shell Parasite","floor":18,"turns":6},{"damage":9,"enemies":"3 Byrds","floor":20,"turns":5},{"damage":0,"enemies":"Snecko","floor":21,"turns":4},{"damage":0,"enemies":"Cultist and Chosen","floor":24,"turns":6},{"damage":8,"enemies":"Chosen and Byrds","floor":25,"turns":5},{"damage":7,"enemies":"Snake Plant","floor":29,"turns":3},{"damage":0,"enemies":"Snecko","floor":31,"turns":4},{"damage":9,"enemies":"Champ","floor":33,"turns":6},{"damage":20,"enemies":"3 Darklings","floor":35,"turns":6},{"damage":3,"enemies":"3 Shapes","floor":36,"turns":5},{"damage":14,"enemies":"3 Darklings","floor":38,"turns":5},{"damage":1,"enemies":"Maw","floor":41,"turns":6},{"damage":25,"enemies":"Jaw Worm Horde","floor":42,"turns":5},{"damage":22,"enemies":"Time Eater","floor":50,"turns":6}],"seed_played":"6843617530334108048","potions_obtained":[{"floor":1,"key":"GamblersBrew"},{"floor":7,"key":"Weak Potion"},{"floor":16,"key":"Weak Potion"},{"floor":18,"key":"Swift Potion"},{"floor":21,"key":"Weak Potion"},{"floor":25,"key":"Energy Potion"},{"floor":31,"key":"Regen Potion"},{"floor":34,"key":"SpeedPotion"},{"floor":36,"key":"AttackPotion"},{"floor":38,"key":"PowerPotion"},{"floor":42,"key":"Poison Potion"}],"is_trial":false,"path_per_floor":["M","M","?","?","M","R","M","E","T","$","?","R","?","M","R","B",null,"M","$","M","M","?","R","M","M","T","?","?","M","R","M","R","B",null,"M","M","$","M","$","R","M","M","T","R","$","?","?","?","R","B",null],"character_chosen":"THE_SILENT","items_purchased":["Snake Skull","Bouncing Flask","Apotheosis","Blood Vial","Footwork"],"campfire_rested":3,"item_purchase_floors":[10,19,37,37,39],"current_hp_per_floor":[70,70,70,63,63,63,59,33,33,33,33,54,54,53,53,32,70,70,70,61,61,61,61,61,53,53,37,37,30,30,30,66,57,75,55,67,67,67,67,67,68,45,45,45,45,36,36,31,68,54],"gold":0,"neow_bonus":"TRANSFORM_CARD","is_prod":false,"is_daily":false,"chose_seed":false,"campfire_upgraded":6,"win_rate":0.0,"timestamp":1550356618,"path_taken":["M","M","?","?","M","R","?","E","T","$","?","R","?","M","R","BOSS","M","$","M","?","?","R","M","M","T","?","?","M","R","M","R","BOSS","M","M","$","M","$","R","M","M","T","R","$","?","?","?","R","BOSS"],"build_version":"2019-01-23","purchased_purges":2,"victory":true,"max_hp_per_floor":[70,70,70,70,70,70,70,70,70,70,70,70,70,70,70,70,70,70,70,70,70,70,70,70,70,70,70,70,70,70,70,70,70,75,75,75,75,75,75,75,75,75,75,75,75,75,75,75,75,75],"card_choices":[{"not_picked":["Slice","Bane"],"picked":"Catalyst","floor":1},{"not_picked":["Deadly Poison","Distraction"],"picked":"Well Laid Plans","floor":2},{"not_picked":["Outmaneuver","Dagger Throw"],"picked":"Noxious Fumes","floor":5},{"not_picked":["Reflex","Dagger Spray"],"picked":"Catalyst","floor":7},{"not_picked":["Glass Knife","Terror"],"picked":"Crippling Poison","floor":8},{"not_picked":["Dagger Spray","Choke"],"picked":"Deflect","floor":14},{"not_picked":["Phantasmal Killer","Doppelganger"],"picked":"Venomology","floor":16},{"not_picked":["Heel Hook","Blade Dance"],"picked":"Well Laid Plans","floor":17},{"not_picked":["Prepared","Outmaneuver"],"picked":"Dash","floor":17},{"not_picked":["PiercingWail","Quick Slash"],"picked":"Catalyst","floor":17},{"not_picked":["Masterful Stab","Endless Agony"],"picked":"Catalyst","floor":18},{"not_picked":["Deflect+1","Dash"],"picked":"Blur+1","floor":20},{"not_picked":["Poisoned Stab","Deflect"],"picked":"After Image","floor":21},{"not_picked":["Deflect","Dodge and Roll"],"picked":"Prepared+1","floor":24},{"not_picked":["Outmaneuver","Predator"],"picked":"Tactician+1","floor":25},{"not_picked":["Slice","Underhanded Strike"],"picked":"Deadly Poison+1","floor":29},{"not_picked":["Deflect","Dodge and Roll"],"picked":"Acrobatics","floor":31},{"not_picked":["Night Terror","Glass Knife"],"picked":"Envenom","floor":33},{"not_picked":["Distraction","Flechettes"],"picked":"Blur","floor":34},{"not_picked":["Terror","Blade Dance+1","Flying Knee"],"picked":"SKIP","floor":35},{"not_picked":["Endless Agony+1","Bane+1"],"picked":"Blur+1","floor":36},{"not_picked":["Deadly Poison","Leg Sweep"],"picked":"Acrobatics+1","floor":38},{"not_picked":["Blade Dance+1","Prepared"],"picked":"Outmaneuver","floor":41},{"not_picked":["Leg Sweep","Prepared+1","Dagger Spray+1"],"picked":"SKIP","floor":42},{"not_picked":["Swift Strike","Mind Blast"],"picked":"Dark Shackles+1","floor":48},{"not_picked":["Panache","PanicButton+1"],"picked":"Bandage Up+1","floor":48}],"player_experience":141397,"relics_obtained":[{"floor":8,"key":"Oddly Smooth Stone"},{"floor":9,"key":"Orichalcum"},{"floor":26,"key":"Happy Flower"},{"floor":27,"key":"Necronomicon"},{"floor":43,"key":"Toxic Egg 2"}],"event_choices":[{"cards_removed":["Strike_G"],"damage_healed":0,"gold_gain":0,"player_choice":"Card Removal","damage_taken":0,"max_hp_gain":0,"max_hp_loss":0,"event_name":"The Cleric","floor":3,"gold_loss":50},{"damage_healed":0,"gold_gain":75,"player_choice":"Touch","damage_taken":7,"max_hp_gain":0,"max_hp_loss":0,"event_name":"FaceTrader","floor":4,"gold_loss":0},{"cards_removed":["Strike_G"],"damage_healed":0,"gold_gain":0,"player_choice":"Forget","damage_taken":0,"max_hp_gain":0,"max_hp_loss":0,"event_name":"Living Wall","floor":11,"gold_loss":0},{"cards_removed":["Well Laid Plans"],"damage_healed":0,"gold_gain":0,"player_choice":"Gave Card","damage_taken":0,"relics_obtained":["Regal Pillow"],"max_hp_gain":0,"max_hp_loss":0,"event_name":"WeMeetAgain","floor":13,"gold_loss":0},{"damage_healed":0,"gold_gain":99,"player_choice":"Stole From Cult","damage_taken":0,"max_hp_gain":0,"max_hp_loss":0,"event_name":"Nest","floor":22,"gold_loss":0},{"damage_healed":0,"gold_gain":0,"player_choice":"Obtained Book","damage_taken":16,"max_hp_gain":0,"max_hp_loss":0,"event_name":"Cursed Tome","floor":27,"gold_loss":0},{"damage_healed":0,"gold_gain":0,"player_choice":"Ignored","damage_taken":0,"max_hp_gain":0,"max_hp_loss":0,"event_name":"Ghosts","floor":28,"gold_loss":0},{"damage_healed":0,"gold_gain":0,"player_choice":"Embrace Madness","damage_taken":9,"max_hp_gain":0,"max_hp_loss":0,"event_name":"Winding Halls","floor":46,"gold_loss":0,"cards_obtained":["Madness","Madness"]},{"damage_healed":0,"gold_gain":0,"player_choice":"Paid","damage_taken":0,"relics_obtained":["Red Mask"],"max_hp_gain":0,"max_hp_loss":0,"event_name":"Tomb of Lord Red Mask","floor":47,"gold_loss":30},{"damage_healed":0,"gold_gain":0,"player_choice":"Memory 2","damage_taken":5,"max_hp_gain":0,"max_hp_loss":0,"event_name":"SensoryStone","floor":48,"gold_loss":0}],"is_beta":false,"boss_relics":[{"not_picked":["Astrolabe","Coffee Dripper"],"picked":"Orrery"},{"not_picked":["Runic Pyramid","Runic Dome"],"picked":"Tiny House"}],"items_purged_floors":[10,37],"is_endless":false,"potions_floor_spawned":[1,7,16,18,21,25,31,36,38,42],"ascension_level":0}