{"gold_per_floor":[112,131,81,81,93,93,124,124,124,135,135,12,25,44,44,147,147,160,160,175,175,85,85,85],"floor_reached":24,"playtime":705,"items_purged":["Strike_R"],"score":196,"play_id":"eca489a3-178d-4415-8568-1a89abf62e25","local_time":"20190227232416","is_ascension_mode":false,"campfire_choices":[{"data":"Bash","floor":6,"key":"SMITH"},{"data":"Pommel Strike","floor":8,"key":"SMITH"},{"data":"Inflame","floor":11,"key":"SMITH"},{"data":"Heavy Blade","floor":15,"key":"SMITH"},{"data":"Flex","floor":23,"key":"SMITH"}],"neow_cost":"NONE","seed_source_timestamp":376950478612345,"circlet_count":0,"master_deck":["Strike_R","Strike_R","Defend_R","Defend_R","Defend_R+1","Defend_R","Bash+1","Pommel Strike+1","Cleave","Inflame+1","Shrug It Off","Heavy Blade+1","Inflame","Feed","Sword Boomerang","Flex+1"],"relics":["Burning Blood","Vajra","Bronze Scales","Meat on the Bone","Black Star"],"potions_floor_usage":[7,18,18],"damage_taken":[{"damage":1,"enemies":"Cultist","floor":1,"turns":3},{"damage":1,"enemies":"Jaw Worm","floor":2,"turns":4},{"damage":0,"enemies":"2 Louse","floor":5,"turns":3},{"damage":22,"enemies":"3 Sentries","floor":7,"turns":6},{"damage":8,"enemies":"Lots of Slimes","floor":10,"turns":1},{"damage":5,"enemies":"Red Slaver","floor":13,"turns":2},{"damage":7,"enemies":"Looter","floor":14,"turns":3},{"damage":29,"enemies":"The Guardian","floor":16,"turns":9},{"damage":13,"enemies":"3 Byrds","floor":18,"turns":3},{"damage":2,"enemies":"Spheric Guardian","floor":20,"turns":3},{"damage":71,"enemies":"Slavers","floor":24,"turns":4}],"seed_played":"9078087142129815092","potions_obtained":[{"floor":2,"key":"LiquidBronze"},{"floor":7,"key":"Fire Potion"},{"floor":13,"key":"AttackPotion"},{"floor":14,"key":"Strength Potion"}],"is_trial":false,"path_per_floor":["M","M","?","?","M","R","E","R","T","M","R","$","M","M","R","B",null,"M","?","M","?","?","R","E"],"character_chosen":"IRONCLAD","items_purchased":["Shrug It Off"],"campfire_rested":0,"item_purchase_floors":[12],"current_hp_per_floor":[80,80,80,85,85,85,69,69,69,67,67,67,68,67,67,56,85,78,62,66,66,66,66,0],"gold":85,"neow_bonus":"RANDOM_COMMON_RELIC","is_prod":false,"is_daily":false,"chose_seed":false,"campfire_upgraded":5,"win_rate":0,"timestamp":1551281056,"path_taken":["M","M","?","?","M","R","E","R","T","M","R","$","M","M","R","BOSS","M","?","M","?","?","R","E"],"build_version":"2019-01-23","purchased_purges":1,"victory":false,"max_hp_per_floor":[80,80,80,85,85,85,85,85,85,85,85,85,85,85,85,85,85,85,90,90,90,90,90,90],"card_choices":[{"not_picked":["Wild Strike","Anger","Perfected Strike"],"picked":"SKIP","floor":1},{"not_picked":["Shrug It Off","Warcry"],"picked":"Pommel Strike","floor":2},{"not_picked":["Havoc","Disarm"],"picked":"Cleave","floor":5},{"not_picked":["Evolve","Fire Breathing","Clash"],"picked":"SKIP","floor":7},{"not_picked":["Headbutt","Iron Wave"],"picked":"Inflame","floor":10},{"not_picked":["Pommel Strike","Havoc"],"picked":"Heavy Blade","floor":13},{"not_picked":["Perfected Strike","Fire Breathing"],"picked":"Inflame","floor":14},{"not_picked":["Barricade","Berserk"],"picked":"Feed","floor":16},{"not_picked":["Headbutt","Thunderclap+1"],"picked":"Sword Boomerang","floor":18},{"not_picked":["Ghostly Armor","Warcry+1"],"picked":"Flex","floor":20}],"player_experience":715201,"relics_obtained":[{"floor":7,"key":"Bronze Scales"},{"floor":9,"key":"Meat on the Bone"}],"event_choices":[{"cards_removed":["Strike_R"],"damage_healed":0,"gold_gain":0,"player_choice":"Card Removal","damage_taken":0,"max_hp_gain":0,"max_hp_loss":0,"event_name":"The Cleric","floor":3,"gold_loss":50},{"damage_healed":0,"gold_gain":0,"player_choice":"Donut","damage_taken":0,"max_hp_gain":5,"max_hp_loss":0,"event_name":"Big Fish","floor":4,"gold_loss":0},{"damage_healed":0,"gold_gain":0,"player_choice":"Shed Blood","damage_taken":21,"max_hp_gain":5,"max_hp_loss":0,"event_name":"Forgotten Altar","floor":19,"gold_loss":0},{"damage_healed":0,"gold_gain":0,"player_choice":"Ignored","damage_taken":0,"max_hp_gain":0,"max_hp_loss":0,"event_name":"Ghosts","floor":21,"gold_loss":0},{"cards_removed":["Strike_R"],"damage_healed":0,"gold_gain":0,"player_choice":"Upgrade and Remove","damage_taken":0,"max_hp_gain":0,"max_hp_loss":0,"event_name":"Designer","floor":22,"gold_loss":90,"cards_upgraded":["Defend_R"]}],"is_beta":false,"boss_relics":[{"not_picked":["Lizard Tail","Eternal Feather"],"picked":"Black Star"}],"items_purged_floors":[12],"is_endless":false,"potions_floor_spawned":[2,7,13,14],"killed_by":"Slavers","ascension_level":0}