{"gold_per_floor":[110,110,130,149,163,193,193,193,193,213,233,251,251,251,251,347,347,365,378,391,403,73,73,85,85,111,126,141,158,158,35,35,139,139,157,157,170,189,189],"floor_reached":39,"playtime":2192,"items_purged":["Strike_B"],"score":391,"play_id":"ddda480d-d2f0-4305-888f-fdc8226e49c5","local_time":"20181214155534","is_ascension_mode":false,"campfire_choices":[{"data":"Redo","floor":8,"key":"SMITH"},{"floor":15,"key":"REST"},{"data":"Fission","floor":23,"key":"SMITH"},{"data":"Hologram","floor":25,"key":"SMITH"},{"floor":32,"key":"REST"}],"neow_cost":"NONE","seed_source_timestamp":111327133539300,"circlet_count":0,"master_deck":["Strike_B","Strike_B","Defend_B","Defend_B","Defend_B","Defend_B","Dualcast","Impatience","Turbo","Redo+1","Compile Driver","Defragment+1","Ball Lightning","Coolheaded","Core Surge","Hologram+1","Hologram+1","Fission+1","Chill","Blizzard","Coolheaded","Coolheaded","Chaos+1","Core Surge","Conserve Battery","Blizzard","Cold Snap+1","Cold Snap+1"],"relics":["Cracked Core","Bronze Scales","Cables","Pen Nib","Nloth\u0027s Gift","Orrery"],"potions_floor_usage":[12,24,24,28,33,33,39],"damage_taken":[{"damage":1,"enemies":"Jaw Worm","floor":1,"turns":4},{"damage":0,"enemies":"2 Louse","floor":3,"turns":1},{"damage":1,"enemies":"Cultist","floor":4,"turns":3},{"damage":7,"enemies":"Blue Slaver","floor":5,"turns":4},{"damage":36,"enemies":"Lagavulin","floor":6,"turns":8},{"damage":8,"enemies":"2 Fungi Beasts","floor":10,"turns":3},{"damage":12,"enemies":"Gremlin Gang","floor":11,"turns":3},{"damage":2,"enemies":"Blue Slaver","floor":12,"turns":2},{"damage":7,"enemies":"Slime Boss","floor":16,"turns":7},{"damage":10,"enemies":"3 Byrds","floor":18,"turns":2},{"damage":7,"enemies":"Shell Parasite","floor":19,"turns":4},{"damage":7,"enemies":"Chosen and Byrds","floor":20,"turns":5},{"damage":18,"enemies":"Cultist and Chosen","floor":21,"turns":6},{"damage":15,"enemies":"Snecko","floor":24,"turns":4},{"damage":3,"enemies":"Chosen and Byrds","floor":27,"turns":4},{"damage":18,"enemies":"Snake Plant","floor":28,"turns":3},{"damage":2,"enemies":"Snecko","floor":29,"turns":5},{"damage":24,"enemies":"Collector","floor":33,"turns":10},{"damage":6,"enemies":"Orb Walker","floor":35,"turns":3},{"damage":0,"enemies":"3 Shapes","floor":37,"turns":6},{"damage":4,"enemies":"Transient","floor":38,"turns":5},{"damage":86,"enemies":"2 Orb Walkers","floor":39,"turns":5}],"seed_played":"-3408524100232080649","potions_obtained":[{"floor":4,"key":"GamblersBrew"},{"floor":10,"key":"Poison Potion"},{"floor":11,"key":"Fire Potion"},{"floor":18,"key":"Regen Potion"},{"floor":27,"key":"EssenceOfSteel"},{"floor":29,"key":"FearPotion"},{"floor":38,"key":"Dexterity Potion"}],"is_trial":false,"path_per_floor":["M","?","M","M","M","E","?","R","T","M","M","M","?","?","R","B",null,"M","M","M","M","$","R","M","R","T","M","M","M","?","$","R","B",null,"M","?","M","M","?"],"character_chosen":"DEFECT","items_purchased":["Blizzard","Coolheaded","Cables","Block Potion"],"campfire_rested":2,"item_purchase_floors":[22,22,22,31],"current_hp_per_floor":[74,74,74,73,66,30,30,30,30,22,10,8,8,8,30,23,75,65,58,51,33,33,33,30,30,30,27,9,7,7,7,29,5,75,69,69,69,65,0],"gold":189,"neow_bonus":"RANDOM_COLORLESS","is_prod":false,"is_daily":false,"chose_seed":false,"campfire_upgraded":3,"win_rate":0,"timestamp":1544799334,"path_taken":["M","?","M","M","M","E","?","R","T","?","M","M","?","?","R","BOSS","M","M","M","M","$","R","M","R","T","M","?","M","?","$","R","BOSS","M","?","M","M","?"],"build_version":"2018-12-13","purchased_purges":1,"victory":false,"max_hp_per_floor":[75,75,75,75,75,75,75,75,75,75,75,75,75,75,75,75,75,75,75,75,75,75,75,75,75,75,75,75,75,75,75,75,75,75,75,75,75,75,75],"card_choices":[{"not_picked":["Stack","Conserve Battery"],"picked":"Turbo","floor":1},{"not_picked":["Gash","Beam Cell","Hello World"],"picked":"SKIP","floor":3},{"not_picked":["White Noise","Force Field"],"picked":"Redo","floor":4},{"not_picked":["Cold Snap","Streamline"],"picked":"Compile Driver","floor":5},{"not_picked":["Reprogram","Echo Form"],"picked":"Defragment","floor":6},{"not_picked":["Streamline","Gash"],"picked":"Ball Lightning","floor":10},{"not_picked":["Rebound","Capacitor"],"picked":"Coolheaded","floor":11},{"not_picked":["Steam","Aggregate","Rebound"],"picked":"SKIP","floor":12},{"not_picked":["Buffer","Hyperbeam"],"picked":"Core Surge","floor":16},{"not_picked":["Leap","Steam+1"],"picked":"Hologram+1","floor":18},{"not_picked":["Stack","Rebound+1"],"picked":"Hologram","floor":19},{"not_picked":["Redo","Ball Lightning"],"picked":"Fission","floor":20},{"not_picked":["Rebound","Sweeping Beam"],"picked":"Chill","floor":21},{"not_picked":["Steam","Double Energy"],"picked":"Coolheaded","floor":24},{"not_picked":["Leap","Undo+1"],"picked":"Chaos+1","floor":27},{"not_picked":["Amplify","White Noise","Steam Power"],"picked":"SKIP","floor":28},{"not_picked":["Scrape","Aggregate","Force Field"],"picked":"SKIP","floor":29},{"not_picked":["Buffer","Electrodynamics"],"picked":"Core Surge","floor":33},{"not_picked":["Coolheaded","Darkness"],"picked":"Conserve Battery","floor":34},{"not_picked":["Ball Lightning","Gash"],"picked":"Blizzard","floor":34},{"not_picked":["Go for the Eyes","Tempest"],"picked":"Cold Snap+1","floor":35},{"not_picked":["Steam","Reprogram","Chaos"],"picked":"SKIP","floor":37},{"not_picked":["Hologram","Auto Shields+1"],"picked":"Cold Snap+1","floor":38}],"player_experience":247199,"relics_obtained":[{"floor":6,"key":"Bronze Scales"},{"floor":26,"key":"Pen Nib"}],"event_choices":[{"damage_healed":0,"gold_gain":0,"player_choice":"Grow","damage_taken":0,"max_hp_gain":0,"max_hp_loss":0,"event_name":"Living Wall","floor":2,"gold_loss":0,"cards_upgraded":["Zap"]},{"damage_healed":0,"gold_gain":0,"player_choice":"Forge","damage_taken":0,"max_hp_gain":0,"max_hp_loss":0,"event_name":"Accursed Blacksmith","floor":7,"gold_loss":0,"cards_upgraded":["Defragment"]},{"damage_healed":0,"gold_gain":0,"player_choice":"Ignored","damage_taken":0,"max_hp_gain":0,"max_hp_loss":0,"event_name":"Liars Game","floor":13,"gold_loss":0},{"cards_removed":["Strike_B"],"damage_healed":0,"gold_gain":0,"player_choice":"Offered Basic","damage_taken":0,"max_hp_gain":0,"max_hp_loss":0,"event_name":"Bonfire Elementals","floor":14,"gold_loss":0},{"damage_healed":0,"gold_gain":0,"player_choice":"Traded Relic","damage_taken":0,"relics_obtained":["Nloth\u0027s Gift"],"max_hp_gain":0,"max_hp_loss":0,"event_name":"N\u0027loth","floor":30,"relics_lost":["Runic Pyramid"],"gold_loss":0},{"cards_removed":["Zap"],"damage_healed":0,"gold_gain":0,"player_choice":"Removed Skill","damage_taken":0,"max_hp_gain":0,"max_hp_loss":0,"event_name":"Falling","floor":36,"gold_loss":0},{"damage_healed":0,"gold_gain":0,"player_choice":"Fight","damage_taken":0,"max_hp_gain":0,"max_hp_loss":0,"event_name":"Mysterious Sphere","floor":39,"gold_loss":0}],"is_beta":false,"boss_relics":[{"not_picked":["Busted Crown","Philosopher\u0027s Stone"],"picked":"Runic Pyramid"},{"not_picked":["Snecko Eye","Pandora\u0027s Box"],"picked":"Orrery"}],"items_purged_floors":[31],"is_endless":false,"potions_floor_spawned":[4,10,11,18,27,29,38],"killed_by":"2 Orb Walkers","ascension_level":0}