{"gold_per_floor":[110,110,121,138,38,52,72,4,80,80,80,96,113,128,128,228,228,242,242,259,88,103,103,103,32,32,49,49,12,28,60,60,157,157,174,188,1187,1187,1187],"floor_reached":39,"playtime":4424,"items_purged":["Strike_G","Defend_G"],"score":470,"play_id":"2d14489f-95eb-4ec8-bf1c-b5a303122fac","local_time":"20190216223016","is_ascension_mode":false,"campfire_choices":[{"data":"Acrobatics","floor":10,"key":"SMITH"},{"data":"Finisher","floor":15,"key":"SMITH"},{"data":"Distraction","floor":23,"key":"SMITH"},{"floor":32,"key":"REST"}],"neow_cost":"NONE","seed_source_timestamp":328043851933200,"circlet_count":0,"master_deck":["Defend_G","Defend_G","Defend_G","Defend_G","Survivor","Neutralize+1","Finisher+1","Distraction+1","Dodge and Roll","Acrobatics+1","Blade Dance","Deflect","Calculated Gamble","Infinite Blades","Expertise","Escape Plan","Acrobatics","Corpse Explosion","Acrobatics","Bite","Bite","Bite","Bite","Bite","Infinite Blades","Crippling Poison","Backflip","Noxious Fumes+1","Caltrops+1","Noxious Fumes","Endless Agony","Envenom","Doppelganger","Accuracy+1","Normality","Normality"],"relics":["Ring of the Snake","Bottled Lightning","Philosopher\u0027s Stone","Enchiridion","Paper Crane","Peace Pipe","Lizard Tail"],"potions_floor_usage":[16,16,22,22,27,35],"damage_taken":[{"damage":0,"enemies":"Jaw Worm","floor":1,"turns":4},{"damage":0,"enemies":"2 Louse","floor":3,"turns":3},{"damage":1,"enemies":"Cultist","floor":4,"turns":5},{"damage":20,"enemies":"Large Slime","floor":6,"turns":9},{"damage":0,"enemies":"3 Louse","floor":7,"turns":7},{"damage":0,"enemies":"Blue Slaver","floor":12,"turns":5},{"damage":0,"enemies":"Looter","floor":13,"turns":3},{"damage":0,"enemies":"2 Fungi Beasts","floor":14,"turns":4},{"damage":48,"enemies":"Hexaghost","floor":16,"turns":19},{"damage":3,"enemies":"Shell Parasite","floor":18,"turns":7},{"damage":4,"enemies":"Chosen","floor":20,"turns":3},{"damage":15,"enemies":"Sentry and Sphere","floor":22,"turns":7},{"damage":10,"enemies":"3 Cultists","floor":27,"turns":4},{"damage":9,"enemies":"Centurion and Healer","floor":30,"turns":6},{"damage":29,"enemies":"Book of Stabbing","floor":31,"turns":6},{"damage":43,"enemies":"Champ","floor":33,"turns":10},{"damage":51,"enemies":"3 Darklings","floor":35,"turns":3},{"damage":7,"enemies":"Orb Walker","floor":36,"turns":4},{"damage":28,"enemies":"Sphere and 2 Shapes","floor":39,"turns":3}],"seed_played":"318010485897364449","potions_obtained":[{"floor":1,"key":"SpeedPotion"},{"floor":6,"key":"GhostInAJar"},{"floor":13,"key":"Fire Potion"},{"floor":18,"key":"Block Potion"},{"floor":20,"key":"Energy Potion"},{"floor":27,"key":"Fire Potion"}],"is_trial":false,"path_per_floor":["M","?","M","M","$","M","M","$","T","R","?","M","M","M","R","B",null,"M","?","M","$","M","R","?","$","T","M","?","$","M","E","R","B",null,"M","M","?","?","M"],"character_chosen":"THE_SILENT","items_purchased":["Blade Dance","Infinite Blades","Crippling Poison","Noxious Fumes","Noxious Fumes"],"campfire_rested":1,"item_purchase_floors":[5,8,21,25,29],"current_hp_per_floor":[70,70,70,69,69,49,49,49,49,49,49,49,49,49,49,1,70,67,49,49,49,41,41,25,25,25,19,35,35,36,15,29,4,49,24,23,23,23,0],"gold":1187,"neow_bonus":"UPGRADE_CARD","is_prod":false,"is_daily":false,"chose_seed":false,"campfire_upgraded":3,"win_rate":0.0,"timestamp":1550352616,"path_taken":["M","?","M","M","$","M","M","$","T","R","?","?","M","M","R","BOSS","M","?","M","$","M","R","?","$","T","M","?","?","M","E","R","BOSS","M","M","?","?","M"],"build_version":"2019-01-23","purchased_purges":2,"victory":false,"max_hp_per_floor":[70,70,70,70,70,70,70,70,70,70,70,70,70,70,70,70,70,70,49,49,49,49,49,49,49,49,49,49,49,49,49,49,49,49,49,49,49,49,49],"card_choices":[{"not_picked":["Dodge and Roll","Backflip"],"picked":"Finisher","floor":1},{"not_picked":["Dagger Throw","Quick Slash"],"picked":"Dodge and Roll","floor":3},{"not_picked":["Backflip","Predator"],"picked":"Acrobatics","floor":4},{"not_picked":["Quick Slash","Prepared"],"picked":"Deflect","floor":6},{"not_picked":["Sucker Punch","Flying Knee"],"picked":"Calculated Gamble","floor":7},{"not_picked":["Unload","Predator"],"picked":"Expertise","floor":12},{"not_picked":["Finisher","Outmaneuver"],"picked":"Escape Plan","floor":13},{"not_picked":["Poisoned Stab","Leg Sweep"],"picked":"Acrobatics","floor":14},{"not_picked":["A Thousand Cuts","Storm of Steel"],"picked":"Corpse Explosion","floor":16},{"not_picked":["Outmaneuver","Underhanded Strike+1"],"picked":"Acrobatics","floor":18},{"not_picked":["Calculated Gamble","Outmaneuver"],"picked":"Infinite Blades","floor":20},{"not_picked":["Prepared+1","Flying Knee"],"picked":"Backflip","floor":22},{"not_picked":["Deadly Poison","Blade Dance"],"picked":"Caltrops+1","floor":27},{"not_picked":["Predator","Poisoned Stab"],"picked":"Endless Agony","floor":30},{"not_picked":["Outmaneuver","Flechettes"],"picked":"Envenom","floor":31},{"not_picked":["Burst","Malaise"],"picked":"Doppelganger","floor":33},{"not_picked":["Endless Agony","Calculated Gamble","Masterful Stab"],"picked":"SKIP","floor":35},{"not_picked":["Underhanded Strike+1","PiercingWail+1"],"picked":"Accuracy+1","floor":36}],"player_experience":136973,"relics_obtained":[{"floor":9,"key":"Bottled Lightning"},{"floor":24,"key":"Enchiridion"},{"floor":26,"key":"Paper Crane"},{"floor":31,"key":"Peace Pipe"}],"event_choices":[{"damage_healed":0,"gold_gain":0,"cards_transformed":["Strike_G"],"player_choice":"Change","damage_taken":0,"max_hp_gain":0,"max_hp_loss":0,"event_name":"Living Wall","floor":2,"gold_loss":0,"cards_obtained":["Distraction"]},{"cards_removed":["Strike_G"],"damage_healed":0,"gold_gain":0,"player_choice":"Offered Basic","damage_taken":0,"max_hp_gain":0,"max_hp_loss":0,"event_name":"Bonfire Elementals","floor":11,"gold_loss":0},{"damage_healed":0,"gold_gain":0,"player_choice":"Became a vampire","damage_taken":0,"max_hp_gain":0,"max_hp_loss":21,"event_name":"Vampires","floor":19,"gold_loss":0,"cards_obtained":["Bite","Bite","Bite","Bite","Bite"]},{"damage_healed":0,"gold_gain":0,"player_choice":"Obtained Book","damage_taken":16,"max_hp_gain":0,"max_hp_loss":0,"event_name":"Cursed Tome","floor":24,"gold_loss":0},{"damage_healed":16,"gold_gain":0,"player_choice":"Heal","damage_taken":0,"max_hp_gain":0,"max_hp_loss":0,"event_name":"The Library","floor":28,"gold_loss":0},{"damage_healed":0,"gold_gain":999,"player_choice":"Gold","damage_taken":0,"max_hp_gain":0,"max_hp_loss":0,"event_name":"MindBloom","floor":37,"gold_loss":0,"cards_obtained":["Normality","Normality"]},{"damage_healed":0,"gold_gain":0,"player_choice":"Forge","damage_taken":0,"max_hp_gain":0,"max_hp_loss":0,"event_name":"Accursed Blacksmith","floor":38,"gold_loss":0,"cards_upgraded":["Noxious Fumes"]}],"is_beta":false,"boss_relics":[{"not_picked":["HoveringKite","Runic Pyramid"],"picked":"Philosopher\u0027s Stone"},{"not_picked":["Calling Bell","Coffee Dripper"],"picked":"Lizard Tail"}],"items_purged_floors":[5,21],"is_endless":false,"potions_floor_spawned":[1,6,13,14,18,20,27],"killed_by":"Sphere and 2 Shapes","ascension_level":0}