{"gold_per_floor":[115,40,140,153,14,44,58,58,134,134,84,94,94,112,112,217,217,230,230,240,64,77,77,89,89,138,156,156,171,96,96,96,199,199,217,217,217,236,248,248,265,284,311,311,321,340,355,69,69,69],"floor_reached":50,"playtime":2506,"items_purged":["Strike_R","Strike_R","Writhe","Clumsy"],"score":473,"play_id":"e3a67033-4866-4dd0-827e-9b6245922820","local_time":"20180818225911","is_ascension_mode":false,"campfire_choices":[{"data":"Inflame","floor":10,"key":"SMITH"},{"data":"Bash","floor":15,"key":"SMITH"},{"data":"Heavy Blade","floor":23,"key":"SMITH"},{"data":"Intimidate","floor":25,"key":"SMITH"},{"data":"Shrug It Off","floor":32,"key":"SMITH"},{"floor":40,"key":"REST"},{"floor":44,"key":"REST"},{"data":"Limit Break","floor":49,"key":"SMITH"}],"neow_cost":"NONE","seed_source_timestamp":90043017007615,"circlet_count":0,"master_deck":["Strike_R","Defend_R+1","Defend_R","Defend_R","Bash+1","Inflame+1","Intimidate+1","Flex+1","Disarm","Fire Breathing","Reaper","Cleave","Impervious","Heavy Blade+1","Warcry+1","Rage+1","Twin Strike","Spot Weakness","Shrug It Off+1","Offering","Bloodletting+1","Madness","Madness","Twin Strike+1","Heavy Blade+1","Pommel Strike+1","Battle Trance","Limit Break+1","Intimidate+1","Dual Wield+1","Whirlwind+1","Offering"],"relics":["Burning Blood","Happy Flower","Strawberry","Question Card","Cursed Key","Calipers","Dream Catcher","Empty Cage","Vajra"],"potions_floor_usage":[16,22,27,29,33,41,50,50,50,50,50],"damage_taken":[{"damage":1,"enemies":"2 Louse","floor":1,"turns":3},{"damage":1,"enemies":"Cultist","floor":4,"turns":3},{"damage":21,"enemies":"Lagavulin","floor":6,"turns":6},{"damage":1,"enemies":"Jaw Worm","floor":7,"turns":3},{"damage":7,"enemies":"Looter","floor":12,"turns":3},{"damage":8,"enemies":"Blue Slaver","floor":14,"turns":3},{"damage":40,"enemies":"The Guardian","floor":16,"turns":8},{"damage":20,"enemies":"Shell Parasite","floor":18,"turns":4},{"damage":15,"enemies":"Chosen","floor":20,"turns":5},{"damage":15,"enemies":"Snake Plant","floor":22,"turns":3},{"damage":6,"enemies":"Snecko","floor":24,"turns":4},{"damage":8,"enemies":"Chosen and Byrds","floor":27,"turns":6},{"damage":17,"enemies":"Shelled Parasite and Fungi","floor":29,"turns":5},{"damage":85,"enemies":"Automaton","floor":33,"turns":10},{"damage":10,"enemies":"Orb Walker","floor":35,"turns":3},{"damage":30,"enemies":"3 Shapes","floor":38,"turns":10},{"damage":46,"enemies":"Maw","floor":39,"turns":7},{"damage":20,"enemies":"Flame Bruiser 2 Orb","floor":41,"turns":3},{"damage":18,"enemies":"3 Darklings","floor":42,"turns":5},{"damage":29,"enemies":"Spire Growth","floor":45,"turns":4},{"damage":31,"enemies":"Transient","floor":46,"turns":5},{"damage":6,"enemies":"3 Darklings","floor":47,"turns":4},{"damage":56,"enemies":"Time Eater","floor":50,"turns":4}],"seed_played":"-7090351558840250078","potions_obtained":[{"floor":6,"key":"SpeedPotion"},{"floor":7,"key":"SkillPotion"},{"floor":16,"key":"LiquidBronze"},{"floor":18,"key":"PowerPotion"},{"floor":24,"key":"SkillPotion"},{"floor":33,"key":"Strength Potion"},{"floor":35,"key":"SteroidPotion"},{"floor":38,"key":"Energy Potion"},{"floor":39,"key":"Strength Potion"},{"floor":46,"key":"EntropicBrew"}],"is_trial":false,"path_per_floor":["M","$","?","M","$","E","M","?","T","R","?","M","?","M","R","B",null,"M","?","M","$","M","R","M","R","T","M","?","M","?","$","R","B",null,"M","?","?","M","M","R","M","M","T","R","M","M","M","$","R"],"character_chosen":"IRONCLAD","items_purchased":["Inflame","Heavy Blade","Offering"],"campfire_rested":2,"item_purchase_floors":[5,21,48],"current_hp_per_floor":[80,80,80,80,80,72,77,60,60,60,60,59,59,57,57,23,87,83,83,87,87,87,87,87,87,87,85,85,87,87,87,87,18,87,83,83,72,56,16,42,28,16,16,42,35,25,40,40,40,0],"gold":69,"neow_bonus":"RANDOM_COMMON_RELIC","is_prod":false,"is_daily":false,"chose_seed":false,"campfire_upgraded":6,"win_rate":0,"timestamp":1534604351,"path_taken":["M","$","?","M","$","E","M","?","T","R","?","?","?","M","R","BOSS","M","?","M","$","M","R","M","R","T","M","?","M","?","$","R","BOSS","M","?","?","M","M","R","M","M","T","R","M","?","M","$","R","BOSS"],"build_version":"2018-08-16","purchased_purges":4,"victory":false,"max_hp_per_floor":[80,80,80,80,80,87,87,87,87,87,87,87,87,87,87,87,87,87,87,87,87,87,87,87,87,87,87,87,87,87,87,87,87,87,87,87,87,87,87,87,87,87,87,87,87,87,87,87,87,87],"card_choices":[{"not_picked":["Wild Strike","Clothesline"],"picked":"Anger","floor":1},{"not_picked":["Searing Blow","True Grit","Heavy Blade"],"picked":"SKIP","floor":4},{"not_picked":["Fire Breathing","Dropkick"],"picked":"Intimidate","floor":6},{"not_picked":["Rampage","Body Slam"],"picked":"Flex","floor":7},{"not_picked":["Warcry","Thunderclap","Dual Wield"],"picked":"Disarm","floor":12},{"not_picked":["Feel No Pain","Havoc","Body Slam","Juggernaut"],"picked":"SKIP","floor":14},{"not_picked":["Demon Form","Berserk","Offering"],"picked":"Reaper","floor":16},{"not_picked":["Warcry","Entrench","Metallicize"],"picked":"Cleave","floor":18},{"not_picked":["Warcry","Iron Wave+1","Twin Strike"],"picked":"Impervious","floor":20},{"not_picked":["Wild Strike","Twin Strike","Hemokinesis"],"picked":"Warcry+1","floor":22},{"not_picked":["Havoc","Clash","Hemokinesis"],"picked":"Rage+1","floor":24},{"not_picked":["Thunderclap","Power Through","Clash"],"picked":"Twin Strike","floor":27},{"not_picked":["Bludgeon","Thunderclap","Anger"],"picked":"Shrug It Off","floor":29},{"not_picked":["Double Tap","Demon Form","Impervious"],"picked":"Offering","floor":33},{"not_picked":["Flex","Warcry+1","Anger"],"picked":"Bloodletting+1","floor":35},{"not_picked":["True Grit+1","Anger","Armaments"],"picked":"Twin Strike+1","floor":38},{"not_picked":["Shrug It Off+1","Power Through","Feel No Pain+1"],"picked":"Heavy Blade+1","floor":39},{"not_picked":["Shockwave+1","Headbutt","Clash+1"],"picked":"Pommel Strike+1","floor":40},{"not_picked":["Flex+1","Pommel Strike","Corruption+1"],"picked":"Battle Trance","floor":41},{"not_picked":["Havoc","Twin Strike","True Grit+1"],"picked":"Limit Break","floor":42},{"not_picked":["Rampage","Ghostly Armor","Perfected Strike+1"],"picked":"Intimidate+1","floor":44},{"not_picked":["Battle Trance","Anger","Clash","Thunderclap"],"picked":"SKIP","floor":45},{"not_picked":["True Grit+1","Dropkick+1","Battle Trance"],"picked":"Dual Wield+1","floor":46},{"not_picked":["Intimidate+1","Twin Strike+1","Heavy Blade+1"],"picked":"Whirlwind+1","floor":47}],"player_experience":688030,"relics_obtained":[{"floor":6,"key":"Strawberry"},{"floor":9,"key":"Question Card"},{"floor":26,"key":"Dream Catcher"},{"floor":43,"key":"Vajra"}],"event_choices":[{"event_name":"Wheel of Change","player_choice":"Gold","floor":3,"damage_taken":0},{"event_name":"Shining Light","player_choice":"Entered Light","floor":8,"damage_taken":0},{"event_name":"The Cleric","player_choice":"Card Removal","floor":11,"damage_taken":0},{"event_name":"Living Wall","player_choice":"Change","floor":13,"damage_taken":0},{"event_name":"The Mausoleum","player_choice":"Yes","floor":19,"damage_taken":0},{"event_name":"The Library","player_choice":"Read","floor":28,"damage_taken":0},{"event_name":"Beggar","player_choice":"Gave Gold","floor":30,"damage_taken":0},{"event_name":"Tomb of Lord Red Mask","player_choice":"Ignored","floor":36,"damage_taken":0},{"event_name":"Winding Halls","player_choice":"Embrace Madness","floor":37,"damage_taken":0}],"is_beta":false,"boss_relics":[{"not_picked":["Velvet Choker","Eternal Feather"],"picked":"Cursed Key"},{"not_picked":["Runic Pyramid","Pandora\u0027s Box"],"picked":"Empty Cage"}],"items_purged_floors":[2,5,21,48],"is_endless":false,"potions_floor_spawned":[6,7,16,18,24,33,35,38,39,46],"killed_by":"Time Eater","ascension_level":0}