{"gold_per_floor":[114,90,90,90,90,124,142,142,142,159,176,24,37,54,54,149,149,159,142,42,141,141,141,141],"floor_reached":24,"playtime":1050,"items_purged":["Strike_R","Strike_R"],"score":265,"play_id":"3da64359-1618-43b8-9ffa-2f57a886d250","local_time":"20190409194709","is_ascension_mode":true,"campfire_choices":[{"data":"True Grit","floor":8,"key":"SMITH"},{"data":"Rampage","floor":15,"key":"SMITH"},{"data":"Uppercut","floor":23,"key":"SMITH"}],"neow_cost":"NONE","seed_source_timestamp":325849914856700,"circlet_count":0,"master_deck":["Strike_R","Strike_R","Defend_R","Defend_R","Defend_R","Defend_R","Bash","Whirlwind+1","Pommel Strike","Flame Barrier","True Grit+1","Uppercut+1","Evolve+1","Rampage+1","Shrug It Off","Impervious","Feed","Headbutt+1"],"relics":["Burning Blood","Frozen Egg 2","Regal Pillow","Darkstone Periapt","Eternal Feather"],"potions_floor_usage":[6,14,16],"damage_taken":[{"damage":13,"enemies":"Jaw Worm","floor":1,"turns":5},{"damage":12,"enemies":"Gremlin Nob","floor":6,"turns":3},{"damage":0,"enemies":"2 Louse","floor":7,"turns":3},{"damage":2,"enemies":"Small Slimes","floor":10,"turns":3},{"damage":4,"enemies":"Blue Slaver","floor":11,"turns":4},{"damage":14,"enemies":"Looter","floor":13,"turns":4},{"damage":0,"enemies":"2 Fungi Beasts","floor":14,"turns":2},{"damage":35,"enemies":"Hexaghost","floor":16,"turns":11},{"damage":35,"enemies":"Shell Parasite","floor":18,"turns":13},{"damage":24,"enemies":"2 Thieves","floor":19,"turns":4},{"damage":63,"enemies":"Book of Stabbing","floor":24,"turns":5}],"seed_played":"5755046357111282812","potions_obtained":[{"floor":0,"key":"SteroidPotion"},{"floor":0,"key":"Ancient Potion"},{"floor":0,"key":"PowerPotion"},{"floor":1,"key":"EssenceOfSteel"},{"floor":7,"key":"Fire Potion"},{"floor":16,"key":"SteroidPotion"}],"is_trial":false,"path_per_floor":["M","$","?","?","?","E","M","R","T","M","M","$","M","M","R","B",null,"M","M","$","?","?","R","E"],"character_chosen":"IRONCLAD","items_purchased":["Pommel Strike","Rampage"],"campfire_rested":0,"item_purchase_floors":[2,12],"current_hp_per_floor":[65,65,65,58,55,49,55,55,55,59,61,61,53,59,59,30,68,39,24,24,24,51,60,0],"gold":141,"neow_bonus":"THREE_SMALL_POTIONS","is_prod":false,"is_daily":false,"chose_seed":false,"campfire_upgraded":3,"win_rate":0,"timestamp":1554832029,"path_taken":["M","$","?","?","?","E","M","R","T","M","M","?","M","M","R","BOSS","M","M","$","?","?","R","E"],"build_version":"2019-01-23","purchased_purges":2,"victory":false,"max_hp_per_floor":[80,80,80,80,80,80,80,80,80,80,80,80,80,80,80,80,80,80,83,83,83,83,83,83],"card_choices":[{"not_picked":["Twin Strike","Perfected Strike"],"picked":"Whirlwind","floor":1},{"not_picked":["Clash","Feel No Pain+1"],"picked":"Flame Barrier","floor":6},{"not_picked":["Warcry","Havoc"],"picked":"True Grit","floor":7},{"not_picked":["Pommel Strike","Rupture+1"],"picked":"Uppercut","floor":10},{"not_picked":["Carnage","Twin Strike"],"picked":"Evolve+1","floor":11},{"not_picked":["Bloodletting","Perfected Strike"],"picked":"Shrug It Off","floor":13},{"not_picked":["Heavy Blade","Pommel Strike"],"picked":"Impervious","floor":14},{"not_picked":["Exhume","Offering"],"picked":"Feed","floor":16},{"not_picked":["Whirlwind","Fire Breathing+1"],"picked":"Headbutt+1","floor":18},{"not_picked":["Armaments","Sentinel","Second Wind+1"],"picked":"SKIP","floor":19}],"player_experience":582832,"relics_obtained":[{"floor":6,"key":"Regal Pillow"},{"floor":9,"key":"Darkstone Periapt"}],"event_choices":[{"damage_healed":0,"gold_gain":0,"player_choice":"Grow","damage_taken":0,"max_hp_gain":0,"max_hp_loss":0,"event_name":"Living Wall","floor":3,"gold_loss":0,"cards_upgraded":["Whirlwind"]},{"cards_removed":["Strike_R"],"damage_healed":0,"gold_gain":0,"player_choice":"Card Removal","damage_taken":7,"max_hp_gain":0,"max_hp_loss":0,"event_name":"Golden Wing","floor":4,"gold_loss":0},{"damage_healed":0,"gold_gain":0,"player_choice":"Success","damage_taken":3,"relics_obtained":["Frozen Egg 2"],"max_hp_gain":0,"max_hp_loss":0,"event_name":"Scrap Ooze","floor":5,"gold_loss":0},{"damage_healed":0,"gold_gain":99,"player_choice":"Stole From Cult","damage_taken":0,"max_hp_gain":0,"max_hp_loss":0,"event_name":"Nest","floor":21,"gold_loss":0},{"damage_healed":27,"gold_gain":0,"player_choice":"Heal","damage_taken":0,"max_hp_gain":0,"max_hp_loss":0,"event_name":"The Library","floor":22,"gold_loss":0}],"is_beta":false,"boss_relics":[{"not_picked":["Runic Dome","Coffee Dripper"],"picked":"Eternal Feather"}],"items_purged_floors":[12,20],"is_endless":false,"potions_floor_spawned":[1,7,11,16],"killed_by":"Book of Stabbing","ascension_level":7}