{"gold_per_floor":[113,126,201,151,164,196,196,45,97,122,185,210,225,257,257,361,361,374,374,134,154,174,174,3,13,13,31,31,50,50,80,80,185,185,203,221,221,240,250,250,275,275,302,321,348,367,43,57,57,57],"floor_reached":51,"playtime":4576,"items_purged":["Strike_B","Strike_B","Double Energy"],"score":942,"play_id":"b65f06cf-f1bb-478e-b9e3-2479effa9e3e","local_time":"20181012122611","is_ascension_mode":true,"campfire_choices":[{"data":"Defragment","floor":7,"key":"SMITH"},{"floor":15,"key":"REST"},{"data":"Chill","floor":23,"key":"SMITH"},{"data":"Zap","floor":28,"key":"SMITH"},{"floor":30,"key":"REST"},{"data":"Capacitor","floor":32,"key":"SMITH"},{"floor":40,"key":"REST"},{"data":"Buffer","floor":42,"key":"SMITH"},{"floor":49,"key":"REST"}],"neow_cost":"NONE","seed_source_timestamp":97187436267800,"circlet_count":0,"master_deck":["Zap+1","Dualcast","Ball Lightning+1","Go for the Eyes","Defragment+1","Hologram","Chill+1","Hello World","FTL","Barrage","Buffer+1","Coolheaded","Redo+1","Capacitor+1","BootSequence+1","Redo+1","Double Energy+1","Conserve Battery+1","Reboot+1","Heatsinks","Cold Snap","Gash","Compile Driver","Turbo+1","BootSequence+1","Leap+1","Static Discharge+1","Capacitor+1","Rebound","White Noise+1","Storm","Leap+1"],"relics":["Cracked Core","Strawberry","Bronze Scales","Whetstone","Happy Flower","Anchor","Potion Belt","Black Star","Toxic Egg 2","Singing Bowl","Ice Cream","Gambling Chip","Pandora\u0027s Box","Ancient Tea Set","Juzu Bracelet","Omamori","Matryoshka","Kunai"],"potions_floor_usage":[10,14,16,16,16,25,31,33,35,36,50,50,50],"damage_taken":[{"damage":9,"enemies":"Jaw Worm","floor":1,"turns":4},{"damage":0,"enemies":"Cultist","floor":2,"turns":2},{"damage":0,"enemies":"Small Slimes","floor":5,"turns":2},{"damage":24,"enemies":"Gremlin Nob","floor":6,"turns":4},{"damage":12,"enemies":"3 Sentries","floor":10,"turns":5},{"damage":16,"enemies":"Gremlin Nob","floor":12,"turns":3},{"damage":0,"enemies":"Looter","floor":13,"turns":2},{"damage":1,"enemies":"Lagavulin","floor":14,"turns":5},{"damage":0,"enemies":"The Guardian","floor":16,"turns":8},{"damage":6,"enemies":"Spheric Guardian","floor":18,"turns":3},{"damage":23,"enemies":"Colosseum Slavers","floor":19,"turns":6},{"damage":0,"enemies":"Chosen","floor":21,"turns":5},{"damage":0,"enemies":"Centurion and Healer","floor":22,"turns":6},{"damage":0,"enemies":"Shelled Parasite and Fungi","floor":25,"turns":5},{"damage":0,"enemies":"3 Cultists","floor":27,"turns":6},{"damage":23,"enemies":"Snake Plant","floor":29,"turns":4},{"damage":0,"enemies":"Gremlin Leader","floor":31,"turns":8},{"damage":44,"enemies":"Automaton","floor":33,"turns":10},{"damage":2,"enemies":"3 Darklings","floor":35,"turns":5},{"damage":3,"enemies":"Orb Walker","floor":36,"turns":3},{"damage":11,"enemies":"Reptomancer","floor":38,"turns":6},{"damage":18,"enemies":"Sphere and 2 Shapes","floor":39,"turns":5},{"damage":11,"enemies":"Nemesis","floor":41,"turns":9},{"damage":0,"enemies":"4 Shapes","floor":44,"turns":7},{"damage":33,"enemies":"Giant Head","floor":45,"turns":9},{"damage":0,"enemies":"3 Darklings","floor":46,"turns":8},{"damage":18,"enemies":"Reptomancer","floor":48,"turns":6},{"damage":0,"enemies":"Time Eater","floor":50,"turns":11}],"seed_played":"-9181850904828337344","potions_obtained":[{"floor":2,"key":"Dexterity Potion"},{"floor":6,"key":"SkillPotion"},{"floor":12,"key":"Fire Potion"},{"floor":13,"key":"LiquidBronze"},{"floor":14,"key":"PowerPotion"},{"floor":16,"key":"Dexterity Potion"},{"floor":21,"key":"EssenceOfSteel"},{"floor":25,"key":"Strength Potion"},{"floor":31,"key":"Explosive Potion"},{"floor":33,"key":"Block Potion"},{"floor":36,"key":"Energy Potion"},{"floor":39,"key":"Dexterity Potion"},{"floor":46,"key":"Swift Potion"},{"floor":48,"key":"Fire Potion"}],"is_trial":false,"path_per_floor":["M","M","?","?","M","E","R","$","T","E","?","E","M","E","R","B",null,"M","?","$","M","M","R","$","M","T","M","R","M","R","E","R","B",null,"M","M","$","M","M","R","E","R","T","M","E","M","$","M","R","B"],"character_chosen":"DEFECT","items_purchased":["Chill","Toxic Egg 2","BootSequence+1","White Noise+1","Block Potion","Storm"],"campfire_rested":4,"item_purchase_floors":[8,20,24,47,47,47],"current_hp_per_floor":[73,73,65,65,65,41,41,41,41,29,29,13,13,12,36,36,82,76,53,53,53,53,53,53,53,53,55,55,32,57,57,57,13,84,82,79,79,68,50,75,66,66,66,68,37,37,37,19,46,46],"gold":57,"neow_bonus":"RANDOM_COMMON_RELIC","is_prod":false,"is_daily":false,"chose_seed":false,"campfire_upgraded":5,"win_rate":0,"timestamp":1539339971,"path_taken":["M","M","?","?","M","E","R","$","T","E","?","E","M","E","R","BOSS","M","?","?","M","M","R","$","?","T","M","R","M","R","E","R","BOSS","M","M","?","?","M","R","E","R","T","M","E","M","$","M","R","BOSS"],"build_version":"2018-10-11","purchased_purges":3,"victory":true,"max_hp_per_floor":[82,82,82,82,82,82,82,82,82,82,82,82,82,82,82,82,82,82,82,82,82,82,82,82,82,82,84,84,84,84,84,84,84,84,84,84,84,84,84,84,86,86,86,88,90,90,90,90,90,90],"card_choices":[{"not_picked":["Turbo","Sunder"],"picked":"Ball Lightning","floor":1},{"not_picked":["Coolheaded","Doom and Gloom"],"picked":"Go for the Eyes","floor":2},{"not_picked":["Ball Lightning","Leap"],"picked":"Defragment","floor":5},{"not_picked":["Genetic Algorithm","Aggregate"],"picked":"Hologram","floor":6},{"not_picked":["Reprogram","Consume"],"picked":"Hello World","floor":10},{"not_picked":["Doom and Gloom","Hologram"],"picked":"Double Energy","floor":12},{"not_picked":["Beam Cell","Stack"],"picked":"FTL","floor":13},{"not_picked":["Gash","Steam"],"picked":"Barrage","floor":14},{"not_picked":["Multi-Cast","Biased Cognition"],"picked":"Buffer","floor":16},{"not_picked":["Stack+1","Fusion"],"picked":"Coolheaded","floor":18},{"not_picked":["Recycle+1","Ball Lightning"],"picked":"Redo+1","floor":21},{"not_picked":["Conserve Battery+1","Go for the Eyes"],"picked":"Capacitor","floor":22},{"not_picked":["Rebound","Undo+1"],"picked":"Redo+1","floor":25},{"not_picked":["Heatsinks","Streamline","Consume+1"],"picked":"Singing Bowl","floor":27},{"not_picked":["Streamline","Heatsinks"],"picked":"Double Energy+1","floor":29},{"not_picked":["Go for the Eyes","Darkness+1"],"picked":"Conserve Battery+1","floor":31},{"not_picked":["Multi-Cast+1","Fission+1"],"picked":"Reboot+1","floor":33},{"not_picked":["Beam Cell+1","Melter"],"picked":"BootSequence+1","floor":35},{"not_picked":["Coolheaded+1","Rebound"],"picked":"Leap+1","floor":36},{"not_picked":["Stack+1","Hologram+1"],"picked":"Static Discharge+1","floor":38},{"not_picked":["Stack+1","Compile Driver"],"picked":"Capacitor+1","floor":39},{"not_picked":["Doom and Gloom+1","Reprogram+1","Scrape"],"picked":"Singing Bowl","floor":41},{"not_picked":["Gash","Steam+1","All For One"],"picked":"Singing Bowl","floor":44},{"not_picked":["Compile Driver+1","Thunder Strike","Force Field+1"],"picked":"Singing Bowl","floor":45},{"not_picked":["Steam+1","Streamline+1"],"picked":"Rebound","floor":46},{"not_picked":["Stack+1","Genetic Algorithm+1"],"picked":"Leap+1","floor":48}],"player_experience":133772,"relics_obtained":[{"floor":6,"key":"Bronze Scales"},{"floor":9,"key":"Whetstone"},{"floor":10,"key":"Happy Flower"},{"floor":12,"key":"Anchor"},{"floor":14,"key":"Potion Belt"},{"floor":26,"key":"Singing Bowl"},{"floor":31,"key":"Ice Cream"},{"floor":31,"key":"Gambling Chip"},{"floor":41,"key":"Ancient Tea Set"},{"floor":41,"key":"Juzu Bracelet"},{"floor":43,"key":"Omamori"},{"floor":45,"key":"Matryoshka"},{"floor":45,"key":"Kunai"}],"event_choices":[{"event_name":"FaceTrader","player_choice":"Touch","floor":3,"damage_taken":0},{"event_name":"The Cleric","player_choice":"Card Removal","floor":4,"damage_taken":0},{"event_name":"Golden Wing","player_choice":"Gained Gold","floor":11,"damage_taken":0},{"event_name":"Colosseum","player_choice":"Fight","floor":19,"damage_taken":0},{"event_name":"Colosseum","player_choice":"Fled From Nobs","floor":19,"damage_taken":0}],"is_beta":false,"boss_relics":[{"not_picked":["Snecko Eye","FrozenCore"],"picked":"Black Star"},{"not_picked":["Eternal Feather","Calling Bell"],"picked":"Pandora\u0027s Box"}],"items_purged_floors":[8,24,47],"is_endless":false,"potions_floor_spawned":[2,6,12,13,14,16,21,25,31,33,36,39,46,48],"ascension_level":2}