{"gold_per_floor":[117,131,149,161,181,213,113,140,140,140,140,152,152,171,171,268,268,286,306,317,336,246,246,256,156,156,156,156,206,274,286,286,387,387,399,449,464,39,26,26,39,109,109,109,123,135,135,185,185,185],"floor_reached":51,"playtime":3803,"items_purged":["Strike_B","Strike_B"],"score":615,"play_id":"65707c94-ed28-47e5-9cc5-dabd479e440a","local_time":"20181012110920","is_ascension_mode":false,"campfire_choices":[{"floor":13,"key":"REST"},{"data":"Zap","floor":15,"key":"SMITH"},{"data":"Double Energy","floor":23,"key":"SMITH"},{"floor":28,"key":"REST"},{"floor":32,"key":"REST"},{"data":"Loop","floor":40,"key":"SMITH"},{"data":"Barrage","floor":44,"key":"SMITH"},{"data":"Leap","floor":47,"key":"SMITH"},{"data":"Glacier","floor":49,"key":"SMITH"}],"neow_cost":"NONE","seed_source_timestamp":93350952711800,"circlet_count":0,"master_deck":["Defend_B+1","Defend_B","Zap+1","Dualcast","Sweeping Beam","Coolheaded","Double Energy+1","Compile Driver","Barrage+1","Leap+1","Cold Snap","Parasite","Conserve Battery","Ball Lightning","Reboot+1","Go for the Eyes+1","Leap+1","Auto Shields","Defragment+1","Chill+1","Loop+1","Reboot","Capacitor+1","Conserve Battery","Glacier+1","Barrage+1","FTL","Coolheaded","Finesse"],"relics":["Cracked Core","Regal Pillow","Bottled Lightning","Du-Vu Doll","Inserter","Dodecahedron","SsserpentHead","Enchiridion","Empty Cage","Lee\u0027s Waffle","Blood Vial","Calipers","FossilizedHelix"],"potions_floor_usage":[8,16,19,19,33,50,50,50],"damage_taken":[{"damage":0,"enemies":"Cultist","floor":1,"turns":4},{"damage":0,"enemies":"Small Slimes","floor":2,"turns":2},{"damage":0,"enemies":"2 Louse","floor":3,"turns":2},{"damage":2,"enemies":"Blue Slaver","floor":4,"turns":4},{"damage":6,"enemies":"Large Slime","floor":5,"turns":6},{"damage":24,"enemies":"Lagavulin","floor":6,"turns":9},{"damage":14,"enemies":"Gremlin Nob","floor":8,"turns":4},{"damage":9,"enemies":"Lots of Slimes","floor":12,"turns":4},{"damage":2,"enemies":"Exordium Wildlife","floor":14,"turns":3},{"damage":23,"enemies":"The Guardian","floor":16,"turns":11},{"damage":15,"enemies":"Chosen","floor":18,"turns":5},{"damage":12,"enemies":"2 Thieves","floor":19,"turns":3},{"damage":12,"enemies":"Snake Plant","floor":20,"turns":6},{"damage":7,"enemies":"Centurion and Healer","floor":21,"turns":10},{"damage":17,"enemies":"Sentry and Sphere","floor":24,"turns":5},{"damage":8,"enemies":"3 Cultists","floor":30,"turns":5},{"damage":4,"enemies":"Shelled Parasite and Fungi","floor":31,"turns":5},{"damage":33,"enemies":"Collector","floor":33,"turns":9},{"damage":0,"enemies":"Orb Walker","floor":35,"turns":4},{"damage":13,"enemies":"3 Shapes","floor":37,"turns":4},{"damage":0,"enemies":"Maw","floor":41,"turns":8},{"damage":0,"enemies":"3 Darklings","floor":42,"turns":6},{"damage":0,"enemies":"Transient","floor":45,"turns":5},{"damage":0,"enemies":"Reptomancer","floor":46,"turns":4},{"damage":37,"enemies":"Awakened One","floor":50,"turns":12}],"seed_played":"-1936965665663798760","potions_obtained":[{"floor":4,"key":"Fire Potion"},{"floor":8,"key":"Swift Potion"},{"floor":16,"key":"SteroidPotion"},{"floor":18,"key":"SteroidPotion"},{"floor":31,"key":"Regen Potion"},{"floor":33,"key":"LiquidBronze"},{"floor":37,"key":"Block Potion"},{"floor":41,"key":"FearPotion"},{"floor":45,"key":"Regen Potion"}],"is_trial":false,"path_per_floor":["M","M","M","M","M","E","$","E","T","?","?","M","R","M","R","B",null,"M","M","M","M","?","R","M","$","T","?","R","?","M","M","R","B",null,"M","?","M","$","?","R","M","M","T","R","M","M","R","?","R","B"],"character_chosen":"DEFECT","items_purchased":["Leap","Glacier","Lee\u0027s Waffle","Blood Vial"],"campfire_rested":3,"item_purchase_floors":[7,38,38,38],"current_hp_per_floor":[75,75,75,73,67,43,43,29,29,47,32,23,60,58,58,35,75,60,48,36,29,29,29,12,12,12,12,49,33,25,21,58,40,75,75,71,58,78,78,78,78,78,78,78,78,78,78,78,78,56],"gold":185,"neow_bonus":"REMOVE_CARD","is_prod":false,"is_daily":false,"chose_seed":false,"campfire_upgraded":6,"win_rate":0,"timestamp":1539335360,"path_taken":["M","M","M","M","M","E","$","E","T","?","?","?","R","M","R","BOSS","M","M","M","M","?","R","M","$","T","?","R","?","?","M","R","BOSS","M","?","M","$","?","R","M","?","T","R","M","M","R","?","R","BOSS"],"build_version":"2018-10-11","purchased_purges":2,"victory":true,"max_hp_per_floor":[75,75,75,75,75,75,75,75,75,75,75,75,75,75,75,75,75,75,75,75,75,75,75,75,75,75,75,75,75,75,75,75,75,75,75,71,71,78,78,78,78,78,78,78,78,78,78,78,78,78],"card_choices":[{"not_picked":["Beam Cell","Heatsinks"],"picked":"Sweeping Beam","floor":1},{"not_picked":["Fusion","Steam","Aggregate"],"picked":"SKIP","floor":2},{"not_picked":["Darkness","Steam Power"],"picked":"Coolheaded","floor":3},{"not_picked":["Turbo","Streamline"],"picked":"Double Energy","floor":4},{"not_picked":["Steam","Static Discharge"],"picked":"Compile Driver","floor":5},{"not_picked":["Static Discharge","Turbo"],"picked":"Barrage","floor":6},{"not_picked":["Consume","Gash"],"picked":"Cold Snap","floor":8},{"not_picked":["Glacier","Steam"],"picked":"Conserve Battery","floor":12},{"not_picked":["Steam","Thunder Strike"],"picked":"Ball Lightning","floor":14},{"not_picked":["Multi-Cast","Meteor Strike"],"picked":"Reboot","floor":16},{"not_picked":["Recycle","Steam"],"picked":"Go for the Eyes+1","floor":18},{"not_picked":["Gash","Redo"],"picked":"Leap","floor":19},{"not_picked":["Fusion","Beam Cell"],"picked":"Auto Shields","floor":20},{"not_picked":["Rebound","Steam"],"picked":"Defragment+1","floor":21},{"not_picked":["Go for the Eyes","Force Field","Steam"],"picked":"SKIP","floor":24},{"not_picked":["Fusion","Cold Snap"],"picked":"Chill+1","floor":30},{"not_picked":["BootSequence","Biased Cognition"],"picked":"Loop","floor":31},{"not_picked":["Multi-Cast","Meteor Strike"],"picked":"Reboot","floor":33},{"not_picked":["Melter+1","Go for the Eyes"],"picked":"Capacitor+1","floor":35},{"not_picked":["Cold Snap","Undo+1"],"picked":"Conserve Battery","floor":37},{"not_picked":["Hello World+1","Darkness"],"picked":"Barrage+1","floor":41},{"not_picked":["Steam+1","Turbo+1"],"picked":"FTL","floor":42},{"not_picked":["Sweeping Beam","Streamline+1"],"picked":"Coolheaded","floor":45},{"not_picked":["Leap","Barrage","Gash"],"picked":"SKIP","floor":46},{"not_picked":["Trip","Dramatic Entrance"],"picked":"Finesse","floor":48}],"player_experience":129969,"relics_obtained":[{"floor":6,"key":"Regal Pillow"},{"floor":8,"key":"Bottled Lightning"},{"floor":9,"key":"Du-Vu Doll"},{"floor":26,"key":"Dodecahedron"},{"floor":29,"key":"Enchiridion"},{"floor":43,"key":"FossilizedHelix"}],"event_choices":[{"event_name":"Mushrooms","player_choice":"Healed and dodged fight","floor":10,"damage_taken":0},{"event_name":"Shining Light","player_choice":"Entered Light","floor":11,"damage_taken":0},{"event_name":"Designer","player_choice":"Full Service","floor":22,"damage_taken":0},{"event_name":"FaceTrader","player_choice":"Trade","floor":27,"damage_taken":0},{"event_name":"Cursed Tome","player_choice":"Obtained Book","floor":29,"damage_taken":0},{"event_name":"Winding Halls","player_choice":"Max HP","floor":36,"damage_taken":0},{"event_name":"WeMeetAgain","player_choice":"Gold","floor":39,"damage_taken":0},{"event_name":"SensoryStone","player_choice":"Memory 1","floor":48,"damage_taken":0}],"is_beta":false,"boss_relics":[{"not_picked":["Calling Bell","White Beast Statue"],"picked":"Inserter"},{"not_picked":["Coffee Dripper","Eternal Feather"],"picked":"Empty Cage"}],"items_purged_floors":[7,25],"is_endless":false,"potions_floor_spawned":[4,8,16,18,31,33,37,41,45],"ascension_level":0}