{"path_per_floor":["M","M","?","M","M","R","M","R","T","?","?","R","M","$","R","B"],"character_chosen":"IRONCLAD","items_purchased":[],"gold_per_floor":[111,121,121,137,154,154,168,168,168,168,168,168,188,113,113,215,215],"floor_reached":17,"campfire_rested":0,"playtime":536,"current_hp_per_floor":[68,66,66,65,65,69,62,68,68,68,68,74,74,74,80,38,80],"items_purged":["Strike_R"],"gold":215,"score":147,"play_id":"e9435fc2-d28a-4163-a3d7-808cf1c9d7e8","local_time":"20180517230840","is_prod":false,"is_daily":false,"chose_seed":false,"is_ascension_mode":false,"campfire_upgraded":4,"timestamp":1526569720,"path_taken":["M","M","?","M","M","R","M","R","T","?","?","R","M","?","R","BOSS"],"build_version":"2018-05-10","seed_source_timestamp":16523712308375,"purchased_purges":1,"victory":false,"master_deck":["Strike_R","Strike_R","Strike_R","Defend_R","Defend_R","Defend_R","Defend_R","Bash+1","Headbutt","Battle Trance+1","Ghostly Armor","Armaments+1","Shrug It Off+1","Berserk+1","Twin Strike","Limit Break"],"max_hp_per_floor":[80,80,80,80,80,80,80,80,80,80,80,80,80,80,80,80,80],"relics":["Eternal Feather"],"card_choices":[{"not_picked":["Havoc","Fire Breathing"],"picked":"Headbutt","floor":1},{"not_picked":["Intimidate","Flex"],"picked":"Battle Trance","floor":2},{"not_picked":["Twin Strike","Sever Soul"],"picked":"Armaments","floor":4},{"not_picked":["Fire Breathing","Wild Strike"],"picked":"Shrug It Off","floor":5},{"not_picked":["Dual Wield","Havoc"],"picked":"Berserk","floor":7},{"not_picked":["Intimidate","Pummel"],"picked":"Twin Strike","floor":13},{"not_picked":["Dark Embrace","Bludgeon"],"picked":"Limit Break","floor":16}],"player_experience":636565,"potions_floor_usage":[],"damage_taken":[{"damage":12,"enemies":"Jaw Worm","floor":1,"turns":5},{"damage":2,"enemies":"Small Slimes","floor":2,"turns":3},{"damage":1,"enemies":"Cultist","floor":4,"turns":3},{"damage":0,"enemies":"Looter","floor":5,"turns":3},{"damage":7,"enemies":"3 Louse","floor":7,"turns":5},{"damage":0,"enemies":"2 Fungi Beasts","floor":13,"turns":4},{"damage":42,"enemies":"Slime Boss","floor":16,"turns":14}],"event_choices":[{"event_name":"Living Wall","player_choice":"Change","floor":3,"damage_taken":0},{"event_name":"Accursed Blacksmith","player_choice":"Forge","floor":10,"damage_taken":0},{"event_name":"Scrap Ooze","player_choice":"unsuccessful","floor":11,"damage_taken":0}],"boss_relics":[{"not_picked":["Ectoplasm","Mark of Pain","Velvet Choker"]}],"potions_floor_spawned":[1,4,5],"seed_played":"4083717290415266163","ascension_level":0,"is_trial":false}