{"gold_per_floor":[115,125,144,69,85,85,97,124,124,124,142,158,183,358,358,461,461,480,332,332,346,37,37,56,67,139,139,139,156,31,41,41,41],"floor_reached":33,"playtime":5106,"items_purged":["Strike_R","Strike_R","Injury"],"score":326,"play_id":"ee2c2af2-f28e-4683-8a72-11f9ab85a0f2","local_time":"20190331190327","is_ascension_mode":true,"campfire_choices":[{"data":"Rampage","floor":6,"key":"SMITH"},{"data":"Blind","floor":10,"key":"SMITH"},{"data":"Cleave","floor":15,"key":"SMITH"},{"data":"Armaments","floor":23,"key":"SMITH"},{"floor":32,"key":"REST"}],"neow_cost":"NONE","seed_source_timestamp":174685198073600,"circlet_count":0,"master_deck":["Strike_R","Strike_R","Defend_R","Defend_R","Defend_R","Defend_R","Bash","Blind+1","Cleave+1","Metallicize","Rampage+1","Disarm","Armaments+1","Battle Trance","Demon Form","Double Tap","Seeing Red+1","Flame Barrier+1","Shockwave+1","Intimidate+1","Shrug It Off+1"],"relics":["Burning Blood","Magic Flower","Dream Catcher","Anchor","Cursed Key","Girya","Toxic Egg 2","Nilry\u0027s Codex"],"potions_floor_usage":[12,12,16,24,33,33,33],"damage_taken":[{"damage":4,"enemies":"Cultist","floor":1,"turns":3},{"damage":9,"enemies":"2 Louse","floor":2,"turns":3},{"damage":0,"enemies":"Jaw Worm","floor":3,"turns":5},{"damage":7,"enemies":"Red Slaver","floor":5,"turns":5},{"damage":5,"enemies":"Looter","floor":7,"turns":3},{"damage":8,"enemies":"Lagavulin","floor":8,"turns":8},{"damage":10,"enemies":"Blue Slaver","floor":11,"turns":4},{"damage":3,"enemies":"Gremlin Gang","floor":12,"turns":4},{"damage":30,"enemies":"Gremlin Nob","floor":13,"turns":4},{"damage":44,"enemies":"Slime Boss","floor":16,"turns":12},{"damage":0,"enemies":"Chosen","floor":18,"turns":4},{"damage":10,"enemies":"3 Byrds","floor":21,"turns":7},{"damage":23,"enemies":"Snake Plant","floor":24,"turns":5},{"damage":27,"enemies":"Chosen and Byrds","floor":25,"turns":7},{"damage":8,"enemies":"Snecko","floor":29,"turns":6},{"damage":23,"enemies":"Sentry and Sphere","floor":31,"turns":6},{"damage":51,"enemies":"Collector","floor":33,"turns":7}],"seed_played":"-4827186753702788608","potions_obtained":[{"floor":5,"key":"SpeedPotion"},{"floor":8,"key":"AttackPotion"},{"floor":11,"key":"EssenceOfSteel"},{"floor":12,"key":"LiquidBronze"},{"floor":18,"key":"Explosive Potion"},{"floor":25,"key":"Poison Potion"}],"is_trial":false,"path_per_floor":["M","M","M","$","M","R","M","E","T","R","M","M","E","?","R","B",null,"M","$","?","M","$","R","M","M","T","?","?","M","$","M","R","B"],"character_chosen":"IRONCLAD","items_purchased":["Poison Potion","Girya"],"campfire_rested":1,"item_purchase_floors":[19,22],"current_hp_per_floor":[80,77,80,80,79,79,80,78,78,78,77,80,59,59,59,24,66,75,75,75,74,74,74,60,42,42,26,26,27,27,13,37,0],"gold":41,"neow_bonus":"RANDOM_COLORLESS","is_prod":false,"is_daily":false,"chose_seed":false,"campfire_upgraded":4,"win_rate":0,"timestamp":1554051807,"path_taken":["M","M","M","$","?","R","M","E","T","R","M","M","E","?","R","BOSS","M","$","?","M","$","R","M","M","T","?","?","M","$","M","R","BOSS"],"build_version":"2019-01-23","purchased_purges":3,"victory":false,"max_hp_per_floor":[80,80,80,80,80,80,80,80,80,80,80,80,80,80,80,80,80,80,80,80,80,80,80,80,80,80,80,80,80,80,80,80,80],"card_choices":[{"not_picked":["Clothesline","Intimidate"],"picked":"Cleave","floor":1},{"not_picked":["Headbutt","Cleave"],"picked":"Metallicize","floor":2},{"not_picked":["Disarm","Clash"],"picked":"Rampage","floor":3},{"not_picked":["Body Slam","Clash","Twin Strike"],"picked":"SKIP","floor":5},{"not_picked":["Body Slam","Perfected Strike","Clothesline"],"picked":"SKIP","floor":7},{"not_picked":["Clash","Sentinel"],"picked":"Disarm","floor":8},{"not_picked":["Sentinel","Infernal Blade"],"picked":"Armaments","floor":11},{"not_picked":["Heavy Blade","Pummel"],"picked":"Battle Trance","floor":12},{"not_picked":["Entrench","Inflame"],"picked":"Demon Form","floor":13},{"not_picked":["Berserk","Exhume"],"picked":"Double Tap","floor":16},{"not_picked":["Burning Pact","Warcry"],"picked":"Seeing Red+1","floor":18},{"not_picked":["Hemokinesis+1","Thunderclap"],"picked":"Flame Barrier+1","floor":21},{"not_picked":["Rage","Anger","Warcry"],"picked":"SKIP","floor":24},{"not_picked":["Clothesline","Intimidate+1","Pommel Strike"],"picked":"SKIP","floor":25},{"not_picked":["Cleave","Anger"],"picked":"Shockwave+1","floor":29},{"not_picked":["Metallicize","Twin Strike+1"],"picked":"Intimidate+1","floor":31},{"not_picked":["Flex+1","Double Tap+1"],"picked":"Shrug It Off+1","floor":32}],"player_experience":507341,"relics_obtained":[{"floor":8,"key":"Magic Flower"},{"floor":9,"key":"Dream Catcher"},{"floor":13,"key":"Anchor"},{"floor":26,"key":"Toxic Egg 2"},{"floor":27,"key":"Nilry\u0027s Codex"}],"event_choices":[{"damage_healed":0,"gold_gain":175,"player_choice":"AGREE","damage_taken":0,"max_hp_gain":0,"max_hp_loss":0,"event_name":"Liars Game","floor":14,"gold_loss":0,"cards_obtained":["Doubt"]},{"cards_removed":["Strike_R"],"damage_healed":0,"gold_gain":0,"player_choice":"Elegance","damage_taken":0,"max_hp_gain":0,"max_hp_loss":0,"event_name":"Back to Basics","floor":20,"gold_loss":0},{"damage_healed":0,"gold_gain":0,"player_choice":"Obtained Book","damage_taken":16,"max_hp_gain":0,"max_hp_loss":0,"event_name":"Cursed Tome","floor":27,"gold_loss":0},{"cards_removed":["Doubt"],"damage_healed":0,"gold_gain":0,"player_choice":"Purged","damage_taken":0,"max_hp_gain":0,"max_hp_loss":0,"event_name":"Purifier","floor":28,"gold_loss":0}],"is_beta":false,"boss_relics":[{"not_picked":["Mark of Pain","Runic Cube"],"picked":"Cursed Key"}],"items_purged_floors":[4,19,30],"is_endless":false,"potions_floor_spawned":[5,8,11,12,18,25,31],"killed_by":"Collector","ascension_level":5}