{"gold_per_floor":[212,287,138,138,151,151,180,180,204,204,215,40,58,69,69,173,173,191,191,141,141,151,151,101,101,175,194,221,221,136,147,147,247,247,259,20,34,34,34,34,34,34,59,9,9,19,32,32,32,32,32,32,32,67,67],"floor_reached":55,"playtime":2257,"items_purged":["Strike_R","Strike_R","Normality","Pain"],"score":631,"play_id":"87f08053-3d2c-4741-b8f1-9bfbcda34e53","local_time":"20190406231833","is_ascension_mode":false,"campfire_choices":[{"data":"Bash","floor":6,"key":"SMITH"},{"data":"Flame Barrier","floor":8,"key":"SMITH"},{"data":"Inflame","floor":10,"key":"SMITH"},{"data":"Uppercut","floor":15,"key":"SMITH"},{"data":"Flex","floor":23,"key":"SMITH"},{"data":"Panacea","floor":25,"key":"SMITH"},{"data":"Shrug It Off","floor":32,"key":"SMITH"},{"floor":40,"key":"RECALL"},{"data":"Secret Technique","floor":42,"key":"SMITH"},{"data":"Madness","floor":45,"key":"SMITH"},{"data":"Sword Boomerang","floor":49,"key":"SMITH"},{"data":"Forethought","floor":52,"key":"SMITH"}],"neow_cost":"NONE","seed_source_timestamp":25507520993892,"circlet_count":0,"master_deck":["Strike_R+1","Strike_R+1","Defend_R+1","Defend_R+1","Defend_R+1","Defend_R+1","Bash+1","Inflame+1","Seeing Red","Flame Barrier+1","Shrug It Off+1","Whirlwind","Panacea+1","Uppercut+1","Ghostly Armor","Brutality","Flex+1","Cleave","Headbutt","Sword Boomerang+1","Reaper","Pommel Strike+1","Spot Weakness","Sword Boomerang+1","Twin Strike","Metallicize+1","Battle Trance+1","Shrug It Off+1","Secret Technique+1","Madness+1","Madness","Forethought+1","Pain","Headbutt"],"relics":["Burning Blood","Happy Flower","Meat on the Bone","Ancient Tea Set","Cursed Key","Smiling Mask","Mummified Hand","Bag of Marbles","Orrery","Oddly Smooth Stone","Potion Belt","Gambling Chip"],"potions_floor_usage":[18,28,33,33,50,50,50,50,54,55,55,55],"damage_taken":[{"damage":2,"enemies":"Small Slimes","floor":1,"turns":4},{"damage":1,"enemies":"Jaw Worm","floor":5,"turns":4},{"damage":40,"enemies":"Lagavulin","floor":7,"turns":7},{"damage":0,"enemies":"Cultist","floor":11,"turns":3},{"damage":2,"enemies":"Looter","floor":13,"turns":3},{"damage":23,"enemies":"Exordium Thugs","floor":14,"turns":7},{"damage":16,"enemies":"Slime Boss","floor":16,"turns":8},{"damage":13,"enemies":"2 Thieves","floor":18,"turns":4},{"damage":21,"enemies":"Chosen","floor":22,"turns":6},{"damage":0,"enemies":"Snake Plant","floor":27,"turns":4},{"damage":25,"enemies":"Slavers","floor":28,"turns":4},{"damage":19,"enemies":"Sentry and Sphere","floor":31,"turns":6},{"damage":37,"enemies":"Automaton","floor":33,"turns":8},{"damage":18,"enemies":"3 Shapes","floor":35,"turns":5},{"damage":9,"enemies":"3 Darklings","floor":37,"turns":3},{"damage":15,"enemies":"Jaw Worm Horde","floor":46,"turns":3},{"damage":1,"enemies":"Transient","floor":47,"turns":5},{"damage":75,"enemies":"Donu and Deca","floor":50,"turns":9},{"damage":23,"enemies":"Shield and Spear","floor":54,"turns":7},{"damage":110,"enemies":"The Heart","floor":55,"turns":6}],"seed_played":"2476654013659273775","potions_obtained":[{"floor":1,"key":"Weak Potion"},{"floor":7,"key":"LiquidBronze"},{"floor":14,"key":"EssenceOfSteel"},{"floor":22,"key":"GamblersBrew"},{"floor":27,"key":"EssenceOfSteel"},{"floor":35,"key":"Fire Potion"},{"floor":47,"key":"EntropicBrew"},{"floor":54,"key":"LiquidBronze"}],"is_trial":false,"path_per_floor":["M","?","$","?","M","R","E","R","T","R","M","$","M","M","R","B",null,"M","?","$","?","M","R","$","R","T","M","E","?","?","M","R","B",null,"M","$","M","?","?","R","?","R","T","$","R","M","M","?","R","B",null,"R","$","E","B"],"character_chosen":"IRONCLAD","items_purchased":["Happy Flower","Whirlwind","Panacea","Battle Trance","Oddly Smooth Stone"],"campfire_rested":0,"item_purchase_floors":[3,12,12,36,36],"current_hp_per_floor":[80,69,69,69,74,74,40,40,40,40,58,58,62,57,57,47,80,73,73,73,73,58,58,58,58,58,64,57,57,57,56,56,37,80,79,79,76,76,66,66,66,66,66,66,66,71,80,80,80,47,80,80,80,73,0],"gold":67,"neow_bonus":"HUNDRED_GOLD","is_prod":false,"is_daily":false,"chose_seed":false,"campfire_upgraded":11,"win_rate":0,"timestamp":1554563913,"path_taken":["M","?","?","?","M","R","E","R","T","R","M","$","?","M","R","BOSS","M","?","?","?","M","R","$","R","T","M","E","?","?","M","R","BOSS","M","$","M","?","?","R","?","R","T","$","R","M","?","?","R","BOSS","R","$","E","BOSS"],"build_version":"2019-01-23","purchased_purges":4,"victory":false,"max_hp_per_floor":[80,80,80,80,80,80,80,80,80,80,80,80,80,80,80,80,80,80,80,80,80,80,80,80,80,80,80,80,80,80,80,80,80,80,80,80,80,80,80,80,80,80,80,80,80,80,80,80,80,80,80,80,80,80,80],"card_choices":[{"not_picked":["Feel No Pain","Entrench"],"picked":"Inflame","floor":1},{"not_picked":["Anger","Burning Pact"],"picked":"Seeing Red","floor":5},{"not_picked":["Armaments","Iron Wave"],"picked":"Flame Barrier","floor":7},{"not_picked":["Perfected Strike","Twin Strike"],"picked":"Shrug It Off","floor":11},{"not_picked":["Inflame","Reckless Charge"],"picked":"Uppercut","floor":13},{"not_picked":["Wild Strike","Armaments"],"picked":"Ghostly Armor","floor":14},{"not_picked":["Juggernaut","Berserk"],"picked":"Brutality","floor":16},{"not_picked":["True Grit+1","Iron Wave+1"],"picked":"Flex","floor":18},{"not_picked":["Iron Wave","Thunderclap"],"picked":"Cleave","floor":22},{"not_picked":["Seeing Red","Evolve","Rage"],"picked":"SKIP","floor":27},{"not_picked":["Uppercut","Burning Pact"],"picked":"Headbutt","floor":28},{"not_picked":["Clothesline+1","Armaments"],"picked":"Sword Boomerang+1","floor":31},{"not_picked":["Fiend Fire","Exhume"],"picked":"Reaper","floor":33},{"not_picked":["Seeing Red","Heavy Blade"],"picked":"Pommel Strike+1","floor":34},{"not_picked":["Corruption","Pommel Strike"],"picked":"Spot Weakness","floor":34},{"not_picked":["Body Slam","Warcry"],"picked":"Sword Boomerang","floor":34},{"not_picked":["Inflame","Armaments"],"picked":"Twin Strike","floor":34},{"not_picked":["Armaments","Twin Strike"],"picked":"Metallicize+1","floor":35},{"not_picked":["Heavy Blade","Bloodletting"],"picked":"Shrug It Off+1","floor":37},{"not_picked":["Blind","Panacea"],"picked":"Secret Technique","floor":38},{"not_picked":["Iron Wave","True Grit","Body Slam"],"picked":"SKIP","floor":46},{"not_picked":["Power Through","Cleave","Metallicize"],"picked":"SKIP","floor":47},{"not_picked":["Thunderclap+1","Clash"],"picked":"Headbutt","floor":54}],"player_experience":923021,"relics_obtained":[{"floor":7,"key":"Meat on the Bone"},{"floor":9,"key":"Ancient Tea Set"},{"floor":28,"key":"Mummified Hand"},{"floor":43,"key":"Potion Belt"},{"floor":54,"key":"Gambling Chip"}],"event_choices":[{"damage_healed":0,"gold_gain":75,"player_choice":"Gather Gold","damage_taken":11,"max_hp_gain":0,"max_hp_loss":0,"event_name":"World of Goop","floor":2,"gold_loss":0},{"cards_removed":["Strike_R"],"damage_healed":0,"gold_gain":0,"player_choice":"Purged","damage_taken":0,"max_hp_gain":0,"max_hp_loss":0,"event_name":"Purifier","floor":4,"gold_loss":0},{"damage_healed":0,"gold_gain":0,"player_choice":"Gave Potion","damage_taken":0,"relics_obtained":["Smiling Mask"],"max_hp_gain":0,"max_hp_loss":0,"event_name":"WeMeetAgain","floor":19,"gold_loss":0},{"damage_healed":0,"gold_gain":0,"player_choice":"Ignored","damage_taken":0,"max_hp_gain":0,"max_hp_loss":0,"event_name":"Ghosts","floor":21,"gold_loss":0},{"damage_healed":0,"gold_gain":0,"player_choice":"Simplicity","damage_taken":0,"max_hp_gain":0,"max_hp_loss":0,"event_name":"Back to Basics","floor":29,"gold_loss":0,"cards_upgraded":["Strike_R","Strike_R","Defend_R","Defend_R","Defend_R","Defend_R"]},{"damage_healed":0,"gold_gain":0,"player_choice":"Obtained Relic","damage_taken":0,"relics_obtained":["Bag of Marbles"],"max_hp_gain":0,"max_hp_loss":0,"event_name":"Addict","floor":30,"gold_loss":85},{"damage_healed":0,"gold_gain":0,"player_choice":"Memory 1","damage_taken":0,"max_hp_gain":0,"max_hp_loss":0,"event_name":"SensoryStone","floor":38,"gold_loss":0},{"damage_healed":0,"gold_gain":0,"player_choice":"Embrace Madness","damage_taken":10,"max_hp_gain":0,"max_hp_loss":0,"event_name":"Winding Halls","floor":39,"gold_loss":0,"cards_obtained":["Madness","Madness"]},{"damage_healed":0,"gold_gain":0,"player_choice":"2 cards matched","damage_taken":0,"max_hp_gain":0,"max_hp_loss":0,"event_name":"Match and Keep!","floor":41,"gold_loss":0,"cards_obtained":["Pain","Forethought"]},{"damage_healed":0,"gold_gain":0,"player_choice":"Forge","damage_taken":0,"max_hp_gain":0,"max_hp_loss":0,"event_name":"Accursed Blacksmith","floor":48,"gold_loss":0,"cards_upgraded":["Battle Trance"]}],"is_beta":false,"boss_relics":[{"not_picked":["Empty Cage","Pandora\u0027s Box"],"picked":"Cursed Key"},{"not_picked":["Eternal Feather","Philosopher\u0027s Stone"],"picked":"Orrery"}],"items_purged_floors":[20,24,36,44],"is_endless":false,"potions_floor_spawned":[1,7,14,16,22,27,35,47,54],"killed_by":"The Heart","ascension_level":0}