{"gold_per_floor":[119,23,23,35,35,69,69,82,105,105,132,150,175,189,189,292,292,304,320,135,135,135,161,174,174,198,225,237,262,305,517,529,644,656,684,796,808,837,865,27,27],"floor_reached":41,"playtime":2824,"items_purged":["Strike_R","Normality"],"score":717,"play_id":"a0b25e3c-8bb6-4e0e-9886-aef5185e8955","local_time":"20190329191955","is_ascension_mode":true,"campfire_choices":[{"floor":7.0,"key":"REST"},{"floor":10.0,"key":"REST"},{"floor":15.0,"key":"REST"},{"floor":25.0,"key":"REST"},{"floor":28.0,"key":"REST"},{"floor":32.0,"key":"REST"}],"neow_cost":"NONE","seed_source_timestamp":0,"circlet_count":0,"master_deck":["Strike_R","Strike_R","Defend_R","Defend_R","Defend_R","Defend_R+1","Bash","Spot Weakness+1","Flash of Steel","Disarm","Metallicize","Heavy Blade","Evolve","Spot Weakness","Impervious","Demon Form","Cleave","Flame Barrier","Shrug It Off","Power Through","Heavy Blade","Impervious","Metallicize","Limit Break","Shame","Parasite","Uppercut+1","Secret Technique","Master of Strategy","Deep Breath"],"special_seed":0,"relics":["Black Star","War Paint","The Courier","Potion Belt","Strawberry","Pantograph","Bag of Preparation","Ginger","Velvet Choker","PreservedInsect","Centennial Puzzle","Lantern","Juzu Bracelet","MawBank","Ornamental Fan","Smiling Mask","Dream Catcher","Calling Bell","Regal Pillow","Question Card","Champion Belt","Ice Cream","Oddly Smooth Stone","Red Skull","Prayer Wheel","Ancient Tea Set"],"potions_floor_usage":[],"damage_taken":[{"damage":1.0,"enemies":"Cultist","floor":1.0,"turns":3.0},{"damage":7.0,"enemies":"Jaw Worm","floor":4.0,"turns":3.0},{"damage":33.0,"enemies":"Gremlin Nob","floor":6.0,"turns":4.0},{"damage":3.0,"enemies":"2 Louse","floor":8.0,"turns":4.0},{"damage":31.0,"enemies":"3 Sentries","floor":11.0,"turns":8.0},{"damage":9.0,"enemies":"Gremlin Gang","floor":12.0,"turns":4.0},{"damage":19.0,"enemies":"Gremlin Nob","floor":13.0,"turns":5.0},{"damage":0.0,"enemies":"Blue Slaver","floor":14.0,"turns":3.0},{"damage":7.0,"enemies":"Slime Boss","floor":16.0,"turns":10.0},{"damage":22.0,"enemies":"Spheric Guardian","floor":18.0,"turns":4.0},{"damage":15.0,"enemies":"Shell Parasite","floor":19.0,"turns":4.0},{"damage":34.0,"enemies":"Book of Stabbing","floor":23.0,"turns":4.0},{"damage":6.0,"enemies":"Snake Plant","floor":24.0,"turns":4.0},{"damage":7.0,"enemies":"Gremlin Leader","floor":27.0,"turns":5.0},{"damage":3.0,"enemies":"Snecko","floor":29.0,"turns":3.0},{"damage":50.0,"enemies":"Slavers","floor":30.0,"turns":4.0},{"damage":60.0,"enemies":"Automaton","floor":33.0,"turns":10.0},{"damage":11.0,"enemies":"3 Shapes","floor":35.0,"turns":4.0},{"damage":6.0,"enemies":"Mind Bloom Boss Battle","floor":36.0,"turns":9.0},{"damage":42.0,"enemies":"3 Darklings","floor":38.0,"turns":6.0},{"damage":19.0,"enemies":"Transient","floor":39.0,"turns":5.0},{"damage":21,"enemies":"Reptomancer","floor":41,"turns":2}],"seed_played":"-172092748794952691","potions_obtained":[{"floor":1.0,"key":"FearPotion"},{"floor":6.0,"key":"Weak Potion"},{"floor":11.0,"key":"Poison Potion"},{"floor":12.0,"key":"Swift Potion"},{"floor":13.0,"key":"AttackPotion"},{"floor":23.0,"key":"GamblersBrew"},{"floor":24.0,"key":"Block Potion"},{"floor":33.0,"key":"PowerPotion"},{"floor":38.0,"key":"Ancient Potion"}],"is_trial":false,"path_per_floor":["M","$","?","M","?","E","R","M","T","R","E","M","E","M","R","B",null,"M","M","$","?","?","E","M","R","T","E","R","M","E","?","R","B",null,"M","?","?","M","M","$","E"],"character_chosen":"IRONCLAD","items_purchased":["Flash of Steel","PreservedInsect","Master of Strategy","Oddly Smooth Stone","Red Skull","Prayer Wheel","Ancient Tea Set","Deep Breath"],"campfire_rested":6,"item_purchase_floors":[2,20,40,40,40,40,40,40],"current_hp_per_floor":[71,71,64,57,57,24,48,45,45,69,45,36,17,17,43,61,81,59,44,44,73,73,39,33,59,59,52,78,75,25,25,51,16,69,58,77,77,35,16,16,0],"gold":27,"neow_bonus":"BOSS_RELIC","is_prod":false,"is_daily":false,"chose_seed":false,"campfire_upgraded":0,"win_rate":0,"timestamp":1553905195,"path_taken":["M","$","?","M","?","E","R","?","T","R","E","M","E","M","R","BOSS","M","M","$","?","?","E","M","R","T","E","R","M","E","?","R","BOSS","M","?","?","M","M","$","E"],"build_version":"2019-01-23","purchased_purges":2,"victory":false,"max_hp_per_floor":[80,80,80,80,80,80,80,80,80,80,87,87,87,87,87,87,87,87,87,87,87,87,87,87,87,87,87,87,87,87,87,87,87,87,87,87,87,87,87,87,87],"card_choices":[{"not_picked":["Ghostly Armor","Infernal Blade"],"picked":"Spot Weakness","floor":1.0},{"not_picked":["True Grit","Armaments"],"picked":"Disarm","floor":4.0},{"not_picked":["Twin Strike","Clash"],"picked":"Metallicize","floor":6.0},{"not_picked":["Perfected Strike","Bloodletting"],"picked":"Heavy Blade","floor":8.0},{"not_picked":["Blood for Blood","Sword Boomerang"],"picked":"Evolve","floor":11.0},{"not_picked":["Clash","Thunderclap"],"picked":"Spot Weakness","floor":12.0},{"not_picked":["Rupture","Infernal Blade"],"picked":"Impervious","floor":13.0},{"not_picked":["Second Wind","Sever Soul","Clash"],"picked":"SKIP","floor":14.0},{"not_picked":["Immolate","Fiend Fire"],"picked":"Demon Form","floor":16.0},{"not_picked":["Wild Strike","Thunderclap"],"picked":"Cleave","floor":18.0},{"not_picked":["Iron Wave","Clash+1"],"picked":"Flame Barrier","floor":19.0},{"not_picked":["Cleave","Clothesline+1"],"picked":"Shrug It Off","floor":23.0},{"not_picked":["Warcry","Anger+1"],"picked":"Power Through","floor":24.0},{"not_picked":["Armaments","Uppercut"],"picked":"Heavy Blade","floor":27.0},{"not_picked":["Sword Boomerang","Perfected Strike","Twin Strike"],"picked":"SKIP","floor":29.0},{"not_picked":["Body Slam","Flex+1"],"picked":"Impervious","floor":30.0},{"not_picked":["Rage","Warcry"],"picked":"Metallicize","floor":32.0},{"not_picked":["Dark Embrace","Double Tap"],"picked":"Limit Break","floor":33.0},{"not_picked":["Rampage+1","Infernal Blade","Thunderclap+1","Iron Wave"],"picked":"SKIP","floor":35.0},{"not_picked":["Iron Wave","Headbutt","Rage"],"picked":"Uppercut+1","floor":36.0},{"not_picked":["Forethought","Purity","Impatience"],"picked":"Secret Technique","floor":37.0},{"not_picked":["Rage","Hemokinesis","Thunderclap+1","Body Slam+1"],"picked":"SKIP","floor":38.0},{"not_picked":["Dropkick+1","Anger","Clothesline+1","True Grit+1"],"picked":"SKIP","floor":39.0}],"player_experience":338207,"relics_obtained":[{"floor":6.0,"key":"War Paint"},{"floor":6.0,"key":"The Courier"},{"floor":9.0,"key":"Potion Belt"},{"floor":11.0,"key":"Strawberry"},{"floor":11.0,"key":"Pantograph"},{"floor":13.0,"key":"Bag of Preparation"},{"floor":13.0,"key":"Ginger"},{"floor":23.0,"key":"Centennial Puzzle"},{"floor":23.0,"key":"Lantern"},{"floor":26.0,"key":"Juzu Bracelet"},{"floor":27.0,"key":"MawBank"},{"floor":27.0,"key":"Ornamental Fan"},{"floor":30.0,"key":"Smiling Mask"},{"floor":30.0,"key":"Dream Catcher"},{"floor":34.0,"key":"Regal Pillow"},{"floor":34.0,"key":"Question Card"},{"floor":34.0,"key":"Champion Belt"},{"floor":36.0,"key":"Ice Cream"}],"event_choices":[{"cards_removed":["Strike_R"],"damage_healed":0.0,"max_hp_gain":0.0,"max_hp_loss":0.0,"gold_gain":0.0,"event_name":"Golden Wing","player_choice":"Card Removal","floor":3.0,"gold_loss":0.0,"damage_taken":7.0},{"cards_removed":["Strike_R"],"damage_healed":0.0,"max_hp_gain":0.0,"max_hp_loss":0.0,"gold_gain":0.0,"event_name":"Purifier","player_choice":"Purged","floor":5.0,"gold_loss":0.0,"damage_taken":0.0},{"damage_healed":29.0,"max_hp_gain":0.0,"max_hp_loss":0.0,"gold_gain":0.0,"event_name":"The Library","player_choice":"Heal","floor":21.0,"gold_loss":0.0,"damage_taken":0.0},{"damage_healed":0.0,"max_hp_gain":0.0,"max_hp_loss":0.0,"gold_gain":0.0,"event_name":"Vampires","player_choice":"Ignored","floor":22.0,"gold_loss":0.0,"damage_taken":0.0},{"damage_healed":0.0,"max_hp_gain":0.0,"max_hp_loss":0.0,"gold_gain":200.0,"event_name":"Wheel of Change","player_choice":"Gold","floor":31.0,"gold_loss":0.0,"damage_taken":0.0},{"damage_healed":0.0,"max_hp_gain":0.0,"max_hp_loss":0.0,"gold_gain":0.0,"event_name":"MindBloom","player_choice":"Fight","floor":36.0,"gold_loss":0.0,"damage_taken":0.0},{"damage_healed":0.0,"max_hp_gain":0.0,"max_hp_loss":0.0,"gold_gain":0.0,"event_name":"SensoryStone","player_choice":"Memory 1","floor":37.0,"gold_loss":0.0,"damage_taken":0.0}],"is_beta":false,"boss_relics":[{"not_picked":["Runic Pyramid","Mark of Pain"],"picked":"Velvet Choker"},{"not_picked":["Busted Crown","Pandora\u0027s Box"],"picked":"Calling Bell"}],"items_purged_floors":[20,40],"is_endless":false,"potions_floor_spawned":[1,6,11,12,13,23,24,33,38],"killed_by":"Reptomancer","ascension_level":6}