{"path_per_floor":["M","$","?","$","M","R","?","R","T","R","E","R","M","M","R","B",null,"M","$","?","M","M","R","M","$","T","R","M","R","M","M","R","B",null,"M","$","T","$","M","R","M","R","T","E","R","?","?","$","R"],"character_chosen":"IRONCLAD","items_purchased":["Seeing Red","Shrug It Off","Apotheosis","Trip","Whetstone","Jack Of All Trades"],"gold_per_floor":[109,74,74,48,62,62,62,62,88,88,117,117,128,146,146,250,250,270,42,42,62,79,79,90,90,138,138,157,157,171,181,181,285,285,298,298,298,217,229,229,239,239,290,320,320,320,320,40,40],"floor_reached":50,"campfire_rested":3,"playtime":1600,"current_hp_per_floor":[80,80,80,80,80,80,72,72,72,72,78,78,80,70,70,55,80,73,73,73,68,65,65,47,47,47,47,34,58,58,47,71,25,80,80,80,80,80,73,73,73,73,73,38,38,28,28,28,52],"items_purged":["Defend_R","Strike_R"],"gold":40,"score":493,"play_id":"3de823b5-b67d-4879-9a6c-07dde094d713","local_time":"20180322225336","is_prod":false,"is_daily":false,"is_ascension_mode":false,"campfire_upgraded":10,"timestamp":1521730416,"path_taken":["M","$","?","?","M","R","?","R","T","R","E","R","M","M","R","BOSS","M","$","?","M","?","R","M","$","T","R","M","R","M","M","R","BOSS","M","$","?","$","M","R","M","R","T","E","R","?","?","?","R","BOSS"],"build_version":"2018-03-15v3","purchased_purges":4,"victory":false,"master_deck":["Strike_R","Strike_R","Strike_R","Strike_R","Defend_R","Defend_R","Defend_R","Bash+1","Armaments+1","Seeing Red+1","Shrug It Off+1","Thunderclap","Cleave+1","Heavy Blade+1","Bludgeon+1","Impervious","Heavy Blade+1","Heavy Blade","Headbutt","Apotheosis+1","Spot Weakness","Whirlwind+1","Pommel Strike","Pommel Strike+1","Bloodletting+1","Fiend Fire","Flex+1","Trip","Battle Trance","Exhume+1","Madness","Madness","Jack Of All Trades"],"max_hp_per_floor":[80,80,80,80,80,80,80,80,80,80,80,80,80,80,80,80,80,80,80,80,80,80,80,80,80,80,80,80,80,80,80,80,80,80,80,80,80,80,80,80,80,80,80,80,80,80,80,80,80],"relics":["Burning Blood","NeowsBlessing","Orichalcum","The Courier","Orrery","Blood Vial","Runic Cube","Du-Vu Doll","Pen Nib","Blue Candle","Whetstone"],"card_choices":[{"not_picked":["Dropkick","Perfected Strike"],"picked":"Armaments"},{"not_picked":["Iron Wave","Anger"],"picked":"Thunderclap"},{"not_picked":["Iron Wave","Thunderclap"],"picked":"Cleave"},{"not_picked":["Exhume","Armaments"],"picked":"Heavy Blade"},{"not_picked":["Dark Embrace","Impervious"],"picked":"Bludgeon"},{"not_picked":["Perfected Strike","Sentinel"],"picked":"Impervious"},{"not_picked":["Iron Wave","Body Slam"],"picked":"Heavy Blade"},{"not_picked":["Shockwave","Power Through"],"picked":"Heavy Blade"},{"not_picked":["Twin Strike","Rampage"],"picked":"Headbutt"},{"not_picked":["Reckless Charge","Rampage"],"picked":"Spot Weakness"},{"not_picked":["Pommel Strike","Thunderclap"],"picked":"Whirlwind"},{"not_picked":["Evolve","Fiend Fire"],"picked":"Pommel Strike"},{"not_picked":["Heavy Blade","Sever Soul"],"picked":"Pommel Strike"},{"not_picked":["Ghostly Armor","Entrench"],"picked":"Bloodletting"},{"not_picked":["Barricade","Bludgeon"],"picked":"Fiend Fire"},{"not_picked":["Armaments","Wild Strike"],"picked":"Flex"},{"not_picked":["Rage","Heavy Blade"],"picked":"Battle Trance"},{"not_picked":["Wild Strike","Clash"],"picked":"Exhume"}],"player_experience":363213,"potions_floor_usage":[16,16,28,33,33,41,44,50],"damage_taken":[{"damage":0,"enemies":"Small Slimes","floor":1,"turns":1},{"damage":0,"enemies":"Cultist","floor":5,"turns":1},{"damage":0,"enemies":"3 Sentries","floor":11,"turns":1},{"damage":0,"enemies":"2 Louse","floor":13,"turns":3},{"damage":16,"enemies":"Gremlin Gang","floor":14,"turns":4},{"damage":21,"enemies":"The Guardian","floor":16,"turns":8},{"damage":13,"enemies":"3 Byrds","floor":18,"turns":6},{"damage":11,"enemies":"Spheric Guardian","floor":21,"turns":5},{"damage":9,"enemies":"Snecko","floor":22,"turns":4},{"damage":24,"enemies":"Centurion and Healer","floor":24,"turns":6},{"damage":33,"enemies":"Snake Plant","floor":28,"turns":6},{"damage":8,"enemies":"Sentry and Sphere","floor":30,"turns":5},{"damage":19,"enemies":"3 Cultists","floor":31,"turns":4},{"damage":54,"enemies":"Automaton","floor":33,"turns":10},{"damage":1,"enemies":"3 Shapes","floor":35,"turns":7},{"damage":13,"enemies":"3 Darklings","floor":39,"turns":3},{"damage":8,"enemies":"4 Shapes","floor":41,"turns":4},{"damage":43,"enemies":"2 Orb Walkers","floor":44,"turns":4},{"damage":69,"enemies":"Time Eater","floor":50,"turns":5}],"event_choices":[{"event_name":"The Lab","player_choice":"Got Potions","floor":3,"damage_taken":0},{"event_name":"Wheel of Change","player_choice":"Damage","floor":7,"damage_taken":0},{"event_name":"Drug Dealer","player_choice":"Ignored","floor":20,"damage_taken":0},{"event_name":"Winding Halls","player_choice":"Embrace Madness","floor":46,"damage_taken":0},{"event_name":"Tomb of Lord Red Mask","player_choice":"Ignored","floor":47,"damage_taken":0}],"boss_relics":[{"not_picked":["Black Blood","Ectoplasm"],"picked":"Orrery"},{"not_picked":["Runic Pyramid","Lizard Tail"],"picked":"Runic Cube"}],"potions_floor_spawned":[1,13,14,22,30,31,35,44],"seed_played":"-8643460956722883377","killed_by":"Time Eater","ascension_level":0,"is_trial":false}