{"gold_per_floor":[113,213,45,58,70,70,102,102,102,133,143,143,143,157,157,257,257,269,289,134,59,159,159,192,207,233,233,252,268,287,287,287,389,389,400,400,418,436,451,478,497,497,497,526,526,544,579,591,591,591],"floor_reached":51,"playtime":2321,"items_purged":["Strike_R"],"score":821,"play_id":"07fe6981-4c3b-4120-9070-cde539ff48fa","local_time":"20190422101836","is_ascension_mode":false,"campfire_choices":[{"data":"Uppercut","floor":8,"key":"SMITH"},{"data":"Bash","floor":12,"key":"SMITH"},{"data":"Inflame","floor":15,"key":"SMITH"},{"data":"Bludgeon","floor":23,"key":"SMITH"},{"data":"Armaments","floor":27,"key":"SMITH"},{"data":"Demon Form","floor":32,"key":"SMITH"},{"floor":42,"key":"REST"},{"data":"Whirlwind","floor":45,"key":"SMITH"},{"floor":49,"key":"REST"}],"neow_cost":"PERCENT_DAMAGE","seed_source_timestamp":860743679162600,"circlet_count":0,"master_deck":["Strike_R+1","Strike_R+1","Strike_R+1","Strike_R+1","Defend_R+1","Defend_R+1","Defend_R+1","Bash+1","Uppercut+1","Spot Weakness","Inflame+1","Shrug It Off","Intimidate","Clash","Anger","Headbutt","Armaments+1","Exhume","Sword Boomerang","Armaments","Bludgeon+1","Feel No Pain","Iron Wave+1","Twin Strike","Metallicize","Demon Form+1","Immolate","Whirlwind+1","Havoc+1","Disarm+1","Power Through","Flame Barrier","Power Through+1"],"relics":["Burning Blood","Ornamental Fan","Mercury Hourglass","Blood Vial","Blue Candle","Runic Dome","Bag of Preparation","Ancient Tea Set","Mark of Pain","Darkstone Periapt","Bottled Tornado","PreservedInsect","Smiling Mask"],"potions_floor_usage":[14,30,33,33,39,40,50,50,50],"damage_taken":[{"damage":14,"enemies":"Small Slimes","floor":1,"turns":4},{"damage":4,"enemies":"Cultist","floor":4,"turns":3},{"damage":2,"enemies":"Jaw Worm","floor":5,"turns":4},{"damage":26,"enemies":"3 Sentries","floor":7,"turns":7},{"damage":18,"enemies":"Lagavulin","floor":10,"turns":5},{"damage":0,"enemies":"Large Slime","floor":11,"turns":3},{"damage":0,"enemies":"2 Fungi Beasts","floor":14,"turns":3},{"damage":18,"enemies":"Slime Boss","floor":16,"turns":8},{"damage":5,"enemies":"Spheric Guardian","floor":18,"turns":3},{"damage":1,"enemies":"Chosen","floor":19,"turns":3},{"damage":18,"enemies":"Gremlin Leader","floor":24,"turns":4},{"damage":8,"enemies":"3 Cultists","floor":25,"turns":4},{"damage":0,"enemies":"Cultist and Chosen","floor":28,"turns":3},{"damage":0,"enemies":"Snecko","floor":29,"turns":2},{"damage":21,"enemies":"Centurion and Healer","floor":30,"turns":5},{"damage":48,"enemies":"Collector","floor":33,"turns":7},{"damage":8,"enemies":"Orb Walker","floor":35,"turns":3},{"damage":3,"enemies":"3 Darklings","floor":37,"turns":4},{"damage":33,"enemies":"Sphere and 2 Shapes","floor":38,"turns":7},{"damage":7,"enemies":"Writhing Mass","floor":39,"turns":5},{"damage":38,"enemies":"Nemesis","floor":40,"turns":5},{"damage":18,"enemies":"Jaw Worm Horde","floor":41,"turns":3},{"damage":14,"enemies":"Giant Head","floor":44,"turns":6},{"damage":0,"enemies":"3 Darklings","floor":46,"turns":5},{"damage":14,"enemies":"Reptomancer","floor":47,"turns":4},{"damage":12,"enemies":"Writhing Mass","floor":48,"turns":5},{"damage":55,"enemies":"Awakened One","floor":50,"turns":9}],"seed_played":"5853665727622515700","potions_obtained":[{"floor":5,"key":"Weak Potion"},{"floor":7,"key":"BloodPotion"},{"floor":11,"key":"Weak Potion"},{"floor":19,"key":"PowerPotion"},{"floor":24,"key":"Strength Potion"},{"floor":30,"key":"Fruit Juice"},{"floor":35,"key":"SteroidPotion"},{"floor":36,"key":"Weak Potion"},{"floor":36,"key":"Regen Potion"},{"floor":39,"key":"Strength Potion"},{"floor":48,"key":"AttackPotion"}],"is_trial":false,"path_per_floor":["M","?","$","M","M","?","E","R","T","E","M","R","?","M","R","B",null,"M","M","$","?","?","R","E","M","T","R","M","M","M","?","R","B",null,"M","?","M","M","M","E","M","R","T","E","R","M","E","M","R","B",null],"character_chosen":"IRONCLAD","items_purchased":["Spot Weakness","Inflame","Shrug It Off","Bludgeon"],"campfire_rested":2,"item_purchase_floors":[3,3,3,20],"current_hp_per_floor":[64,64,64,66,70,67,47,47,47,37,45,45,45,62,62,52,96,96,96,96,96,96,96,84,84,84,84,92,96,86,86,86,46,101,99,99,101,74,87,57,47,77,77,71,71,79,73,69,99,52],"gold":591,"neow_bonus":"TWENTY_PERCENT_HP_BONUS","is_prod":false,"is_daily":false,"chose_seed":false,"campfire_upgraded":7,"win_rate":1,"timestamp":1555953516,"path_taken":["M","?","$","?","M","?","E","R","T","E","M","R","?","M","R","BOSS","M","M","$","?","?","R","E","M","T","R","?","M","M","?","R","BOSS","M","?","M","M","M","E","M","R","T","E","R","M","E","M","R","BOSS"],"build_version":"2019-01-23","purchased_purges":1,"victory":true,"max_hp_per_floor":[96,96,96,96,96,96,96,96,96,96,96,96,96,96,96,96,96,96,96,96,96,96,96,96,96,96,96,96,96,101,101,101,101,101,101,101,101,101,101,101,101,101,101,101,101,101,101,101,101,101],"card_choices":[{"not_picked":["Warcry","Sword Boomerang"],"picked":"Uppercut","floor":1},{"not_picked":["Sever Soul","Seeing Red"],"picked":"Intimidate","floor":4},{"not_picked":["Entrench","Body Slam"],"picked":"Clash","floor":5},{"not_picked":["Sword Boomerang","Hemokinesis"],"picked":"Anger","floor":7},{"not_picked":["Dark Embrace","Bloodletting","Body Slam"],"picked":"SKIP","floor":10},{"not_picked":["Twin Strike","Havoc"],"picked":"Headbutt","floor":11},{"not_picked":["Clothesline","Flame Barrier"],"picked":"Armaments","floor":14},{"not_picked":["Dark Embrace","Barricade"],"picked":"Exhume","floor":16},{"not_picked":["Body Slam","Rage"],"picked":"Sword Boomerang","floor":18},{"not_picked":["Searing Blow","Havoc"],"picked":"Armaments","floor":19},{"not_picked":["Evolve","Flex"],"picked":"Feel No Pain","floor":24},{"not_picked":["Warcry","Thunderclap+1"],"picked":"Iron Wave+1","floor":25},{"not_picked":["Flex","Thunderclap+1"],"picked":"Twin Strike","floor":28},{"not_picked":["Clothesline","Fire Breathing+1"],"picked":"Metallicize","floor":29},{"not_picked":["Body Slam+1","Uppercut"],"picked":"Demon Form","floor":30},{"not_picked":["Double Tap","Juggernaut"],"picked":"Immolate","floor":33},{"not_picked":["Havoc","Clash+1"],"picked":"Whirlwind","floor":35},{"not_picked":["Iron Wave","Searing Blow+1","Seeing Red"],"picked":"SKIP","floor":37},{"not_picked":["Pummel","Clothesline+1"],"picked":"Havoc+1","floor":38},{"not_picked":["Flex","Armaments+1","Fire Breathing+1"],"picked":"SKIP","floor":39},{"not_picked":["Spot Weakness+1","Havoc+1"],"picked":"Disarm+1","floor":40},{"not_picked":["Rage","Flex+1","Cleave+1"],"picked":"SKIP","floor":41},{"not_picked":["Spot Weakness+1","Dark Embrace","Pommel Strike"],"picked":"SKIP","floor":44},{"not_picked":["Anger+1","Sentinel+1"],"picked":"Power Through","floor":46},{"not_picked":["Infernal Blade","Dual Wield+1"],"picked":"Flame Barrier","floor":47},{"not_picked":["Armaments","Anger"],"picked":"Power Through+1","floor":48}],"player_experience":497436,"relics_obtained":[{"floor":7,"key":"Mercury Hourglass"},{"floor":9,"key":"Blood Vial"},{"floor":10,"key":"Blue Candle"},{"floor":24,"key":"Bag of Preparation"},{"floor":26,"key":"Ancient Tea Set"},{"floor":40,"key":"Darkstone Periapt"},{"floor":43,"key":"Bottled Tornado"},{"floor":44,"key":"PreservedInsect"},{"floor":47,"key":"Smiling Mask"}],"event_choices":[{"damage_healed":0,"gold_gain":100,"player_choice":"Gold","damage_taken":0,"max_hp_gain":0,"max_hp_loss":0,"event_name":"Wheel of Change","floor":2,"gold_loss":0},{"damage_healed":0,"gold_gain":0,"player_choice":"Success","damage_taken":3,"relics_obtained":["Ornamental Fan"],"max_hp_gain":0,"max_hp_loss":0,"event_name":"Scrap Ooze","floor":6,"gold_loss":0},{"damage_healed":0,"gold_gain":0,"player_choice":"Ignored","damage_taken":0,"max_hp_gain":0,"max_hp_loss":0,"event_name":"Liars Game","floor":13,"gold_loss":0},{"cards_removed":["Defend_R"],"damage_healed":0,"gold_gain":0,"player_choice":"Gave Gold","damage_taken":0,"max_hp_gain":0,"max_hp_loss":0,"event_name":"Beggar","floor":21,"gold_loss":75},{"damage_healed":0,"gold_gain":100,"player_choice":"Pray","damage_taken":0,"max_hp_gain":0,"max_hp_loss":0,"event_name":"Golden Shrine","floor":22,"gold_loss":0},{"damage_healed":0,"gold_gain":0,"player_choice":"Simplicity","damage_taken":0,"max_hp_gain":0,"max_hp_loss":0,"event_name":"Back to Basics","floor":31,"gold_loss":0,"cards_upgraded":["Strike_R","Strike_R","Strike_R","Strike_R","Defend_R","Defend_R","Defend_R"]},{"damage_healed":0,"gold_gain":0,"player_choice":"Got Potions","damage_taken":0,"max_hp_gain":0,"max_hp_loss":0,"event_name":"Lab","floor":36,"gold_loss":0}],"is_beta":false,"boss_relics":[{"not_picked":["Runic Cube","Orrery"],"picked":"Runic Dome"},{"not_picked":["White Beast Statue","Busted Crown"],"picked":"Mark of Pain"}],"items_purged_floors":[20],"is_endless":false,"potions_floor_spawned":[5,7,11,19,24,28,30,35,38,39,48],"ascension_level":0}