{"gold_per_floor":[116,135,152,152,152,152,167,202,273,292,312,332,346,366,366,467,467,484,484,327,338,350,350,375,375,398,417,436,351,351,351,351,351],"floor_reached":33,"playtime":4230,"items_purged":["Strike_R"],"score":404,"play_id":"dd610343-8118-40d2-bc4f-6724fc99d12f","local_time":"20190330215551","is_ascension_mode":true,"campfire_choices":[{"data":"Bash","floor":6,"key":"SMITH"},{"data":"Rampage","floor":15,"key":"SMITH"},{"data":"Thunderclap","floor":23,"key":"SMITH"},{"data":"Heavy Blade","floor":25,"key":"SMITH"},{"floor":30,"key":"REST"},{"floor":32,"key":"REST"}],"neow_cost":"NONE","seed_source_timestamp":103102701661100,"circlet_count":0,"master_deck":["Strike_R+1","Strike_R","Strike_R","Defend_R","Defend_R","Defend_R","Defend_R","Bash+1","Iron Wave","Whirlwind+1","Intimidate","Flex","Heavy Blade+1","Rampage+1","Shockwave","Shrug It Off","Reaper+1","Armaments+1","Limit Break","Thunderclap+1","Parasite","Exhume","Feel No Pain","Jack Of All Trades"],"relics":["Burning Blood","Magic Flower","Question Card","Cursed Key","Smiling Mask","Strawberry","Champion Belt"],"potions_floor_usage":[10,16,18,22,27,33,33,33],"damage_taken":[{"damage":2,"enemies":"Jaw Worm","floor":1,"turns":3},{"damage":0,"enemies":"2 Louse","floor":2,"turns":3},{"damage":1,"enemies":"Cultist","floor":3,"turns":3},{"damage":0,"enemies":"2 Fungi Beasts","floor":7,"turns":1},{"damage":35,"enemies":"Lagavulin","floor":8,"turns":6},{"damage":6,"enemies":"Gremlin Gang","floor":10,"turns":2},{"damage":10,"enemies":"Exordium Wildlife","floor":11,"turns":5},{"damage":3,"enemies":"Blue Slaver","floor":12,"turns":4},{"damage":7,"enemies":"Exordium Thugs","floor":13,"turns":4},{"damage":9,"enemies":"Looter","floor":14,"turns":3},{"damage":0,"enemies":"Slime Boss","floor":16,"turns":6},{"damage":6,"enemies":"Spheric Guardian","floor":18,"turns":3},{"damage":20,"enemies":"3 Byrds","floor":21,"turns":4},{"damage":17,"enemies":"Cultist and Chosen","floor":22,"turns":6},{"damage":6,"enemies":"Gremlin Leader","floor":24,"turns":5},{"damage":45,"enemies":"Centurion and Healer","floor":27,"turns":6},{"damage":42,"enemies":"Snake Plant","floor":28,"turns":4},{"damage":57,"enemies":"Automaton","floor":33,"turns":8}],"seed_played":"-7673852112604656339","potions_obtained":[{"floor":1,"key":"FearPotion"},{"floor":8,"key":"AttackPotion"},{"floor":10,"key":"SteroidPotion"},{"floor":11,"key":"SpeedPotion"},{"floor":14,"key":"Strength Potion"},{"floor":21,"key":"SteroidPotion"},{"floor":24,"key":"Poison Potion"}],"is_trial":false,"path_per_floor":["M","M","M","?","?","R","M","E","T","M","M","M","M","M","R","B",null,"M","?","$","M","M","R","E","R","T","M","M","?","R","?","R","B"],"character_chosen":"IRONCLAD","items_purchased":["Limit Break"],"campfire_rested":2,"item_purchase_floors":[20],"current_hp_per_floor":[80,80,80,64,64,64,70,41,41,44,43,49,51,51,51,60,75,78,78,78,80,80,80,80,80,87,62,37,37,63,31,57,0],"gold":351,"neow_bonus":"THREE_CARDS","is_prod":false,"is_daily":false,"chose_seed":false,"campfire_upgraded":4,"win_rate":0,"timestamp":1553979351,"path_taken":["M","M","M","?","?","R","M","E","T","M","M","?","M","M","R","BOSS","M","?","$","M","M","R","E","R","T","M","?","?","R","?","R","BOSS"],"build_version":"2019-01-23","purchased_purges":1,"victory":false,"max_hp_per_floor":[80,80,80,80,80,80,80,80,80,80,80,80,80,80,80,80,80,80,80,80,80,80,80,80,80,87,87,87,87,87,87,87,87],"card_choices":[{"not_picked":["Warcry","Searing Blow"],"picked":"Iron Wave","floor":0},{"not_picked":["Twin Strike","Bloodletting"],"picked":"Whirlwind","floor":1},{"not_picked":["Feel No Pain","Body Slam"],"picked":"Intimidate","floor":2},{"not_picked":["Blood for Blood","Fire Breathing"],"picked":"Flex","floor":3},{"not_picked":["Body Slam","Clothesline"],"picked":"Heavy Blade","floor":7},{"not_picked":["Body Slam","Rage","Cleave"],"picked":"SKIP","floor":8},{"not_picked":["Anger","Reckless Charge","Power Through","Bloodletting"],"picked":"SKIP","floor":10},{"not_picked":["Pummel","Metallicize","Perfected Strike"],"picked":"Rampage","floor":11},{"not_picked":["Havoc","Fire Breathing","Seeing Red"],"picked":"Shockwave","floor":12},{"not_picked":["Heavy Blade","Body Slam","Rage","Anger"],"picked":"SKIP","floor":13},{"not_picked":["Body Slam","Rupture","Rampage"],"picked":"Shrug It Off","floor":14},{"not_picked":["Double Tap","Juggernaut","Immolate"],"picked":"Reaper","floor":16},{"not_picked":["Iron Wave","Blood for Blood+1","Sword Boomerang"],"picked":"Armaments+1","floor":18},{"not_picked":["Anger","Headbutt","Corruption","Heavy Blade+1"],"picked":"SKIP","floor":21},{"not_picked":["Body Slam+1","Flex","Sword Boomerang"],"picked":"Thunderclap","floor":22},{"not_picked":["Offering","Sword Boomerang","Rampage+1","Flex"],"picked":"SKIP","floor":24},{"not_picked":["Twin Strike","Perfected Strike","Rupture+1"],"picked":"Exhume","floor":27},{"not_picked":["Iron Wave","Flex","Shockwave"],"picked":"Feel No Pain","floor":28}],"player_experience":491393,"relics_obtained":[{"floor":8,"key":"Magic Flower"},{"floor":9,"key":"Question Card"},{"floor":24,"key":"Smiling Mask"},{"floor":26,"key":"Strawberry"}],"event_choices":[{"damage_healed":0,"gold_gain":0,"player_choice":"Entered Light","damage_taken":16,"max_hp_gain":0,"max_hp_loss":0,"event_name":"Shining Light","floor":4,"gold_loss":0,"cards_upgraded":["Strike_R","Whirlwind"]},{"cards_removed":["Strike_R"],"damage_healed":0,"gold_gain":0,"player_choice":"Offered Basic","damage_taken":0,"max_hp_gain":0,"max_hp_loss":0,"event_name":"Bonfire Elementals","floor":5,"gold_loss":0},{"damage_healed":0,"gold_gain":0,"player_choice":"Upgraded","damage_taken":0,"max_hp_gain":0,"max_hp_loss":0,"event_name":"Upgrade Shrine","floor":19,"gold_loss":0,"cards_upgraded":["Reaper"]},{"damage_healed":0,"gold_gain":0,"player_choice":"Obtained Relic","damage_taken":0,"relics_obtained":["Champion Belt"],"max_hp_gain":0,"max_hp_loss":0,"event_name":"Addict","floor":29,"gold_loss":85},{"damage_healed":0,"gold_gain":0,"player_choice":"POTION CARD POTION ","damage_taken":32,"max_hp_gain":0,"max_hp_loss":0,"event_name":"Knowing Skull","floor":31,"potions_obtained":["Strength Potion","Block Potion"],"gold_loss":0,"cards_obtained":["Jack Of All Trades"]}],"is_beta":false,"boss_relics":[{"not_picked":["Black Star","Empty Cage"],"picked":"Cursed Key"}],"items_purged_floors":[20],"is_endless":false,"potions_floor_spawned":[1,8,10,11,12,14,21,24],"killed_by":"Automaton","ascension_level":5}