{"gold_per_floor":[118,133,133,151,164,164,339,339,362,109,184,201,217,234,234,234],"floor_reached":16,"playtime":488,"items_purged":["Doubt"],"score":94,"play_id":"3383c4c2-7357-453b-89a0-4b4b9506027c","local_time":"20190416212132","is_ascension_mode":false,"campfire_choices":[{"data":"Zap","floor":6,"key":"SMITH"},{"data":"Recycle","floor":8,"key":"SMITH"},{"data":"Hologram","floor":15,"key":"SMITH"}],"neow_cost":"NONE","seed_source_timestamp":304904612599381,"circlet_count":0,"master_deck":["Strike_B","Strike_B","Strike_B","Strike_B","Defend_B","Defend_B+1","Defend_B","Defend_B","Zap+1","Dualcast","Forethought+1","Recycle+1","BootSequence","Streamline","Double Energy","Melter","Loop","FTL","Defragment","Hologram+1","Core Surge"],"relics":["Cracked Core"],"potions_floor_usage":[16,16],"damage_taken":[{"damage":11,"enemies":"Jaw Worm","floor":1,"turns":3},{"damage":1,"enemies":"Cultist","floor":2,"turns":4},{"damage":5,"enemies":"Small Slimes","floor":4,"turns":5},{"damage":7,"enemies":"Blue Slaver","floor":5,"turns":3},{"damage":0,"enemies":"Lots of Slimes","floor":12,"turns":3},{"damage":3,"enemies":"Large Slime","floor":13,"turns":4},{"damage":3,"enemies":"Red Slaver","floor":14,"turns":3},{"damage":20,"enemies":"Slime Boss","floor":16,"turns":4}],"seed_played":"3045417436522835105","potions_obtained":[{"floor":4,"key":"Dexterity Potion"},{"floor":5,"key":"GamblersBrew"},{"floor":12,"key":"Ancient Potion"}],"is_trial":false,"path_per_floor":["M","M","?","M","M","R","?","R","T","$","?","M","M","M","R","B"],"character_chosen":"DEFECT","items_purchased":["Melter","Loop","FTL"],"campfire_rested":0,"item_purchase_floors":[10,10,10],"current_hp_per_floor":[64,63,48,43,36,36,36,36,36,36,25,25,22,19,19,0],"gold":234,"neow_bonus":"RANDOM_COLORLESS","is_prod":false,"is_daily":false,"chose_seed":false,"campfire_upgraded":3,"win_rate":0,"timestamp":1555420892,"path_taken":["M","M","?","M","M","R","?","R","T","$","?","M","?","?","R","BOSS"],"build_version":"2019-01-23","purchased_purges":1,"victory":false,"max_hp_per_floor":[75,75,75,75,75,75,75,75,75,75,75,75,75,75,75,75],"card_choices":[{"not_picked":["Gash","White Noise"],"picked":"Recycle","floor":1},{"not_picked":["Cold Snap","Auto Shields"],"picked":"BootSequence","floor":2},{"not_picked":["Cold Snap","Rebound"],"picked":"Streamline","floor":4},{"not_picked":["Redo","Coolheaded"],"picked":"Double Energy","floor":5},{"not_picked":["Cold Snap","Chaos"],"picked":"Defragment","floor":12},{"not_picked":["Redo","Heatsinks"],"picked":"Hologram","floor":13},{"not_picked":["Cold Snap","Hello World"],"picked":"Core Surge","floor":14}],"player_experience":979391,"relics_obtained":[],"event_choices":[{"damage_healed":0,"gold_gain":0,"player_choice":"Entered Light","damage_taken":15,"max_hp_gain":0,"max_hp_loss":0,"event_name":"Shining Light","floor":3,"gold_loss":0,"cards_upgraded":["Forethought","Defend_B"]},{"damage_healed":0,"gold_gain":175,"player_choice":"AGREE","damage_taken":0,"max_hp_gain":0,"max_hp_loss":0,"event_name":"Liars Game","floor":7,"gold_loss":0,"cards_obtained":["Doubt"]},{"damage_healed":0,"gold_gain":75,"player_choice":"Gather Gold","damage_taken":11,"max_hp_gain":0,"max_hp_loss":0,"event_name":"World of Goop","floor":11,"gold_loss":0}],"is_beta":false,"boss_relics":[],"items_purged_floors":[10],"is_endless":false,"potions_floor_spawned":[4,5,12],"killed_by":"Slime Boss","ascension_level":0}