{"gold_per_floor":[116,116,41,52,71,71,103,119,119,152,152,178,178,196,196,272,272,287,177,103,118,133,162,50,68,92,108,118,128,128,145,145,219,219,236,236,252,252,352,352,352,352,352,369,394,394,201,214,214,234],"floor_reached":51,"playtime":3186,"items_purged":["Strike_R","Writhe"],"score":1246,"play_id":"bd53f975-4652-4fcf-939c-36e834b5c35f","local_time":"20190422163844","is_ascension_mode":true,"campfire_choices":[{"data":"Disarm","floor":6,"key":"SMITH"},{"floor":11,"key":"REST"},{"floor":15,"key":"REST"},{"floor":32,"key":"REST"},{"floor":40,"key":"REST"},{"floor":42,"key":"REST"},{"floor":46,"key":"REST"},{"floor":49,"key":"REST"}],"neow_cost":"NONE","seed_source_timestamp":170186756820613,"circlet_count":0,"master_deck":["AscendersBane","Defend_R","Defend_R+1","Defend_R+1","Defend_R","Bash","Havoc+1","Disarm+1","Anger+1","True Grit","Disarm+1","Headbutt+1","Flame Barrier","Uppercut+1","Havoc","Havoc","Pommel Strike+1","Brutality+1","Battle Trance","Metallicize+1","Shockwave","Shockwave","Rage","Feel No Pain+1","Disarm","Armaments","Disarm+1","Rage","Dropkick+1","Feel No Pain+1","Demon Form+1","Ghostly Armor+1","Apotheosis","Sadistic Nature+1","Magnetism+1","Injury","Headbutt+1","Seeing Red","Shrug It Off"],"relics":["Astrolabe","Molten Egg 2","Kunai","Frozen Egg 2","Self Forming Clay","Fusion Hammer","War Paint","Lantern","Cursed Key","Turnip","Shuriken","Juzu Bracelet"],"potions_floor_usage":[10,12,23,28,29,33,44,50,50],"damage_taken":[{"damage":9,"enemies":"Small Slimes","floor":1,"turns":3},{"damage":0,"enemies":"2 Louse","floor":4,"turns":3},{"damage":0,"enemies":"Cultist","floor":5,"turns":4},{"damage":46,"enemies":"3 Sentries","floor":7,"turns":12},{"damage":4,"enemies":"Looter","floor":8,"turns":4},{"damage":5,"enemies":"Lagavulin","floor":10,"turns":5},{"damage":26,"enemies":"Gremlin Nob","floor":12,"turns":5},{"damage":5,"enemies":"Exordium Thugs","floor":14,"turns":5},{"damage":13,"enemies":"The Guardian","floor":16,"turns":9},{"damage":20,"enemies":"3 Byrds","floor":18,"turns":5},{"damage":12,"enemies":"Spheric Guardian","floor":21,"turns":4},{"damage":12,"enemies":"Snake Plant","floor":22,"turns":4},{"damage":13,"enemies":"Gremlin Leader","floor":23,"turns":8},{"damage":5,"enemies":"3 Cultists","floor":25,"turns":6},{"damage":0,"enemies":"Centurion and Healer","floor":27,"turns":10},{"damage":1,"enemies":"Chosen and Byrds","floor":28,"turns":8},{"damage":5,"enemies":"Snake Plant","floor":29,"turns":5},{"damage":0,"enemies":"Sentry and Sphere","floor":31,"turns":8},{"damage":21,"enemies":"Automaton","floor":33,"turns":10},{"damage":16,"enemies":"3 Darklings","floor":35,"turns":6},{"damage":15,"enemies":"Orb Walker","floor":37,"turns":6},{"damage":5,"enemies":"Mind Bloom Boss Battle","floor":39,"turns":6},{"damage":14,"enemies":"Sphere and 2 Shapes","floor":44,"turns":8},{"damage":41,"enemies":"Nemesis","floor":45,"turns":9},{"damage":22,"enemies":"Transient","floor":48,"turns":5},{"damage":40,"enemies":"Awakened One","floor":50,"turns":11}],"seed_played":"-1775731088225267444","potions_obtained":[{"floor":5,"key":"AttackPotion"},{"floor":8,"key":"Dexterity Potion"},{"floor":10,"key":"FairyPotion"},{"floor":16,"key":"BloodPotion"},{"floor":23,"key":"FearPotion"},{"floor":27,"key":"AttackPotion"},{"floor":28,"key":"Regen Potion"},{"floor":29,"key":"Strength Potion"},{"floor":33,"key":"SneckoOil"},{"floor":35,"key":"EssenceOfSteel"},{"floor":48,"key":"BloodPotion"}],"is_trial":false,"path_per_floor":["M","?","$","M","M","R","E","M","T","E","R","E","?","M","R","B",null,"M","?","$","M","M","E","$","M","T","M","M","M","?","M","R","B",null,"M","?","M","?","?","R","?","R","T","M","E","R","$","M","R","B",null],"character_chosen":"IRONCLAD","items_purchased":["Metallicize+1","Feel No Pain+1","Disarm","Seeing Red","PowerPotion"],"campfire_rested":7,"item_purchase_floors":[20,24,24,47,47],"current_hp_per_floor":[59,64,64,64,64,64,18,14,14,9,33,7,7,2,26,13,63,43,43,43,31,19,14,14,9,9,9,8,17,17,17,41,20,65,49,49,34,24,19,43,59,80,80,66,25,49,49,27,51,19],"gold":234,"neow_bonus":"BOSS_RELIC","is_prod":false,"is_daily":false,"chose_seed":false,"campfire_upgraded":1,"win_rate":0,"timestamp":1555940324,"path_taken":["M","?","$","M","M","R","E","M","T","E","R","E","?","?","R","BOSS","M","?","?","M","M","E","$","?","T","M","M","M","?","M","R","BOSS","M","?","M","?","?","R","?","R","T","M","E","R","$","M","R","BOSS"],"build_version":"2019-01-23","purchased_purges":2,"victory":true,"max_hp_per_floor":[75,80,80,80,80,80,80,80,80,80,80,80,80,80,80,80,80,80,80,80,80,80,80,80,80,80,80,80,80,80,80,80,80,80,80,80,80,80,80,80,80,80,80,80,80,80,80,80,80,80],"card_choices":[{"not_picked":["Anger","Warcry"],"picked":"True Grit","floor":1},{"not_picked":["Clothesline","Twin Strike"],"picked":"Disarm","floor":4},{"not_picked":["Thunderclap","True Grit"],"picked":"Headbutt","floor":5},{"not_picked":["Carnage","Offering"],"picked":"Flame Barrier","floor":7},{"not_picked":["Inflame","Wild Strike+1"],"picked":"Uppercut+1","floor":8},{"not_picked":["Sentinel","Wild Strike+1"],"picked":"Havoc","floor":10},{"not_picked":["Searing Blow+1","Sever Soul+1"],"picked":"Havoc","floor":12},{"not_picked":["Shrug It Off","Rampage+1"],"picked":"Pommel Strike+1","floor":14},{"not_picked":["Limit Break","Fiend Fire+1"],"picked":"Brutality+1","floor":16},{"not_picked":["Havoc","Wild Strike+1"],"picked":"Battle Trance","floor":18},{"not_picked":["Hemokinesis+1","Searing Blow+1"],"picked":"Shockwave","floor":21},{"not_picked":["Flex","Fire Breathing+1"],"picked":"Shockwave","floor":22},{"not_picked":["Evolve+1","Clash+1"],"picked":"Rage","floor":23},{"not_picked":["Uppercut+1","Wild Strike+1"],"picked":"Armaments","floor":25},{"not_picked":["Flame Barrier","Carnage+1"],"picked":"Disarm+1","floor":27},{"not_picked":["Clash+1","Flex"],"picked":"Rage","floor":28},{"not_picked":["Thunderclap+1","Perfected Strike+1"],"picked":"Dropkick+1","floor":29},{"not_picked":["Immolate+1","Uppercut+1"],"picked":"Feel No Pain+1","floor":31},{"not_picked":["Limit Break","Fiend Fire+1"],"picked":"Demon Form+1","floor":33},{"not_picked":["Searing Blow+1","Carnage+1"],"picked":"Ghostly Armor+1","floor":35},{"not_picked":["Pummel+1","Second Wind","Flex"],"picked":"SKIP","floor":37},{"not_picked":["Deep Breath","HandOfGreed+1"],"picked":"Apotheosis","floor":38},{"not_picked":["Good Instincts","Forethought"],"picked":"Sadistic Nature+1","floor":38},{"not_picked":["The Bomb","Chrysalis"],"picked":"Magnetism+1","floor":38},{"not_picked":["Power Through","Bloodletting"],"picked":"Headbutt+1","floor":44},{"not_picked":["Clash+1","True Grit","Infernal Blade"],"picked":"SKIP","floor":45},{"not_picked":["Cleave+1","Pummel+1"],"picked":"Shrug It Off","floor":48}],"player_experience":470651,"relics_obtained":[{"floor":7,"key":"Molten Egg 2"},{"floor":9,"key":"Kunai"},{"floor":10,"key":"Frozen Egg 2"},{"floor":12,"key":"Self Forming Clay"},{"floor":23,"key":"War Paint"},{"floor":26,"key":"Lantern"},{"floor":39,"key":"Turnip"},{"floor":43,"key":"Shuriken"},{"floor":45,"key":"Juzu Bracelet"}],"event_choices":[{"damage_healed":0,"gold_gain":0,"player_choice":"Donut","damage_taken":0,"max_hp_gain":5,"max_hp_loss":0,"event_name":"Big Fish","floor":2,"gold_loss":0},{"damage_healed":0,"gold_gain":0,"player_choice":"0 cards matched","damage_taken":0,"max_hp_gain":0,"max_hp_loss":0,"event_name":"Match and Keep!","floor":13,"gold_loss":0,"cards_obtained":[]},{"cards_removed":["Strike_R"],"damage_healed":0,"gold_gain":0,"player_choice":"Upgrade and Remove","damage_taken":0,"max_hp_gain":0,"max_hp_loss":0,"event_name":"Designer","floor":19,"gold_loss":110,"cards_upgraded":["Headbutt"]},{"damage_healed":0,"gold_gain":0,"player_choice":"Ignored","damage_taken":0,"max_hp_gain":0,"max_hp_loss":0,"event_name":"Vampires","floor":30,"gold_loss":0},{"damage_healed":0,"gold_gain":0,"player_choice":"Ignored","damage_taken":0,"max_hp_gain":0,"max_hp_loss":0,"event_name":"Tomb of Lord Red Mask","floor":36,"gold_loss":0},{"damage_healed":0,"gold_gain":0,"player_choice":"Memory 3","damage_taken":10,"max_hp_gain":0,"max_hp_loss":0,"event_name":"SensoryStone","floor":38,"gold_loss":0},{"damage_healed":0,"gold_gain":0,"player_choice":"Fight","damage_taken":0,"max_hp_gain":0,"max_hp_loss":0,"event_name":"MindBloom","floor":39,"gold_loss":0},{"damage_healed":16,"gold_gain":0,"player_choice":"Writhe","damage_taken":0,"max_hp_gain":0,"max_hp_loss":0,"event_name":"Winding Halls","floor":41,"gold_loss":0,"cards_obtained":["Writhe"]}],"is_beta":false,"boss_relics":[{"not_picked":["Busted Crown","Ectoplasm"],"picked":"Fusion Hammer"},{"not_picked":["Snecko Eye","Sozu"],"picked":"Cursed Key"}],"items_purged_floors":[3,47],"is_endless":false,"potions_floor_spawned":[5,8,10,16,23,27,28,29,33,35,37,48],"ascension_level":15}