{"gold_per_floor":[119,131,52,69,83,83,112,127,202,234,254,254,254,111,111,111],"floor_reached":16,"playtime":615,"items_purged":["Strike_R"],"score":112,"play_id":"c21f7412-08ee-4a5a-80bd-9d7922cb9f60","local_time":"20190304231058","is_ascension_mode":false,"campfire_choices":[{"data":"Armaments","floor":6,"key":"SMITH"},{"data":"Flame Barrier","floor":13,"key":"SMITH"},{"data":"Spot Weakness","floor":15,"key":"SMITH"}],"neow_cost":"NONE","seed_source_timestamp":808221197696447,"circlet_count":0,"master_deck":["Strike_R","Strike_R","Strike_R","Defend_R","Defend_R","Defend_R","Defend_R","Bash","Armaments+1","Shrug It Off","Spot Weakness+1","Heavy Blade","Flex","Cleave","Flame Barrier+1","Clothesline+1","Bite","Feed+1"],"relics":["Burning Blood","Turnip","Molten Egg 2","Torii"],"potions_floor_usage":[2,7,16],"damage_taken":[{"damage":3,"enemies":"Small Slimes","floor":1,"turns":3},{"damage":1,"enemies":"Cultist","floor":2,"turns":4},{"damage":8,"enemies":"Jaw Worm","floor":4,"turns":3},{"damage":5,"enemies":"3 Louse","floor":5,"turns":3},{"damage":19,"enemies":"Gremlin Nob","floor":7,"turns":4},{"damage":3,"enemies":"Large Slime","floor":8,"turns":4},{"damage":29,"enemies":"Lagavulin","floor":10,"turns":7},{"damage":1,"enemies":"Red Slaver","floor":11,"turns":4},{"damage":66,"enemies":"Slime Boss","floor":16,"turns":9}],"seed_played":"-7101680915231631588","potions_obtained":[{"floor":2,"key":"Fruit Juice"},{"floor":4,"key":"Explosive Potion"},{"floor":5,"key":"Strength Potion"}],"is_trial":false,"path_per_floor":["M","M","$","M","M","R","E","M","T","E","M","?","R","$","R","B"],"character_chosen":"IRONCLAD","items_purchased":["Spot Weakness","Feed+1"],"campfire_rested":0,"item_purchase_floors":[3,14],"current_hp_per_floor":[88,93,93,91,92,92,79,82,82,59,64,64,64,64,64,0],"gold":111,"neow_bonus":"TEN_PERCENT_HP_BONUS","is_prod":false,"is_daily":false,"chose_seed":false,"campfire_upgraded":3,"win_rate":0,"timestamp":1551712258,"path_taken":["M","M","$","M","M","R","E","M","T","E","M","?","R","$","R","BOSS"],"build_version":"2019-01-23","purchased_purges":1,"victory":false,"max_hp_per_floor":[88,93,93,93,93,93,93,93,93,93,93,93,93,93,93,93],"card_choices":[{"not_picked":["Clothesline","Heavy Blade"],"picked":"Armaments","floor":1},{"not_picked":["Sword Boomerang","Warcry"],"picked":"Shrug It Off","floor":2},{"not_picked":["Anger","Flex"],"picked":"Heavy Blade","floor":4},{"not_picked":["Combust","Bloodletting"],"picked":"Flex","floor":5},{"not_picked":["Barricade","Corruption"],"picked":"Cleave","floor":7},{"not_picked":["Havoc","Thunderclap","Clash"],"picked":"SKIP","floor":8},{"not_picked":["Carnage+1","Combust"],"picked":"Flame Barrier","floor":10},{"not_picked":["Thunderclap+1","Perfected Strike+1"],"picked":"Clothesline+1","floor":11}],"player_experience":750571,"relics_obtained":[{"floor":7,"key":"Turnip"},{"floor":9,"key":"Molten Egg 2"},{"floor":10,"key":"Torii"}],"event_choices":[{"cards_removed":["Strike_R"],"damage_healed":0,"gold_gain":0,"player_choice":"Took Card","damage_taken":0,"max_hp_gain":0,"max_hp_loss":0,"event_name":"NoteForYourself","floor":12,"gold_loss":0,"cards_obtained":["Bite"]}],"is_beta":false,"boss_relics":[],"items_purged_floors":[14],"is_endless":false,"potions_floor_spawned":[2,4,5],"killed_by":"Slime Boss","ascension_level":0}