{"gold_per_floor":[112,112,187,198,198,198,234,234,234,274,289,314,314,352,352,472,472,493,517,517,538,563,563,563,602,656,656,679,21,36,36,36,36],"floor_reached":33,"playtime":1979,"items_purged":["Injury"],"score":406,"play_id":"dc9a320e-fe05-4f5a-bd71-a8c72b404d85","local_time":"20190321145913","is_ascension_mode":true,"campfire_choices":[{"floor":6.0,"key":"REST"},{"floor":8.0,"key":"REST"},{"floor":15.0,"key":"REST"},{"floor":23.0,"key":"REST"},{"floor":27.0,"key":"REST"},{"floor":32.0,"key":"REST"}],"neow_cost":"NONE","seed_source_timestamp":215802247166368,"circlet_count":0,"master_deck":["Zap+1","Dualcast","Trip","Auto Shields","Leap","Sunder","Sweeping Beam","Echo Form","Echo Form","Thunder Strike+1","All For One+1","Redo","Amplify","Skim","Meteor Strike+1","Sunder+1","Machine Learning","Defragment","Reprogram+1","Skim"],"special_seed":0,"relics":["Cracked Core","Golden Idol","Singing Bowl","Shuriken","Mango","Kunai","Molten Egg 2","Pandora\u0027s Box","The Courier","Omamori","Frozen Eye","Pen Nib","Strawberry","Mercury Hourglass","Ornamental Fan"],"potions_floor_usage":[33],"damage_taken":[{"damage":0.0,"enemies":"Jaw Worm","floor":1.0,"turns":3.0},{"damage":1.0,"enemies":"Small Slimes","floor":4.0,"turns":4.0},{"damage":35.0,"enemies":"3 Sentries","floor":7.0,"turns":8.0},{"damage":20.0,"enemies":"Lagavulin","floor":10.0,"turns":6.0},{"damage":3.0,"enemies":"2 Louse","floor":11.0,"turns":2.0},{"damage":11.0,"enemies":"Lots of Slimes","floor":12.0,"turns":4.0},{"damage":33.0,"enemies":"Gremlin Nob","floor":14.0,"turns":4.0},{"damage":27.0,"enemies":"Slime Boss","floor":16.0,"turns":6.0},{"damage":12.0,"enemies":"Chosen","floor":18.0,"turns":4.0},{"damage":11.0,"enemies":"Spheric Guardian","floor":19.0,"turns":3.0},{"damage":32.0,"enemies":"Snake Plant","floor":21.0,"turns":2.0},{"damage":11.0,"enemies":"Cultist and Chosen","floor":22.0,"turns":6.0},{"damage":30.0,"enemies":"Gremlin Leader","floor":25.0,"turns":6.0},{"damage":18.0,"enemies":"Snecko","floor":28.0,"turns":4.0},{"damage":28.0,"enemies":"Sentry and Sphere","floor":30.0,"turns":5.0},{"damage":44,"enemies":"Automaton","floor":33,"turns":4}],"seed_played":"790207538907343285","potions_obtained":[{"floor":7.0,"key":"Explosive Potion"},{"floor":11.0,"key":"LiquidBronze"},{"floor":12.0,"key":"FairyPotion"},{"floor":18.0,"key":"FearPotion"},{"floor":22.0,"key":"Weak Potion"},{"floor":24.0,"key":"Ancient Potion"},{"floor":24.0,"key":"SpeedPotion"},{"floor":28.0,"key":"SkillPotion"},{"floor":30.0,"key":"LiquidBronze"}],"is_trial":false,"path_per_floor":["M","?","?","M","?","R","E","R","T","E","M","M","T","E","R","B",null,"M","M","?","M","M","R","?","E","T","R","M","$","M","T","R","B"],"character_chosen":"DEFECT","items_purchased":["Frozen Eye","Pen Nib","Strawberry","Mercury Hourglass"],"campfire_rested":6,"item_purchase_floors":[29,29,29,29],"current_hp_per_floor":[75,60,49,48,48,70,35,57,57,53,52,41,41,8,35,8,72,60,51,42,12,1,30,30,9,9,38,22,29,3,3,35,0],"gold":36,"neow_bonus":"RANDOM_COLORLESS","is_prod":false,"is_daily":false,"chose_seed":false,"campfire_upgraded":0,"win_rate":0,"timestamp":1553198353,"path_taken":["M","?","?","M","?","R","E","R","T","E","M","M","?","E","R","BOSS","M","?","?","?","?","R","?","E","T","R","M","$","?","?","R","BOSS"],"build_version":"2019-01-23","purchased_purges":1,"victory":false,"max_hp_per_floor":[75,75,75,75,75,75,75,75,75,91,93,93,93,93,93,93,93,93,95,95,97,97,97,97,97,97,97,99,106,108,108,108,108],"card_choices":[{"not_picked":["Steam","Cold Snap"],"picked":"Auto Shields","floor":1.0},{"not_picked":["Beam Cell","Steam"],"picked":"Leap","floor":4.0},{"not_picked":["Conserve Battery","Cold Snap"],"picked":"Sunder","floor":7.0},{"not_picked":["Thunder Strike","Doom and Gloom","Rebound"],"picked":"Singing Bowl","floor":10.0},{"not_picked":["Go for the Eyes","Beam Cell","Stack"],"picked":"Singing Bowl","floor":11.0},{"not_picked":["Steam","Go for the Eyes"],"picked":"Sweeping Beam","floor":12.0},{"not_picked":["Hologram","Sunder"],"picked":"Echo Form","floor":14.0},{"not_picked":["Buffer","Thunder Strike+1"],"picked":"Echo Form","floor":16.0},{"not_picked":["Lockon+1","Gash+1"],"picked":"Defragment","floor":18.0},{"not_picked":["Gash+1","Capacitor","Go for the Eyes+1"],"picked":"Singing Bowl","floor":19.0},{"not_picked":["Chaos","Recycle","Stack+1"],"picked":"Singing Bowl","floor":21.0},{"not_picked":["Rebound+1","Cold Snap+1"],"picked":"Reprogram+1","floor":22.0},{"not_picked":["Aggregate","FTL+1"],"picked":"Skim","floor":25.0},{"not_picked":["Loop","Creative AI","Cold Snap+1"],"picked":"Singing Bowl","floor":28.0},{"not_picked":["Darkness","Ball Lightning+1","Rebound+1"],"picked":"Singing Bowl","floor":30.0}],"player_experience":329865,"relics_obtained":[{"floor":7.0,"key":"Singing Bowl"},{"floor":9.0,"key":"Shuriken"},{"floor":10.0,"key":"Mango"},{"floor":13.0,"key":"Kunai"},{"floor":14.0,"key":"Molten Egg 2"},{"floor":25.0,"key":"The Courier"},{"floor":26.0,"key":"Omamori"},{"floor":31.0,"key":"Ornamental Fan"}],"event_choices":[{"damage_healed":0.0,"max_hp_gain":0.0,"max_hp_loss":0.0,"gold_gain":0.0,"event_name":"Shining Light","player_choice":"Entered Light","floor":2.0,"gold_loss":0.0,"damage_taken":15.0,"cards_upgraded":["Zap","Defend_B"]},{"damage_healed":0.0,"max_hp_gain":0.0,"max_hp_loss":0.0,"gold_gain":75.0,"event_name":"World of Goop","player_choice":"Gather Gold","floor":3.0,"gold_loss":0.0,"damage_taken":11.0},{"damage_healed":0.0,"max_hp_gain":0.0,"max_hp_loss":0.0,"gold_gain":0.0,"event_name":"Golden Idol","player_choice":"Take Wound","floor":5.0,"gold_loss":0.0,"damage_taken":0.0,"relics_obtained":["Golden Idol"],"cards_obtained":["Injury"]},{"damage_healed":0.0,"max_hp_gain":0.0,"max_hp_loss":0.0,"gold_gain":0.0,"event_name":"Knowing Skull","player_choice":"","floor":20.0,"potions_obtained":[],"gold_loss":0.0,"damage_taken":9.0,"cards_obtained":[]},{"damage_healed":0.0,"max_hp_gain":0.0,"max_hp_loss":0.0,"gold_gain":0.0,"event_name":"Lab","player_choice":"Got Potions","floor":24.0,"gold_loss":0.0,"damage_taken":0.0}],"is_beta":false,"boss_relics":[{"not_picked":["Calling Bell","Coffee Dripper"],"picked":"Pandora\u0027s Box"}],"items_purged_floors":[29],"is_endless":false,"potions_floor_spawned":[7,11,12,18,22,28,30],"killed_by":"Automaton","ascension_level":5}