{"gold_per_floor":[116,14,34,34,45,45,75,89,166,41,51,51,81,93,105,217,229,251,282,373,396,423,435,21,52,79,79,90,90,365,376,376,481,481,496,119,130,144,160,185,185,145,171,171,190,202,112,112,112,112],"floor_reached":51,"playtime":4159,"items_purged":["Writhe","Shame"],"score":998,"play_id":"1962ed86-c4b7-4ff7-8c49-ebc71850e89f","local_time":"20190412213325","is_ascension_mode":true,"campfire_choices":[{"data":"Neutralize","floor":6.0,"key":"SMITH"},{"data":"After Image","floor":12.0,"key":"SMITH"},{"data":"Blur","floor":15.0,"key":"SMITH"},{"floor":23.0,"key":"REST"},{"data":"Doppelganger","floor":27.0,"key":"SMITH"},{"floor":32.0,"key":"REST"},{"floor":41,"key":"REST"},{"data":"Burst","floor":44,"key":"SMITH"},{"floor":49,"key":"REST"}],"neow_cost":"NONE","seed_source_timestamp":153907345163328,"circlet_count":0,"master_deck":["Defend_G+1","Defend_G+1","Defend_G+1","Defend_G+1","Defend_G+1","Strike_G+1","Strike_G+1","Strike_G+1","Strike_G+1","Strike_G+1","Survivor","Neutralize+1","Backflip","Backstab","Backflip","Distraction","After Image+1","Footwork+1","Blur+1","Terror","Doppelganger+1","Deadly Poison+1","Catalyst+1","Noxious Fumes+1","Footwork+1","Burst+1","Tools of the Trade+1","Escape Plan+1","Well Laid Plans+1","Backflip+1","Bouncing Flask+1","Malaise","Burst","Noxious Fumes+1","Escape Plan+1","Footwork+1"],"special_seed":0,"relics":["Ring of the Snake","Incense Burner","Frozen Egg 2","MawBank","FaceOfCleric","Cursed Key","Dodecahedron","Omamori","MealTicket","Calipers","Smiling Mask","Black Star","Prayer Wheel","Centennial Puzzle","Orichalcum","Bronze Scales"],"potions_floor_usage":[50,50],"damage_taken":[{"damage":0.0,"enemies":"Cultist","floor":1.0,"turns":4.0},{"damage":0.0,"enemies":"Jaw Worm","floor":3.0,"turns":5.0},{"damage":0.0,"enemies":"2 Louse","floor":5.0,"turns":2.0},{"damage":15.0,"enemies":"Lagavulin","floor":7.0,"turns":5.0},{"damage":0.0,"enemies":"Gremlin Gang","floor":8.0,"turns":8.0},{"damage":6.0,"enemies":"Red Slaver","floor":11.0,"turns":6.0},{"damage":1.0,"enemies":"3 Sentries","floor":13.0,"turns":13.0},{"damage":41.0,"enemies":"Slime Boss","floor":16.0,"turns":39.0},{"damage":0.0,"enemies":"Spheric Guardian","floor":18.0,"turns":12.0},{"damage":0.0,"enemies":"Shell Parasite","floor":19.0,"turns":7.0},{"damage":16.0,"enemies":"Snecko","floor":21.0,"turns":11.0},{"damage":17.0,"enemies":"Snake Plant","floor":22.0,"turns":6.0},{"damage":6.0,"enemies":"Book of Stabbing","floor":25.0,"turns":7.0},{"damage":7.0,"enemies":"3 Cultists","floor":28.0,"turns":6.0},{"damage":0.0,"enemies":"Centurion and Healer","floor":31.0,"turns":6.0},{"damage":6.0,"enemies":"Automaton","floor":33.0,"turns":11.0},{"damage":0.0,"enemies":"3 Darklings","floor":35.0,"turns":8.0},{"damage":0.0,"enemies":"Orb Walker","floor":37.0,"turns":3.0},{"damage":0.0,"enemies":"Maw","floor":38.0,"turns":5.0},{"damage":0.0,"enemies":"Writhing Mass","floor":39.0,"turns":5.0},{"damage":43,"enemies":"Reptomancer","floor":40,"turns":8},{"damage":0,"enemies":"4 Shapes","floor":45,"turns":5},{"damage":8,"enemies":"Jaw Worm Horde","floor":46,"turns":4},{"damage":4,"enemies":"Awakened One","floor":50,"turns":14}],"seed_played":"-3854356786181412928","potions_obtained":[{"floor":3.0,"key":"SkillPotion"},{"floor":8.0,"key":"AttackPotion"},{"floor":13.0,"key":"SpeedPotion"},{"floor":21.0,"key":"Explosive Potion"},{"floor":22.0,"key":"GhostInAJar"},{"floor":28.0,"key":"Swift Potion"},{"floor":40,"key":"Regen Potion"},{"floor":42,"key":"FairyPotion"},{"floor":42,"key":"Poison Potion"},{"floor":45,"key":"GhostInAJar"}],"is_trial":false,"path_per_floor":["M","$","M","?","M","R","E","M","T","$","M","R","E","?","R","B",null,"M","M","T","M","M","R","$","E","T","R","M","?","?","M","R","B",null,"M","$","M","M","M","E","R","?","T","R","M","M","$","?","R","B",null],"character_chosen":"THE_SILENT","items_purchased":["Fruit Juice","Footwork+1","PowerPotion","Omamori","MealTicket","Prayer Wheel","Well Laid Plans+1","Footwork+1"],"campfire_rested":4,"item_purchase_floors":[2,10,10,24,24,36,36,47],"current_hp_per_floor":[70,75,75,75,75,75,60,60,60,60,54,54,53,53,53,13,66,67,68,68,53,37,63,63,58,58,58,52,52,52,53,80,75,87,88,92,93,94,95,53,81,81,81,81,82,75,90,90,95,96],"gold":112,"neow_bonus":"TEN_PERCENT_HP_BONUS","is_prod":false,"is_daily":false,"chose_seed":false,"campfire_upgraded":5,"win_rate":0,"timestamp":1555122805,"path_taken":["M","?","M","?","M","R","E","M","T","?","?","R","E","?","R","BOSS","M","?","?","M","M","R","$","E","T","R","M","?","?","M","R","BOSS","M","$","M","?","M","E","R","?","T","R","M","?","$","?","R","BOSS"],"build_version":"2019-01-23","purchased_purges":2,"victory":true,"max_hp_per_floor":[77,82,82,82,82,82,82,82,82,82,82,82,82,82,82,83,83,84,85,85,86,87,87,87,88,88,88,89,89,89,90,90,91,91,92,92,93,94,95,96,96,96,96,96,97,98,98,95,95,96],"card_choices":[{"not_picked":["Dagger Throw","Calculated Gamble"],"picked":"Backflip","floor":1.0},{"not_picked":["Dagger Throw","PiercingWail"],"picked":"Backstab","floor":3.0},{"not_picked":["All Out Attack","Flying Knee"],"picked":"Backflip","floor":5.0},{"not_picked":["Concentrate","Outmaneuver"],"picked":"Distraction","floor":7.0},{"not_picked":["Caltrops","Predator"],"picked":"After Image","floor":8.0},{"not_picked":["Underhanded Strike","Endless Agony"],"picked":"Blur","floor":11.0},{"not_picked":["Tactician","Slice"],"picked":"Terror","floor":13.0},{"not_picked":["Grand Finale","Wraith Form v2+1"],"picked":"Doppelganger","floor":16.0},{"not_picked":["Sucker Punch","Dagger Spray+1","Flying Knee"],"picked":"SKIP","floor":18.0},{"not_picked":["Dodge and Roll","Heel Hook"],"picked":"Deadly Poison+1","floor":19.0},{"not_picked":["Predator","Bane+1","Acrobatics+1"],"picked":"SKIP","floor":21.0},{"not_picked":["Finisher+1","All Out Attack"],"picked":"Catalyst+1","floor":22.0},{"not_picked":["Dagger Throw","Backflip+1"],"picked":"Noxious Fumes+1","floor":25.0},{"not_picked":["Flying Knee+1","Choke"],"picked":"Footwork+1","floor":28.0},{"not_picked":["Crippling Poison","Blade Dance"],"picked":"Burst","floor":31.0},{"not_picked":["Doppelganger","Unload"],"picked":"Tools of the Trade+1","floor":33.0},{"not_picked":["Acrobatics","All Out Attack+1"],"picked":"Escape Plan+1","floor":35.0},{"not_picked":["Escape Plan","Infinite Blades+1"],"picked":"Backflip+1","floor":37.0},{"not_picked":["Sucker Punch","Riddle With Holes"],"picked":"Bouncing Flask+1","floor":37.0},{"not_picked":["Quick Slash+1","Masterful Stab"],"picked":"Malaise","floor":38.0},{"not_picked":["Deflect+1","Quick Slash","Dagger Spray"],"picked":"SKIP","floor":38.0},{"not_picked":["Sucker Punch+1","Calculated Gamble"],"picked":"Burst","floor":39.0},{"not_picked":["Outmaneuver","Bane","Slice"],"picked":"SKIP","floor":39.0},{"not_picked":["Crippling Poison+1","Unload","Deflect"],"picked":"SKIP","floor":40},{"not_picked":["Cloak And Dagger","Dash"],"picked":"Noxious Fumes+1","floor":45},{"not_picked":["Cloak And Dagger+1","Poisoned Stab"],"picked":"Escape Plan+1","floor":45},{"not_picked":["Underhanded Strike+1","Acrobatics","Sucker Punch"],"picked":"SKIP","floor":46},{"not_picked":["Poisoned Stab+1","Sucker Punch+1","Cloak And Dagger+1"],"picked":"SKIP","floor":46}],"player_experience":436678,"relics_obtained":[{"floor":7.0,"key":"Incense Burner"},{"floor":9.0,"key":"Frozen Egg 2"},{"floor":13.0,"key":"MawBank"},{"floor":20.0,"key":"Dodecahedron"},{"floor":25.0,"key":"Calipers"},{"floor":26.0,"key":"Smiling Mask"},{"floor":40,"key":"Centennial Puzzle"},{"floor":40,"key":"Orichalcum"},{"floor":43,"key":"Bronze Scales"}],"event_choices":[{"damage_healed":0.0,"max_hp_gain":0.0,"max_hp_loss":0.0,"gold_gain":0.0,"event_name":"The Cleric","player_choice":"Leave","floor":4.0,"gold_loss":0.0,"damage_taken":0.0},{"damage_healed":0.0,"max_hp_gain":0.0,"max_hp_loss":0.0,"gold_gain":0.0,"event_name":"FaceTrader","player_choice":"Trade","floor":14.0,"gold_loss":0.0,"damage_taken":0.0,"relics_obtained":["FaceOfCleric"]},{"damage_healed":0.0,"max_hp_gain":0.0,"max_hp_loss":0.0,"gold_gain":0.0,"event_name":"Back to Basics","player_choice":"Simplicity","floor":29.0,"gold_loss":0.0,"damage_taken":0.0,"cards_upgraded":["Defend_G","Defend_G","Defend_G","Defend_G","Defend_G","Strike_G","Strike_G","Strike_G","Strike_G","Strike_G"]},{"damage_healed":0.0,"max_hp_gain":0.0,"max_hp_loss":0.0,"gold_gain":275.0,"event_name":"Golden Shrine","player_choice":"Desecrate","floor":30.0,"gold_loss":0.0,"damage_taken":0.0,"cards_obtained":["Regret"]},{"damage_healed":0,"gold_gain":0,"player_choice":"Bought 3 Potions","damage_taken":0,"max_hp_gain":0,"max_hp_loss":0,"event_name":"The Woman in Blue","floor":42,"gold_loss":0},{"cards_removed":["Parasite"],"damage_healed":0,"gold_gain":0,"player_choice":"Removed Curses","damage_taken":0,"max_hp_gain":0,"max_hp_loss":0,"event_name":"Fountain of Cleansing","floor":48,"gold_loss":0}],"is_beta":false,"boss_relics":[{"not_picked":["Empty Cage","Fusion Hammer"],"picked":"Cursed Key"},{"not_picked":["Runic Pyramid","Pandora\u0027s Box"],"picked":"Black Star"}],"items_purged_floors":[24,47],"is_endless":false,"potions_floor_spawned":[3,8,13,21,22,28,40,45],"ascension_level":7}