{"gold_per_floor":[218,233,233,198,213,213,238,273,273,273,262,262,295,313,313,411,411,432,432,445,445,466,509,509,523,547,570,296,296,317,336,336,430,430,454,475,498,73,92,92,116,116,164,164,8,22,22,36,36,36],"floor_reached":50,"playtime":2251,"items_purged":["Strike_G"],"score":934,"play_id":"f6f64b69-4c5b-4c2c-a4a3-223f45e59d10","local_time":"20190216181612","is_ascension_mode":true,"campfire_choices":[{"data":"Noxious Fumes","floor":6,"key":"SMITH"},{"data":"Noxious Fumes","floor":10,"key":"SMITH"},{"floor":15,"key":"REST"},{"floor":24,"key":"REST"},{"floor":29,"key":"REST"},{"floor":32,"key":"REST"},{"data":"Footwork","floor":40,"key":"SMITH"},{"floor":42,"key":"REST"},{"data":"Footwork","floor":44,"key":"SMITH"},{"floor":49,"key":"REST"}],"neow_cost":"NONE","seed_source_timestamp":121180568552700,"circlet_count":0,"master_deck":["AscendersBane","Defend_G","Defend_G","Defend_G","Defend_G","Defend_G","Strike_G","Strike_G","Strike_G","Strike_G","Survivor","Neutralize","Deadly Poison","Noxious Fumes+1","Noxious Fumes+1","Dodge and Roll","Leg Sweep","Deadly Poison","Backflip","Burst","PiercingWail","Leg Sweep","Bullet Time","Catalyst","Catalyst","Backflip","Noxious Fumes","PiercingWail","Footwork+1","Adrenaline","Escape Plan","PiercingWail","Footwork+1","PiercingWail","Backflip","Footwork+1","Deflect"],"relics":["Ring of the Snake","Golden Idol","Anchor","Bottled Tornado","Turnip","Lizard Tail","The Courier","Omamori","Sozu","Oddly Smooth Stone","Torii","Potion Belt","DollysMirror"],"potions_floor_usage":[7,8,16,18,22,33,33],"damage_taken":[{"damage":0,"enemies":"Jaw Worm","floor":1,"turns":5},{"damage":4,"enemies":"Small Slimes","floor":2,"turns":5},{"damage":2,"enemies":"Cultist","floor":5,"turns":4},{"damage":7,"enemies":"Exordium Wildlife","floor":7,"turns":6},{"damage":23,"enemies":"Lagavulin","floor":8,"turns":7},{"damage":2,"enemies":"Exordium Thugs","floor":11,"turns":4},{"damage":12,"enemies":"3 Sentries","floor":13,"turns":6},{"damage":7,"enemies":"Gremlin Gang","floor":14,"turns":5},{"damage":25,"enemies":"The Guardian","floor":16,"turns":8},{"damage":3,"enemies":"3 Byrds","floor":18,"turns":5},{"damage":6,"enemies":"Shell Parasite","floor":20,"turns":6},{"damage":7,"enemies":"Centurion and Healer","floor":22,"turns":7},{"damage":34,"enemies":"Slavers","floor":23,"turns":5},{"damage":37,"enemies":"Cultist and Chosen","floor":25,"turns":7},{"damage":15,"enemies":"Snake Plant","floor":27,"turns":5},{"damage":5,"enemies":"Centurion and Healer","floor":30,"turns":8},{"damage":22,"enemies":"3 Cultists","floor":31,"turns":5},{"damage":14,"enemies":"Champ","floor":33,"turns":12},{"damage":0,"enemies":"3 Shapes","floor":35,"turns":5},{"damage":3,"enemies":"3 Darklings","floor":36,"turns":5},{"damage":25,"enemies":"Writhing Mass","floor":37,"turns":5},{"damage":0,"enemies":"4 Shapes","floor":39,"turns":7},{"damage":0,"enemies":"Maw","floor":41,"turns":6},{"damage":9,"enemies":"Sphere and 2 Shapes","floor":46,"turns":5},{"damage":14,"enemies":"Spire Growth","floor":48,"turns":6},{"damage":62,"enemies":"Donu and Deca","floor":50,"turns":6}],"seed_played":"1769514871270264151","potions_obtained":[{"floor":2,"key":"Block Potion"},{"floor":5,"key":"Energy Potion"},{"floor":7,"key":"Regen Potion"},{"floor":12,"key":"Weak Potion"},{"floor":16,"key":"Swift Potion"},{"floor":20,"key":"Ancient Potion"},{"floor":22,"key":"FairyPotion"},{"floor":30,"key":"Dexterity Potion"},{"floor":33,"key":"FairyPotion"}],"is_trial":false,"path_per_floor":["M","M","?","?","M","R","M","E","T","R","M","?","E","M","R","B",null,"M","?","M","?","M","E","R","M","T","M","$","R","M","M","R","B",null,"M","M","M","$","M","R","M","R","T","R","$","M","?","M","R","B"],"character_chosen":"THE_SILENT","items_purchased":["Catalyst","GhostInAJar","Backflip","Noxious Fumes","Footwork","Oddly Smooth Stone","PiercingWail","Torii","DollysMirror"],"campfire_rested":6,"item_purchase_floors":[28,28,28,28,38,38,38,38,45],"current_hp_per_floor":[59,55,32,48,46,46,39,31,31,31,29,29,17,10,29,4,51,48,48,42,33,26,6,25,33,33,18,18,37,32,10,29,15,53,53,50,25,25,25,25,25,44,44,44,44,35,35,21,40,0],"gold":36,"neow_bonus":"HUNDRED_GOLD","is_prod":false,"is_daily":false,"chose_seed":false,"campfire_upgraded":4,"win_rate":0,"timestamp":1550337372,"path_taken":["M","M","?","?","M","R","M","E","T","R","M","?","E","M","R","BOSS","M","?","M","?","M","E","R","M","T","M","$","R","?","?","R","BOSS","M","M","M","$","M","R","M","R","T","R","$","M","?","M","R","BOSS"],"build_version":"2019-01-23","purchased_purges":1,"victory":false,"max_hp_per_floor":[66,66,66,66,66,66,66,66,66,66,66,66,66,66,66,66,66,66,66,66,66,66,66,66,66,66,66,66,66,66,66,66,66,66,66,66,66,66,66,66,66,66,66,66,66,66,66,66,66,66],"card_choices":[{"not_picked":["Backflip","Tactician"],"picked":"Deadly Poison","floor":1},{"not_picked":["Sucker Punch","Calculated Gamble"],"picked":"Noxious Fumes","floor":2},{"not_picked":["Dagger Throw","Backflip"],"picked":"Noxious Fumes","floor":5},{"not_picked":["Calculated Gamble","Deflect"],"picked":"Dodge and Roll","floor":7},{"not_picked":["Expertise","Die Die Die"],"picked":"Leg Sweep","floor":8},{"not_picked":["Flying Knee","Reflex"],"picked":"Deadly Poison","floor":11},{"not_picked":["Blade Dance","Prepared","Dagger Throw"],"picked":"SKIP","floor":13},{"not_picked":["Outmaneuver","Skewer"],"picked":"Backflip","floor":14},{"not_picked":["Envenom","After Image"],"picked":"Burst","floor":16},{"not_picked":["Caltrops","Acrobatics"],"picked":"PiercingWail","floor":18},{"not_picked":["Backflip","Flying Knee"],"picked":"Leg Sweep","floor":20},{"not_picked":["Quick Slash","Slice+1","Dagger Spray"],"picked":"SKIP","floor":22},{"not_picked":["Envenom","Endless Agony"],"picked":"Bullet Time","floor":23},{"not_picked":["Poisoned Stab","Expertise","Underhanded Strike+1"],"picked":"SKIP","floor":25},{"not_picked":["Backstab","Bane"],"picked":"Catalyst","floor":27},{"not_picked":["Escape Plan","Sucker Punch"],"picked":"PiercingWail","floor":30},{"not_picked":["Dodge and Roll","Bouncing Flask"],"picked":"Footwork","floor":31},{"not_picked":["Wraith Form v2","Doppelganger"],"picked":"Adrenaline","floor":33},{"not_picked":["Acrobatics+1","Noxious Fumes"],"picked":"Escape Plan","floor":35},{"not_picked":["Dagger Spray","Poisoned Stab"],"picked":"PiercingWail","floor":36},{"not_picked":["Distraction","Blade Dance","Infinite Blades"],"picked":"SKIP","floor":37},{"not_picked":["Dagger Spray","Dagger Throw+1"],"picked":"Backflip","floor":39},{"not_picked":["Quick Slash+1","Prepared","Noxious Fumes"],"picked":"SKIP","floor":41},{"not_picked":["Doppelganger","Blade Dance","Dagger Throw+1"],"picked":"SKIP","floor":46},{"not_picked":["Bouncing Flask+1","Backflip+1"],"picked":"Deflect","floor":48}],"player_experience":505425,"relics_obtained":[{"floor":8,"key":"Anchor"},{"floor":9,"key":"Bottled Tornado"},{"floor":13,"key":"Turnip"},{"floor":23,"key":"The Courier"},{"floor":26,"key":"Omamori"},{"floor":43,"key":"Potion Belt"}],"event_choices":[{"damage_healed":0,"gold_gain":0,"player_choice":"Take Damage","damage_taken":23,"relics_obtained":["Golden Idol"],"max_hp_gain":0,"max_hp_loss":0,"event_name":"Golden Idol","floor":3,"gold_loss":0},{"damage_healed":16,"gold_gain":0,"player_choice":"Healed","damage_taken":0,"max_hp_gain":0,"max_hp_loss":0,"event_name":"The Cleric","floor":4,"gold_loss":35},{"damage_healed":0,"gold_gain":0,"player_choice":"Got Potions","damage_taken":0,"max_hp_gain":0,"max_hp_loss":0,"event_name":"Lab","floor":12,"gold_loss":0},{"damage_healed":0,"gold_gain":0,"player_choice":"Ignored","damage_taken":0,"max_hp_gain":0,"max_hp_loss":0,"event_name":"Cursed Tome","floor":19,"gold_loss":0},{"damage_healed":0,"gold_gain":0,"player_choice":"Damaged","damage_taken":9,"max_hp_gain":0,"max_hp_loss":0,"event_name":"Wheel of Change","floor":21,"gold_loss":0},{"damage_healed":0,"gold_gain":0,"player_choice":"Ignored","damage_taken":0,"max_hp_gain":0,"max_hp_loss":0,"event_name":"Mysterious Sphere","floor":47,"gold_loss":0}],"is_beta":false,"boss_relics":[{"not_picked":["Astrolabe","Fusion Hammer"],"picked":"Lizard Tail"},{"not_picked":["Busted Crown","HoveringKite"],"picked":"Sozu"}],"items_purged_floors":[28],"is_endless":false,"potions_floor_spawned":[2,5,7,16,20,22,30,33,35,37,41,46],"killed_by":"Donu and Deca","ascension_level":15}