{"gold_per_floor":[114,130,130,4,22,22,48,48,48,62,62,73,73,88,88,191,191,201,201,44,143,174,174,207,207,233,233,259,271,291,47,47,149,149,161,171,393,49,1048,1048,1063,1063,1090,1104,1139,1156,1156,299,299,299],"floor_reached":51,"playtime":1660,"items_purged":["Strike_G","Strike_G","Strike_G+1","Normality"],"score":763,"play_id":"891bed27-ddf0-46b3-b649-85762ba6f2bd","local_time":"20190313160014","is_ascension_mode":false,"campfire_choices":[{"data":"Noxious Fumes","floor":6.0,"key":"SMITH"},{"data":"Deadly Poison","floor":8.0,"key":"SMITH"},{"data":"Poisoned Stab","floor":11.0,"key":"SMITH"},{"data":"Crippling Poison","floor":15.0,"key":"SMITH"},{"data":"Footwork","floor":23.0,"key":"SMITH"},{"data":"After Image","floor":25.0,"key":"SMITH"},{"data":"Neutralize","floor":27.0,"key":"SMITH"},{"data":"Footwork","floor":32.0,"key":"SMITH"},{"data":"Burst","floor":40.0,"key":"SMITH"},{"data":"Noxious Fumes","floor":42,"key":"SMITH"},{"data":"Catalyst","floor":47,"key":"SMITH"},{"floor":49,"key":"REST"}],"neow_cost":"NONE","seed_source_timestamp":3419272597194,"circlet_count":0,"master_deck":["Defend_G","Defend_G","Defend_G","Defend_G","Defend_G","Strike_G+1","Survivor","Neutralize+1","Poisoned Stab+1","Deflect","Noxious Fumes+1","Deadly Poison+1","Adrenaline","Crippling Poison+1","Neutralize+1","After Image+1","Swift Strike","Escape Plan+1","Poisoned Stab","Footwork+1","Cloak And Dagger+1","Blade Dance+1","Catalyst+1","Footwork+1","Bouncing Flask+1","Burst+1","Sucker Punch+1","Noxious Fumes+1","Normality"],"special_seed":0,"relics":["Ring of the Snake","Blue Candle","Dodecahedron","Philosopher\u0027s Stone","Red Mask","Bottled Flame","Dream Catcher","Whetstone","Sozu","Oddly Smooth Stone","War Paint","Juzu Bracelet","Sundial","TheAbacus","Meat on the Bone"],"potions_floor_usage":[45,50],"damage_taken":[{"damage":0.0,"enemies":"Cultist","floor":1.0,"turns":5.0},{"damage":0.0,"enemies":"Jaw Worm","floor":2.0,"turns":4.0},{"damage":2.0,"enemies":"Small Slimes","floor":5.0,"turns":4.0},{"damage":15.0,"enemies":"Lagavulin","floor":7.0,"turns":8.0},{"damage":1.0,"enemies":"Red Slaver","floor":10.0,"turns":4.0},{"damage":0.0,"enemies":"Looter","floor":12.0,"turns":3.0},{"damage":0.0,"enemies":"Large Slime","floor":14.0,"turns":5.0},{"damage":5.0,"enemies":"The Guardian","floor":16.0,"turns":8.0},{"damage":0.0,"enemies":"Shell Parasite","floor":18.0,"turns":6.0},{"damage":0.0,"enemies":"Masked Bandits","floor":22.0,"turns":3.0},{"damage":10.0,"enemies":"Book of Stabbing","floor":24.0,"turns":7.0},{"damage":9.0,"enemies":"Slavers","floor":28.0,"turns":6.0},{"damage":0.0,"enemies":"Chosen","floor":29.0,"turns":4.0},{"damage":5.0,"enemies":"Shelled Parasite and Fungi","floor":30.0,"turns":5.0},{"damage":11.0,"enemies":"Champ","floor":33.0,"turns":12.0},{"damage":0.0,"enemies":"Orb Walker","floor":35.0,"turns":4.0},{"damage":2.0,"enemies":"3 Darklings","floor":36.0,"turns":4.0},{"damage":1,"enemies":"Spire Growth","floor":41,"turns":4},{"damage":1,"enemies":"Transient","floor":44,"turns":5},{"damage":16,"enemies":"Nemesis","floor":45,"turns":7},{"damage":18,"enemies":"Writhing Mass","floor":46,"turns":5},{"damage":12,"enemies":"Time Eater","floor":50,"turns":5}],"seed_played":"-7686179959947619157","potions_obtained":[{"floor":5.0,"key":"Block Potion"},{"floor":7.0,"key":"AttackPotion"},{"floor":10.0,"key":"Dexterity Potion"},{"floor":18.0,"key":"GhostInAJar"},{"floor":29.0,"key":"GhostInAJar"}],"is_trial":false,"path_per_floor":["M","M","?","$","M","R","E","R","T","M","R","M","?","M","R","B",null,"M","?","$","?","?","R","E","R","T","R","E","M","M","$","R","B",null,"M","M","?","$","?","R","M","R","T","M","E","M","R","$","R","B",null],"character_chosen":"THE_SILENT","items_purchased":["Noxious Fumes","Deadly Poison","Footwork","Footwork","Bouncing Flask","Noxious Fumes","Oddly Smooth Stone","Sundial","TheAbacus","Meat on the Bone"],"campfire_rested":1,"item_purchase_floors":[4,4,20,31,31,38,38,48,48,48],"current_hp_per_floor":[70,70,63,63,61,61,46,46,46,45,45,45,45,45,45,40,70,70,70,70,70,70,70,60,60,60,60,51,51,46,46,46,35,70,70,68,68,68,68,68,67,67,67,66,50,32,32,32,53,41],"gold":299,"neow_bonus":"UPGRADE_CARD","is_prod":false,"is_daily":false,"chose_seed":false,"campfire_upgraded":11,"win_rate":0,"timestamp":1552514414,"path_taken":["M","?","?","?","M","R","E","R","T","M","R","?","?","?","R","BOSS","M","?","$","?","?","R","E","R","T","R","E","M","M","$","R","BOSS","M","M","?","$","?","R","M","R","T","M","E","M","R","$","R","BOSS"],"build_version":"2019-01-23","purchased_purges":4,"victory":true,"max_hp_per_floor":[70,70,70,70,70,70,70,70,70,70,70,70,70,70,70,70,70,70,70,70,70,70,70,70,70,70,70,70,70,70,70,70,70,70,70,70,70,70,70,70,70,70,70,70,70,70,70,70,70,70],"card_choices":[{"not_picked":["Bane","Acrobatics"],"picked":"Poisoned Stab","floor":1.0},{"not_picked":["Blade Dance","Masterful Stab"],"picked":"Deflect","floor":2.0},{"not_picked":["Choke","Heel Hook","Dash"],"picked":"SKIP","floor":5.0},{"not_picked":["Bane","Reflex"],"picked":"Adrenaline","floor":7.0},{"not_picked":["Prepared","Cloak And Dagger","Underhanded Strike"],"picked":"SKIP","floor":10.0},{"not_picked":["Dagger Throw","Cloak And Dagger"],"picked":"Crippling Poison","floor":12.0},{"not_picked":["Blade Dance","Cloak And Dagger","Deflect"],"picked":"SKIP","floor":14.0},{"not_picked":["Outmaneuver","Dagger Throw"],"picked":"Poisoned Stab","floor":18.0},{"not_picked":["Setup","Flying Knee"],"picked":"Cloak And Dagger+1","floor":22.0},{"not_picked":["Underhanded Strike","Endless Agony"],"picked":"Blade Dance+1","floor":24.0},{"not_picked":["Slice+1","Sucker Punch","Bane+1"],"picked":"SKIP","floor":28.0},{"not_picked":["Flechettes","Flying Knee","Acrobatics+1"],"picked":"SKIP","floor":29.0},{"not_picked":["Acrobatics","Grand Finale"],"picked":"Catalyst","floor":30.0},{"not_picked":["Night Terror","Glass Knife"],"picked":"Burst","floor":33.0},{"not_picked":["Dagger Throw","Slice","PiercingWail+1"],"picked":"SKIP","floor":35.0},{"not_picked":["Concentrate+1","PiercingWail+1"],"picked":"Sucker Punch+1","floor":36.0},{"not_picked":["Flying Knee","Setup+1","Dagger Throw+1"],"picked":"SKIP","floor":41},{"not_picked":["Blade Dance+1","Burst","Infinite Blades+1"],"picked":"SKIP","floor":44},{"not_picked":["Cloak And Dagger","Blade Dance","Doppelganger"],"picked":"SKIP","floor":45},{"not_picked":["Deadly Poison","Flying Knee+1","Finisher"],"picked":"SKIP","floor":46}],"player_experience":1047773,"relics_obtained":[{"floor":7.0,"key":"Blue Candle"},{"floor":9.0,"key":"Dodecahedron"},{"floor":22.0,"key":"Red Mask"},{"floor":24.0,"key":"Bottled Flame"},{"floor":26.0,"key":"Dream Catcher"},{"floor":28.0,"key":"Whetstone"},{"floor":43,"key":"War Paint"},{"floor":45,"key":"Juzu Bracelet"}],"event_choices":[{"cards_removed":["Strike_G"],"damage_healed":0.0,"max_hp_gain":0.0,"max_hp_loss":0.0,"gold_gain":0.0,"event_name":"Golden Wing","player_choice":"Card Removal","floor":3.0,"gold_loss":0.0,"damage_taken":7.0},{"damage_healed":0.0,"max_hp_gain":0.0,"max_hp_loss":0.0,"gold_gain":0.0,"event_name":"Match and Keep!","player_choice":"4 cards matched","floor":13.0,"gold_loss":0.0,"damage_taken":0.0,"cards_obtained":["Neutralize","After Image","Swift Strike","Escape Plan"]},{"damage_healed":23.0,"max_hp_gain":0.0,"max_hp_loss":0.0,"gold_gain":0.0,"event_name":"The Library","player_choice":"Heal","floor":19.0,"gold_loss":0.0,"damage_taken":0.0},{"damage_healed":0.0,"max_hp_gain":0.0,"max_hp_loss":0.0,"gold_gain":99.0,"event_name":"Nest","player_choice":"Stole From Cult","floor":21.0,"gold_loss":0.0,"damage_taken":0.0},{"damage_healed":0.0,"max_hp_gain":0.0,"max_hp_loss":0.0,"gold_gain":0.0,"event_name":"Masked Bandits","player_choice":"Fought Bandits","floor":22.0,"gold_loss":0.0,"damage_taken":0.0},{"damage_healed":0.0,"max_hp_gain":0.0,"max_hp_loss":0.0,"gold_gain":222.0,"event_name":"Tomb of Lord Red Mask","player_choice":"Wore Mask","floor":37.0,"gold_loss":0.0,"damage_taken":0.0},{"damage_healed":0.0,"max_hp_gain":0.0,"max_hp_loss":0.0,"gold_gain":999.0,"event_name":"MindBloom","player_choice":"Gold","floor":39.0,"gold_loss":0.0,"damage_taken":0.0,"cards_obtained":["Normality","Normality"]}],"is_beta":false,"boss_relics":[{"not_picked":["Astrolabe","Pandora\u0027s Box"],"picked":"Philosopher\u0027s Stone"},{"not_picked":["Runic Pyramid","Lizard Tail"],"picked":"Sozu"}],"items_purged_floors":[20,31,38,48],"is_endless":false,"potions_floor_spawned":[5,7,10,18,22,29,36,46],"ascension_level":0}