{"gold_per_floor":[118,137,107,127,146,146,71,82,82,108,108,58,158,175,175,274,274,293,309,59,75,86,86,116,116,184,195,195,195,212,230,230,327,327,338,350,350,225,240,240,240,90,114,114,131,142,152,162,162,162],"floor_reached":51,"playtime":900,"items_purged":["Strike_R","Defend_R","Strike_R","Doubt"],"score":749,"play_id":"16a10d72-bb0b-4de9-ba3d-d1602883c8b8","local_time":"20190419172800","is_ascension_mode":false,"campfire_choices":[{"data":"Uppercut","floor":6.0,"key":"SMITH"},{"data":"Whirlwind","floor":11.0,"key":"SMITH"},{"data":"Flex","floor":15.0,"key":"SMITH"},{"data":"Limit Break","floor":23.0,"key":"SMITH"},{"data":"Flex","floor":25.0,"key":"SMITH"},{"data":"Bash","floor":29.0,"key":"SMITH"},{"data":"Shockwave","floor":32.0,"key":"SMITH"},{"data":"Double Tap","floor":40.0,"key":"SMITH"},{"data":"Offering","floor":44.0,"key":"SMITH"},{"data":"Corruption","floor":49,"key":"SMITH"}],"neow_cost":"NONE","seed_source_timestamp":8684061408985,"circlet_count":0,"master_deck":["Strike_R+1","Strike_R","Defend_R","Defend_R","Defend_R","Bash+1","Shockwave+1","Whirlwind+1","Uppercut+1","Flex+1","Flex+1","Limit Break+1","Sword Boomerang+1","Twin Strike+1","Offering+1","Battle Trance","Inflame+1","Heavy Blade+1","Corruption+1","Double Tap+1","Seeing Red+1","Pain","Twin Strike+1"],"special_seed":0,"relics":["Burning Blood","NeowsBlessing","Potion Belt","Bag of Preparation","Cursed Key","Gremlin Horn","Shuriken","Busted Crown","Spirit Poop","Lantern","Whetstone"],"potions_floor_usage":[47,50,50,50,50],"damage_taken":[{"damage":0.0,"enemies":"Small Slimes","floor":1.0,"turns":1.0},{"damage":0.0,"enemies":"Cultist","floor":2.0,"turns":1.0},{"damage":0.0,"enemies":"2 Louse","floor":4.0,"turns":1.0},{"damage":27.0,"enemies":"Exordium Thugs","floor":5.0,"turns":5.0},{"damage":21.0,"enemies":"Exordium Wildlife","floor":8.0,"turns":5.0},{"damage":23.0,"enemies":"3 Sentries","floor":10.0,"turns":5.0},{"damage":4.0,"enemies":"Looter","floor":14.0,"turns":4.0},{"damage":24.0,"enemies":"The Guardian","floor":16.0,"turns":10.0},{"damage":0.0,"enemies":"Spheric Guardian","floor":18.0,"turns":2.0},{"damage":0.0,"enemies":"Chosen","floor":19.0,"turns":3.0},{"damage":6.0,"enemies":"Snecko","floor":21.0,"turns":2.0},{"damage":13.0,"enemies":"Shelled Parasite and Fungi","floor":22.0,"turns":3.0},{"damage":11.0,"enemies":"Slavers","floor":24.0,"turns":3.0},{"damage":6.0,"enemies":"3 Cultists","floor":27.0,"turns":2.0},{"damage":5.0,"enemies":"Sentry and Sphere","floor":30.0,"turns":3.0},{"damage":6.0,"enemies":"Shelled Parasite and Fungi","floor":31.0,"turns":1.0},{"damage":11.0,"enemies":"Champ","floor":33.0,"turns":4.0},{"damage":14.0,"enemies":"3 Darklings","floor":35.0,"turns":2.0},{"damage":0.0,"enemies":"3 Shapes","floor":36.0,"turns":2.0},{"damage":0.0,"enemies":"3 Darklings","floor":39.0,"turns":1.0},{"damage":6,"enemies":"Jaw Worm Horde","floor":45,"turns":2},{"damage":8,"enemies":"Sphere and 2 Shapes","floor":46,"turns":1},{"damage":15,"enemies":"Maw","floor":47,"turns":4},{"damage":9,"enemies":"3 Darklings","floor":48,"turns":1},{"damage":10,"enemies":"Time Eater","floor":50,"turns":2}],"seed_played":"-730722816342064673","potions_obtained":[{"floor":2.0,"key":"Energy Potion"},{"floor":3.0,"key":"SneckoOil"},{"floor":3.0,"key":"SpeedPotion"},{"floor":10.0,"key":"BloodPotion"},{"floor":14.0,"key":"Energy Potion"},{"floor":16.0,"key":"EssenceOfSteel"},{"floor":19.0,"key":"Swift Potion"},{"floor":27.0,"key":"SteroidPotion"},{"floor":30.0,"key":"SpeedPotion"},{"floor":36.0,"key":"SkillPotion"},{"floor":45,"key":"BloodPotion"},{"floor":48,"key":"Ancient Potion"}],"is_trial":false,"path_per_floor":["M","M","?","M","M","R","$","M","T","E","R","?","?","M","R","B",null,"M","M","$","M","M","R","E","R","T","M","?","R","M","M","R","B",null,"M","M","?","$","M","R","T","$","T","R","M","M","M","M","R","B",null],"character_chosen":"IRONCLAD","items_purchased":["Offering"],"campfire_rested":0,"item_purchase_floors":[20],"current_hp_per_floor":[80,80,80,80,59,59,59,44,44,27,27,27,27,37,37,19,80,80,80,80,80,73,73,68,68,68,68,68,68,69,69,69,64,80,72,78,78,78,80,80,80,80,80,80,80,78,77,74,74,70],"gold":162,"neow_bonus":"THREE_ENEMY_KILL","is_prod":false,"is_daily":false,"chose_seed":false,"campfire_upgraded":10,"win_rate":0,"timestamp":1555716480,"path_taken":["M","M","?","?","M","R","$","M","T","E","R","?","?","M","R","BOSS","M","M","$","M","?","R","E","R","T","M","?","R","?","M","R","BOSS","M","M","?","?","?","R","?","$","T","R","M","?","M","M","R","BOSS"],"build_version":"2019-01-23","purchased_purges":4,"victory":true,"max_hp_per_floor":[80,80,80,80,80,80,80,80,80,80,80,80,80,80,80,80,80,80,80,80,80,80,80,80,80,80,80,80,80,80,80,80,80,80,80,80,80,80,80,80,80,80,80,80,80,80,80,80,80,80],"card_choices":[{"not_picked":["Anger","Body Slam"],"picked":"Shockwave","floor":1.0},{"not_picked":["Body Slam","Sever Soul"],"picked":"Whirlwind","floor":2.0},{"not_picked":["Heavy Blade","Thunderclap"],"picked":"Uppercut","floor":4.0},{"not_picked":["Cleave","Perfected Strike"],"picked":"Flex","floor":5.0},{"not_picked":["True Grit","Shrug It Off","Power Through"],"picked":"SKIP","floor":8.0},{"not_picked":["Anger","Clothesline","Evolve"],"picked":"SKIP","floor":10.0},{"not_picked":["Reckless Charge","Twin Strike"],"picked":"Flex","floor":14.0},{"not_picked":["Double Tap","Barricade"],"picked":"Limit Break","floor":16.0},{"not_picked":["Clothesline","Pummel"],"picked":"Sword Boomerang+1","floor":18.0},{"not_picked":["Rupture","Second Wind"],"picked":"Twin Strike","floor":19.0},{"not_picked":["Pommel Strike+1","Twin Strike+1"],"picked":"Battle Trance","floor":21.0},{"not_picked":["Armaments+1","Headbutt"],"picked":"Inflame+1","floor":22.0},{"not_picked":["Flame Barrier+1","Shockwave","Intimidate"],"picked":"SKIP","floor":24.0},{"not_picked":["Spot Weakness+1","Evolve","Wild Strike"],"picked":"SKIP","floor":27.0},{"not_picked":["Fiend Fire","Twin Strike+1"],"picked":"Heavy Blade+1","floor":30.0},{"not_picked":["Second Wind","Perfected Strike"],"picked":"Corruption","floor":31.0},{"not_picked":["Barricade","Bludgeon"],"picked":"Double Tap","floor":33.0},{"not_picked":["Armaments+1"],"picked":"SKIP","floor":35.0},{"not_picked":["Armaments"],"picked":"SKIP","floor":36.0},{"not_picked":["Seeing Red+1"],"picked":"SKIP","floor":39.0},{"not_picked":[],"picked":"Seeing Red+1","floor":39.0},{"not_picked":["Shrug It Off+1"],"picked":"SKIP","floor":45},{"not_picked":["Clothesline+1"],"picked":"SKIP","floor":46},{"not_picked":["Havoc+1"],"picked":"SKIP","floor":47},{"not_picked":[],"picked":"Twin Strike+1","floor":48}],"player_experience":1259616,"relics_obtained":[{"floor":9.0,"key":"Potion Belt"},{"floor":10.0,"key":"Bag of Preparation"},{"floor":24.0,"key":"Gremlin Horn"},{"floor":26.0,"key":"Shuriken"},{"floor":41.0,"key":"Lantern"},{"floor":43.0,"key":"Whetstone"}],"event_choices":[{"damage_healed":0.0,"max_hp_gain":0.0,"max_hp_loss":0.0,"gold_gain":0.0,"event_name":"The Woman in Blue","player_choice":"Bought 2 Potions","floor":3.0,"gold_loss":0.0,"damage_taken":0.0},{"cards_removed":["Strike_R"],"damage_healed":0.0,"max_hp_gain":0.0,"max_hp_loss":0.0,"gold_gain":0.0,"event_name":"The Cleric","player_choice":"Card Removal","floor":12.0,"gold_loss":50.0,"damage_taken":0.0},{"damage_healed":0.0,"max_hp_gain":0.0,"max_hp_loss":0.0,"gold_gain":100.0,"event_name":"Golden Shrine","player_choice":"Pray","floor":13.0,"gold_loss":0.0,"damage_taken":0.0},{"damage_healed":0.0,"max_hp_gain":0.0,"max_hp_loss":0.0,"gold_gain":0.0,"event_name":"Match and Keep!","player_choice":"0 cards matched","floor":28.0,"gold_loss":0.0,"damage_taken":0.0,"cards_obtained":[]},{"cards_removed":["Normality"],"damage_healed":0.0,"max_hp_gain":0.0,"max_hp_loss":0.0,"gold_gain":0.0,"event_name":"Bonfire Elementals","player_choice":"Offered Curse","floor":37.0,"gold_loss":0.0,"damage_taken":0.0,"relics_obtained":["Spirit Poop"]}],"is_beta":false,"boss_relics":[{"not_picked":["Ectoplasm","Black Blood"],"picked":"Cursed Key"},{"not_picked":["Runic Dome","Philosopher\u0027s Stone"],"picked":"Busted Crown"}],"items_purged_floors":[7,20,38,42],"is_endless":false,"potions_floor_spawned":[2,10,14,16,19,27,30,36,45,48],"ascension_level":0}