{"gold_per_floor":[113,126,143,163,163,206,206,106,106,120,120,134,134,84,84,204,204,228,251,251,264,128,128,78,101,101,101,116,129,129,129],"floor_reached":31,"playtime":1736,"items_purged":["Injury","Strike_R"],"score":251,"play_id":"70e3c6d6-17c6-4e12-bb11-197be358235e","local_time":"20190221000923","is_ascension_mode":true,"campfire_choices":[{"data":"Pommel Strike","floor":7,"key":"SMITH"},{"data":"Metallicize","floor":11,"key":"SMITH"},{"data":"Shrug It Off","floor":13,"key":"SMITH"},{"data":"Heavy Blade","floor":15,"key":"SMITH"},{"data":"True Grit","floor":23,"key":"SMITH"},{"data":"Juggernaut","floor":27,"key":"SMITH"},{"floor":30,"key":"REST"}],"neow_cost":"NONE","seed_source_timestamp":263849518634399,"circlet_count":0,"master_deck":["Strike_R","Strike_R","Strike_R","Defend_R","Defend_R","Defend_R","Defend_R","Bash","Cleave","Shrug It Off+1","Pommel Strike+1","Headbutt","Immolate","Heavy Blade+1","Metallicize+1","Thunderclap","Juggernaut+1","Rampage","Flex","Shockwave","True Grit+1","Anger","Shrug It Off+1","Body Slam","Flame Barrier","Metallicize","Entrench+1","Demon Form"],"relics":["Burning Blood","NeowsBlessing","Golden Idol","Vajra","Strawberry","Orrery","Self Forming Clay"],"potions_floor_usage":[6,10,16,25,29],"damage_taken":[{"damage":0,"enemies":"Jaw Worm","floor":1,"turns":1},{"damage":0,"enemies":"2 Louse","floor":2,"turns":1},{"damage":0,"enemies":"Cultist","floor":3,"turns":1},{"damage":6,"enemies":"Lots of Slimes","floor":4,"turns":3},{"damage":17,"enemies":"3 Sentries","floor":6,"turns":7},{"damage":4,"enemies":"Blue Slaver","floor":10,"turns":4},{"damage":4,"enemies":"Exordium Wildlife","floor":12,"turns":4},{"damage":26,"enemies":"Slime Boss","floor":16,"turns":10},{"damage":10,"enemies":"Chosen","floor":18,"turns":5},{"damage":22,"enemies":"Spheric Guardian","floor":19,"turns":6},{"damage":18,"enemies":"Centurion and Healer","floor":21,"turns":8},{"damage":3,"enemies":"Snake Plant","floor":25,"turns":5},{"damage":19,"enemies":"Chosen and Byrds","floor":28,"turns":8},{"damage":23,"enemies":"Shelled Parasite and Fungi","floor":29,"turns":8},{"damage":70,"enemies":"Gremlin Leader","floor":31,"turns":8}],"seed_played":"-6414764356743884473","potions_obtained":[{"floor":1,"key":"Block Potion"},{"floor":2,"key":"GamblersBrew"},{"floor":4,"key":"Strength Potion"},{"floor":10,"key":"Fruit Juice"},{"floor":12,"key":"FearPotion"},{"floor":18,"key":"SmokeBomb"},{"floor":21,"key":"Swift Potion"}],"is_trial":false,"path_per_floor":["M","M","M","M","?","E","R","$","T","M","R","M","R","?","R","B",null,"M","M","?","M","$","R","?","M","T","R","M","M","R","E"],"character_chosen":"IRONCLAD","items_purchased":["Heavy Blade","Metallicize"],"campfire_rested":1,"item_purchase_floors":[8,22],"current_hp_per_floor":[80,80,80,80,80,69,69,69,76,83,83,85,85,85,85,65,92,88,72,72,60,60,60,60,63,63,63,50,33,60,0],"gold":129,"neow_bonus":"THREE_ENEMY_KILL","is_prod":false,"is_daily":false,"chose_seed":false,"campfire_upgraded":6,"win_rate":0,"timestamp":1550704163,"path_taken":["M","M","M","M","?","E","R","$","T","M","R","M","R","?","R","BOSS","M","M","?","M","$","R","?","M","T","R","?","?","R","E"],"build_version":"2019-01-23","purchased_purges":2,"victory":false,"max_hp_per_floor":[80,80,80,80,80,80,80,80,87,92,92,92,92,92,92,92,92,92,92,92,92,92,92,92,92,92,92,92,92,92,92],"card_choices":[{"not_picked":["Metallicize","Shockwave"],"picked":"Cleave","floor":1},{"not_picked":["Pommel Strike","Wild Strike"],"picked":"Shrug It Off","floor":2},{"not_picked":["Evolve","Headbutt"],"picked":"Pommel Strike","floor":3},{"not_picked":["Anger","Pommel Strike"],"picked":"Headbutt","floor":4},{"not_picked":["Reckless Charge","Anger"],"picked":"Immolate","floor":6},{"not_picked":["Shrug It Off","Blood for Blood"],"picked":"Metallicize","floor":10},{"not_picked":["Pommel Strike","Cleave"],"picked":"Thunderclap","floor":12},{"not_picked":["Double Tap","Dark Embrace"],"picked":"Juggernaut","floor":16},{"not_picked":["Corruption","Flame Barrier"],"picked":"Rampage","floor":17},{"not_picked":["Perfected Strike","Cleave"],"picked":"Flex","floor":17},{"not_picked":["Reckless Charge","Warcry"],"picked":"Shockwave","floor":17},{"not_picked":["Anger","Armaments"],"picked":"True Grit","floor":17},{"not_picked":["Perfected Strike","Dark Embrace"],"picked":"Anger","floor":17},{"not_picked":["Flame Barrier","Armaments"],"picked":"Shrug It Off+1","floor":18},{"not_picked":["Heavy Blade","Shockwave"],"picked":"Body Slam","floor":19},{"not_picked":["Thunderclap","Juggernaut"],"picked":"Flame Barrier","floor":21},{"not_picked":["Bloodletting","Armaments","True Grit"],"picked":"SKIP","floor":25},{"not_picked":["Body Slam+1","Power Through+1"],"picked":"Entrench+1","floor":28},{"not_picked":["Combust","Armaments"],"picked":"Demon Form","floor":29}],"player_experience":192268,"relics_obtained":[{"floor":6,"key":"Vajra"},{"floor":9,"key":"Strawberry"},{"floor":26,"key":"Self Forming Clay"}],"event_choices":[{"damage_healed":0,"gold_gain":0,"player_choice":"Take Wound","damage_taken":0,"relics_obtained":["Golden Idol"],"max_hp_gain":0,"max_hp_loss":0,"event_name":"Golden Idol","floor":5,"gold_loss":0,"cards_obtained":["Injury"]},{"cards_removed":["Strike_R"],"damage_healed":0,"gold_gain":0,"player_choice":"Card Removal","damage_taken":0,"max_hp_gain":0,"max_hp_loss":0,"event_name":"The Cleric","floor":14,"gold_loss":50},{"damage_healed":0,"gold_gain":0,"player_choice":"Ignored","damage_taken":0,"max_hp_gain":0,"max_hp_loss":0,"event_name":"Ghosts","floor":20,"gold_loss":0},{"damage_healed":0,"gold_gain":0,"player_choice":"Bet on Murderer","damage_taken":0,"max_hp_gain":0,"max_hp_loss":0,"event_name":"The Joust","floor":24,"gold_loss":50}],"is_beta":false,"boss_relics":[{"not_picked":["Coffee Dripper","Mark of Pain"],"picked":"Orrery"}],"items_purged_floors":[8,22],"is_endless":false,"potions_floor_spawned":[1,2,4,10,12,18,21],"killed_by":"Gremlin Leader","ascension_level":1}