{"path_per_floor":["M","M","?","M","M","R","E","R","T","M","?","M","M","M","R","B",null,"M","$","?","M","?","R","?","M","T","?","R"],"character_chosen":"IRONCLAD","items_purchased":[],"gold_per_floor":[119,134,134,148,165,165,197,197,244,259,209,220,238,255,255,351,351,371,296,386,401,401,401,401,420,420,420,420,420],"floor_reached":29,"campfire_rested":1,"playtime":1452,"current_hp_per_floor":[80,80,80,80,80,80,72,72,72,72,72,67,69,80,80,47,80,69,69,45,41,41,41,41,43,43,28,53,22],"items_purged":["Strike_R"],"gold":420,"score":227,"play_id":"b1c604bf-e94c-4465-8c6a-a7069d330ecd","local_time":"20180514213743","is_prod":false,"is_daily":false,"chose_seed":false,"is_ascension_mode":false,"campfire_upgraded":4,"timestamp":1526305063,"path_taken":["M","M","?","M","M","R","E","R","T","M","?","?","M","M","R","BOSS","M","$","?","M","?","R","?","M","T","?","R","E"],"build_version":"2018-05-10","seed_source_timestamp":13859164036301,"purchased_purges":1,"victory":false,"master_deck":["Strike_R","Strike_R","Defend_R","Defend_R","Defend_R","Defend_R","Bash","Pommel Strike+1","Armaments+1","Pommel Strike+1","Battle Trance","Disarm","Shrug It Off+1","Shrug It Off","Impervious","Cleave","Flash of Steel","Seeing Red"],"max_hp_per_floor":[80,80,80,80,80,80,80,80,80,80,80,80,80,80,80,80,80,80,80,80,80,80,80,80,80,80,85,85,85],"relics":["Burning Blood"],"card_choices":[{"not_picked":["Carnage","Wild Strike"],"picked":"Pommel Strike","floor":0},{"not_picked":["Flex","Twin Strike"],"picked":"Armaments","floor":1},{"not_picked":["Sentinel","Rupture"],"picked":"Pommel Strike","floor":2},{"not_picked":["Twin Strike","Anger"],"picked":"Battle Trance","floor":4},{"not_picked":["Uppercut","Battle Trance"],"picked":"Disarm","floor":5},{"not_picked":["Flex","Shockwave"],"picked":"Shrug It Off","floor":7},{"not_picked":["Entrench","Clash"],"picked":"Shrug It Off","floor":10},{"not_picked":["Reaper","Fiend Fire"],"picked":"Impervious","floor":16},{"not_picked":["Shrug It Off","Heavy Blade"],"picked":"Cleave","floor":18},{"not_picked":["Clothesline","Second Wind"],"picked":"Seeing Red","floor":21}],"player_experience":612815,"potions_floor_usage":[14,25,29,29],"damage_taken":[{"damage":5,"enemies":"2 Louse","floor":1,"turns":3},{"damage":5,"enemies":"Jaw Worm","floor":2,"turns":5},{"damage":0,"enemies":"Small Slimes","floor":4,"turns":3},{"damage":5,"enemies":"2 Fungi Beasts","floor":5,"turns":4},{"damage":14,"enemies":"Lagavulin","floor":7,"turns":7},{"damage":6,"enemies":"Exordium Wildlife","floor":10,"turns":4},{"damage":11,"enemies":"Exordium Thugs","floor":12,"turns":5},{"damage":4,"enemies":"Red Slaver","floor":13,"turns":5},{"damage":0,"enemies":"Large Slime","floor":14,"turns":5},{"damage":39,"enemies":"The Guardian","floor":16,"turns":14},{"damage":17,"enemies":"Shell Parasite","floor":18,"turns":13},{"damage":10,"enemies":"Spheric Guardian","floor":21,"turns":8},{"damage":4,"enemies":"Centurion and Healer","floor":25,"turns":8},{"damage":31,"enemies":"Slavers","floor":29,"turns":5}],"event_choices":[{"event_name":"Scrap Ooze","player_choice":"unsuccessful","floor":3,"damage_taken":0},{"event_name":"The Cleric","player_choice":"Card Removal","floor":11,"damage_taken":0},{"event_name":"Knowing Skull","player_choice":"GOLD CARD ","floor":20,"damage_taken":0},{"event_name":"Purifier","player_choice":"One Purge","floor":22,"damage_taken":0},{"event_name":"The Mausoleum","player_choice":"No","floor":24,"damage_taken":0},{"event_name":"Forgotten Altar","player_choice":"Shed Blood","floor":27,"damage_taken":0}],"boss_relics":[{"not_picked":["Calling Bell","Runic Pyramid","Cursed Key"]}],"potions_floor_spawned":[4,7,10,13,16,25],"seed_played":"694973531111638154","killed_by":"Slavers","ascension_level":0,"is_trial":false}