{"gold_per_floor":[118,293,243,261,261,261,286,303,382,396,396,421,421,433,433,532,532,550,531,57,67,67,67,77,77,77,77,94,94,107,29,29,129,129,148,166,220,231,231,231,249,263,263,263,275,308,308,319,319,319],"floor_reached":50,"playtime":3629,"items_purged":["Strike_R"],"score":535,"play_id":"3e53c9ad-5e61-4243-bfe7-757f9f6ee56f","local_time":"20190221230424","is_ascension_mode":true,"campfire_choices":[{"data":"Anger","floor":6,"key":"SMITH"},{"floor":13,"key":"REST"},{"data":"Juggernaut","floor":15,"key":"SMITH"},{"data":"Barricade","floor":23,"key":"SMITH"},{"data":"Body Slam","floor":25,"key":"SMITH"},{"data":"Shrug It Off","floor":27,"key":"SMITH"},{"data":"Intimidate","floor":29,"key":"SMITH"},{"floor":32,"key":"REST"},{"data":"Whirlwind","floor":40,"key":"SMITH"},{"floor":44,"key":"REST"},{"floor":49,"key":"REST"}],"neow_cost":"NONE","seed_source_timestamp":344458148071400,"circlet_count":0,"master_deck":["Strike_R","Strike_R","Strike_R","Defend_R","Defend_R","Defend_R","Defend_R","Bash","Anger+1","Shrug It Off+1","Ghostly Armor","Intimidate+1","Headbutt","Iron Wave","Heavy Blade","Juggernaut+1","Barricade+1","Pommel Strike+1","Body Slam+1","Battle Trance","Necronomicurse","Whirlwind+1","True Grit+1","Inflame","Juggernaut","Heavy Blade+1","Rage+1","Madness","Madness","Disarm","Fire Breathing+1","Clumsy","Metallicize","Battle Trance+1","Flex+1"],"relics":["Burning Blood","Art of War","Paper Frog","Anchor","Lizard Tail","Potion Belt","Lee\u0027s Waffle","Necronomicon","Lantern","Cursed Key","Charon\u0027s Ashes","Prayer Wheel","Vajra"],"potions_floor_usage":[4,12,16,21,24,33,33,33,33,35,41,42,42,45,46,48,48,50],"damage_taken":[{"damage":8,"enemies":"2 Louse","floor":1,"turns":2},{"damage":5,"enemies":"Small Slimes","floor":4,"turns":4},{"damage":31,"enemies":"3 Sentries","floor":7,"turns":10},{"damage":0,"enemies":"Cultist","floor":8,"turns":4},{"damage":25,"enemies":"Exordium Thugs","floor":10,"turns":6},{"damage":20,"enemies":"Gremlin Nob","floor":12,"turns":4},{"damage":0,"enemies":"3 Louse","floor":14,"turns":3},{"damage":28,"enemies":"Slime Boss","floor":16,"turns":11},{"damage":9,"enemies":"Shell Parasite","floor":18,"turns":9},{"damage":20,"enemies":"2 Thieves","floor":19,"turns":4},{"damage":45,"enemies":"Snake Plant","floor":21,"turns":7},{"damage":0,"enemies":"Snecko","floor":24,"turns":7},{"damage":4,"enemies":"Centurion and Healer","floor":28,"turns":7},{"damage":0,"enemies":"Cultist and Chosen","floor":30,"turns":5},{"damage":67,"enemies":"Automaton","floor":33,"turns":12},{"damage":0,"enemies":"3 Darklings","floor":35,"turns":4},{"damage":11,"enemies":"3 Shapes","floor":36,"turns":4},{"damage":33,"enemies":"2 Orb Walkers","floor":37,"turns":4},{"damage":9,"enemies":"Transient","floor":38,"turns":5},{"damage":27,"enemies":"Jaw Worm Horde","floor":41,"turns":3},{"damage":16,"enemies":"Maw","floor":42,"turns":6},{"damage":28,"enemies":"Transient","floor":45,"turns":5},{"damage":6,"enemies":"Nemesis","floor":46,"turns":5},{"damage":20,"enemies":"Writhing Mass","floor":48,"turns":6},{"damage":116,"enemies":"Time Eater","floor":50,"turns":12}],"seed_played":"-6644250997804221915","potions_obtained":[{"floor":1,"key":"Fruit Juice"},{"floor":7,"key":"Poison Potion"},{"floor":10,"key":"SkillPotion"},{"floor":14,"key":"Ancient Potion"},{"floor":16,"key":"EntropicBrew"},{"floor":18,"key":"Dexterity Potion"},{"floor":24,"key":"FearPotion"},{"floor":33,"key":"BloodPotion"},{"floor":35,"key":"Energy Potion"},{"floor":38,"key":"Dexterity Potion"},{"floor":42,"key":"EssenceOfSteel"},{"floor":46,"key":"SkillPotion"},{"floor":48,"key":"BloodPotion"}],"is_trial":false,"path_per_floor":["M","?","?","M","?","R","E","M","T","M","?","E","R","M","R","B",null,"M","M","$","M","?","R","M","R","T","R","M","R","M","$","R","B",null,"M","M","?","M","?","R","M","M","T","R","M","E","?","M","R","B"],"character_chosen":"IRONCLAD","items_purchased":["Potion Belt","Lee\u0027s Waffle","Body Slam","Inflame"],"campfire_rested":4,"item_purchase_floors":[20,20,20,31],"current_hp_per_floor":[78,78,78,84,84,84,59,65,65,46,46,32,57,63,63,41,85,82,68,92,53,37,37,43,43,43,43,45,45,51,51,78,17,92,92,87,60,57,45,45,33,23,23,50,28,28,28,14,41,0],"gold":319,"neow_bonus":"THREE_CARDS","is_prod":false,"is_daily":false,"chose_seed":false,"campfire_upgraded":7,"win_rate":0,"timestamp":1550786664,"path_taken":["M","?","?","M","?","R","E","M","T","M","?","E","R","?","R","BOSS","M","M","$","M","?","R","M","R","T","R","M","R","M","$","R","BOSS","M","M","?","M","?","R","M","M","T","R","M","E","?","M","R","BOSS"],"build_version":"2019-01-23","purchased_purges":1,"victory":false,"max_hp_per_floor":[80,80,80,85,85,85,85,85,85,85,85,85,85,85,85,85,85,85,85,92,92,92,92,92,92,92,92,92,92,92,92,92,92,92,92,92,92,92,92,92,92,92,92,92,92,92,92,92,92,92],"card_choices":[{"not_picked":["Entrench","Combust"],"picked":"Anger","floor":1},{"not_picked":["Rupture","Clash"],"picked":"Shrug It Off","floor":4},{"not_picked":["Entrench","Pommel Strike"],"picked":"Intimidate","floor":7},{"not_picked":["Dual Wield","Wild Strike"],"picked":"Headbutt","floor":8},{"not_picked":["Warcry","Pummel"],"picked":"Iron Wave","floor":10},{"not_picked":["Fire Breathing","Warcry"],"picked":"Heavy Blade","floor":12},{"not_picked":["Sentinel","Iron Wave"],"picked":"Juggernaut","floor":14},{"not_picked":["Berserk","Fiend Fire"],"picked":"Barricade","floor":16},{"not_picked":["Dual Wield","Headbutt"],"picked":"Pommel Strike+1","floor":18},{"not_picked":["Wild Strike","Second Wind","Reckless Charge"],"picked":"SKIP","floor":19},{"not_picked":["Havoc+1","Seeing Red"],"picked":"Battle Trance","floor":21},{"not_picked":["Dropkick","Sentinel","Pummel"],"picked":"SKIP","floor":24},{"not_picked":["Armaments","Searing Blow+1"],"picked":"Whirlwind","floor":28},{"not_picked":["Armaments","Rampage+1"],"picked":"True Grit+1","floor":30},{"not_picked":["Bludgeon","Dark Embrace"],"picked":"Juggernaut","floor":33},{"not_picked":["Wild Strike","True Grit"],"picked":"Heavy Blade+1","floor":35},{"not_picked":["Combust","Headbutt","Pummel"],"picked":"SKIP","floor":36},{"not_picked":["Power Through","Searing Blow+1"],"picked":"Rage+1","floor":38},{"not_picked":["Heavy Blade","Clash"],"picked":"Disarm","floor":41},{"not_picked":["Cleave","Armaments"],"picked":"Fire Breathing+1","floor":42},{"not_picked":["Offering","Entrench"],"picked":"Metallicize","floor":45},{"not_picked":["Hemokinesis+1","Combust+1","Pommel Strike"],"picked":"SKIP","floor":45},{"not_picked":["Corruption+1","Brutality"],"picked":"Battle Trance+1","floor":46},{"not_picked":["Heavy Blade+1","Flame Barrier"],"picked":"Flex+1","floor":48},{"not_picked":["Headbutt+1","True Grit","Perfected Strike+1"],"picked":"SKIP","floor":48}],"player_experience":196244,"relics_obtained":[{"floor":7,"key":"Art of War"},{"floor":9,"key":"Paper Frog"},{"floor":12,"key":"Anchor"},{"floor":22,"key":"Necronomicon"},{"floor":26,"key":"Lantern"},{"floor":37,"key":"Charon\u0027s Ashes"},{"floor":43,"key":"Prayer Wheel"},{"floor":46,"key":"Vajra"}],"event_choices":[{"damage_healed":0,"gold_gain":175,"player_choice":"AGREE","damage_taken":0,"max_hp_gain":0,"max_hp_loss":0,"event_name":"Liars Game","floor":2,"gold_loss":0,"cards_obtained":["Doubt"]},{"cards_removed":["Doubt"],"damage_healed":0,"gold_gain":0,"player_choice":"Card Removal","damage_taken":0,"max_hp_gain":0,"max_hp_loss":0,"event_name":"The Cleric","floor":3,"gold_loss":50},{"damage_healed":0,"gold_gain":0,"cards_transformed":["Strike_R"],"player_choice":"Change","damage_taken":0,"max_hp_gain":0,"max_hp_loss":0,"event_name":"Living Wall","floor":5,"gold_loss":0,"cards_obtained":["Ghostly Armor"]},{"damage_healed":0,"gold_gain":0,"player_choice":"0 cards matched","damage_taken":0,"max_hp_gain":0,"max_hp_loss":0,"event_name":"Match and Keep!","floor":11,"gold_loss":0,"cards_obtained":[]},{"damage_healed":0,"gold_gain":0,"player_choice":"Obtained Book","damage_taken":16,"max_hp_gain":0,"max_hp_loss":0,"event_name":"Cursed Tome","floor":22,"gold_loss":0},{"damage_healed":0,"gold_gain":0,"player_choice":"Fight","damage_taken":0,"max_hp_gain":0,"max_hp_loss":0,"event_name":"Mysterious Sphere","floor":37,"gold_loss":0},{"damage_healed":0,"gold_gain":0,"player_choice":"Embrace Madness","damage_taken":12,"max_hp_gain":0,"max_hp_loss":0,"event_name":"Winding Halls","floor":39,"gold_loss":0,"cards_obtained":["Madness","Madness"]},{"damage_healed":0,"gold_gain":0,"player_choice":"Ignored","damage_taken":0,"max_hp_gain":0,"max_hp_loss":0,"event_name":"Tomb of Lord Red Mask","floor":47,"gold_loss":0}],"is_beta":false,"boss_relics":[{"not_picked":["Coffee Dripper","Fusion Hammer"],"picked":"Lizard Tail"},{"not_picked":["Calling Bell","Black Star"],"picked":"Cursed Key"}],"items_purged_floors":[20],"is_endless":false,"potions_floor_spawned":[1,7,10,14,16,18,24,33,35,38,42,46,48],"killed_by":"Time Eater","ascension_level":1}