{"gold_per_floor":[119,135,146,161,180,209,226,301,382,382,382,401,419,443,443,443],"floor_reached":16,"playtime":691,"items_purged":[],"score":108,"play_id":"21455cb4-3b06-4321-babf-814ced42e60a","local_time":"20181008162832","is_ascension_mode":false,"campfire_choices":[{"floor":10,"key":"REST"},{"floor":15,"key":"REST"}],"neow_cost":"PERCENT_DAMAGE","seed_source_timestamp":28937578440800,"circlet_count":0,"master_deck":["Strike_R","Strike_R","Strike_R","Strike_R","Strike_R","Defend_R","Defend_R","Defend_R","Defend_R","Bash","Cleave","Disarm","Heavy Blade","Ghostly Armor","Pommel Strike","Injury","Offering","Armaments","Headbutt","Pommel Strike","Headbutt"],"relics":["Burning Blood","Ginger","Prayer Wheel","Tiny Chest","Golden Idol"],"potions_floor_usage":[3,6,16,16],"damage_taken":[{"damage":1,"enemies":"Cultist","floor":1,"turns":4},{"damage":0,"enemies":"Small Slimes","floor":2,"turns":3},{"damage":1,"enemies":"2 Louse","floor":3,"turns":2},{"damage":8,"enemies":"Lots of Slimes","floor":4,"turns":3},{"damage":9,"enemies":"3 Louse","floor":5,"turns":3},{"damage":38,"enemies":"Lagavulin","floor":6,"turns":6},{"damage":5,"enemies":"Large Slime","floor":7,"turns":5},{"damage":10,"enemies":"Blue Slaver","floor":12,"turns":4},{"damage":3,"enemies":"Lots of Slimes","floor":13,"turns":3},{"damage":22,"enemies":"Large Slime","floor":14,"turns":3},{"damage":63,"enemies":"Hexaghost","floor":16,"turns":11}],"seed_played":"-8462991626492097504","potions_obtained":[{"floor":2,"key":"Fruit Juice"},{"floor":3,"key":"SkillPotion"},{"floor":13,"key":"EssenceOfSteel"},{"floor":14,"key":"Swift Potion"}],"is_trial":false,"path_per_floor":["M","M","M","M","M","E","M","?","T","R","?","M","M","M","R"],"character_chosen":"IRONCLAD","items_purchased":[],"campfire_rested":2,"item_purchase_floors":[],"current_hp_per_floor":[61,67,77,75,72,40,41,30,30,55,55,51,54,38,63,0],"gold":443,"neow_bonus":"ONE_RARE_RELIC","is_prod":false,"is_daily":false,"chose_seed":false,"campfire_upgraded":0,"win_rate":0,"timestamp":1539008912,"path_taken":["M","M","M","M","?","E","M","?","T","R","?","M","M","M","R","BOSS"],"build_version":"2018-10-04v2","purchased_purges":0,"victory":false,"max_hp_per_floor":[80,80,85,85,85,85,85,85,85,85,85,85,85,85,85,85],"card_choices":[{"not_picked":["Flex","Twin Strike"],"picked":"Cleave","floor":1},{"not_picked":["Twin Strike","Clothesline","Shrug It Off"],"picked":"SKIP","floor":2},{"not_picked":["Uppercut","Shrug It Off"],"picked":"Disarm","floor":3},{"not_picked":["Power Through","Twin Strike"],"picked":"Heavy Blade","floor":4},{"not_picked":["Hemokinesis","Carnage","Perfected Strike"],"picked":"SKIP","floor":5},{"not_picked":["Dual Wield","Intimidate"],"picked":"Ghostly Armor","floor":6},{"not_picked":["Blood for Blood","Heavy Blade"],"picked":"Pommel Strike","floor":7},{"not_picked":["Body Slam","Anger","Burning Pact"],"picked":"SKIP","floor":7},{"not_picked":["Shrug It Off","Anger"],"picked":"Offering","floor":12},{"not_picked":["Fire Breathing","Bloodletting"],"picked":"Armaments","floor":12},{"not_picked":["Searing Blow","Thunderclap"],"picked":"Headbutt","floor":13},{"not_picked":["Metallicize","Rupture"],"picked":"Pommel Strike","floor":13},{"not_picked":["True Grit","Warcry"],"picked":"Headbutt","floor":14},{"not_picked":["Twin Strike","Thunderclap","Wild Strike"],"picked":"SKIP","floor":14}],"player_experience":84532,"relics_obtained":[{"floor":6,"key":"Prayer Wheel"},{"floor":9,"key":"Tiny Chest"}],"event_choices":[{"event_name":"World of Goop","player_choice":"Gather Gold","floor":8,"damage_taken":0},{"event_name":"Golden Idol","player_choice":"Take Wound","floor":11,"damage_taken":0}],"is_beta":false,"boss_relics":[],"items_purged_floors":[],"is_endless":false,"potions_floor_spawned":[2,3,13,14],"killed_by":"Hexaghost","ascension_level":0}