{"gold_per_floor":[113,21,32,43,56,56,21,21,44,44,62,92,117,117,117,238,238,257,9,9,28,28],"floor_reached":22,"playtime":2298,"items_purged":["Strike_G"],"score":184,"play_id":"63c5391b-e1a3-4d7d-af47-d4ffcec04c57","local_time":"20190210213256","is_ascension_mode":false,"campfire_choices":[{"data":"Chrysalis","floor":6,"key":"SMITH"},{"data":"Neutralize","floor":8,"key":"SMITH"},{"data":"Leg Sweep","floor":15,"key":"SMITH"}],"neow_cost":"PERCENT_DAMAGE","seed_source_timestamp":1058748023842200,"circlet_count":0,"master_deck":["Defend_G","Defend_G","Defend_G","Defend_G","Defend_G","Strike_G","Strike_G","Strike_G","Survivor","Neutralize+1","Purity","Chrysalis+1","Dash+1","PanicButton","Outmaneuver","Blade Dance","Terror","Riddle With Holes","Leg Sweep+1","Envenom","Flying Knee+1","Poisoned Stab","Noxious Fumes","Bouncing Flask","Backflip+1"],"relics":["Ring of the Snake","Vajra","Oddly Smooth Stone","Lantern","Golden Idol","Velvet Choker"],"potions_floor_usage":[13,16,16],"damage_taken":[{"damage":2,"enemies":"Small Slimes","floor":1,"turns":4},{"damage":0,"enemies":"2 Louse","floor":3,"turns":2},{"damage":13,"enemies":"Cultist","floor":4,"turns":6},{"damage":5,"enemies":"Looter","floor":5,"turns":4},{"damage":0,"enemies":"Large Slime","floor":11,"turns":4},{"damage":13,"enemies":"Lagavulin","floor":13,"turns":5},{"damage":20,"enemies":"Slime Boss","floor":16,"turns":16},{"damage":7,"enemies":"Shell Parasite","floor":18,"turns":6},{"damage":21,"enemies":"3 Byrds","floor":21,"turns":5},{"damage":54,"enemies":"Masked Bandits","floor":22,"turns":7}],"seed_played":"-1202899627793929443","potions_obtained":[{"floor":1,"key":"Fire Potion"},{"floor":5,"key":"GhostInAJar"},{"floor":11,"key":"Regen Potion"},{"floor":18,"key":"SpeedPotion"}],"is_trial":false,"path_per_floor":["M","$","M","M","M","R","?","R","T","?","M","?","E","?","R","B",null,"M","$","?","M","?"],"character_chosen":"THE_SILENT","items_purchased":["PanicButton","Poisoned Stab","Noxious Fumes","Bouncing Flask"],"campfire_rested":0,"item_purchase_floors":[2,19,19,19],"current_hp_per_floor":[47,47,47,34,29,29,46,46,46,46,46,46,45,28,28,8,70,63,63,63,42,0],"gold":28,"neow_bonus":"RANDOM_COLORLESS_2","is_prod":false,"is_daily":false,"chose_seed":false,"campfire_upgraded":3,"win_rate":0.0,"timestamp":1549830776,"path_taken":["M","$","M","M","M","R","?","R","T","?","?","?","E","?","R","BOSS","M","$","?","?","?"],"build_version":"2019-01-23","purchased_purges":1,"victory":false,"max_hp_per_floor":[70,70,70,70,70,70,70,70,70,70,70,70,70,70,70,70,70,70,70,70,70,70],"card_choices":[{"not_picked":["Leg Sweep","Underhanded Strike"],"picked":"Dash","floor":1},{"not_picked":["Skewer","Dash"],"picked":"Outmaneuver","floor":3},{"not_picked":["Crippling Poison","Skewer"],"picked":"Blade Dance","floor":4},{"not_picked":["PiercingWail","Flying Knee"],"picked":"Terror","floor":5},{"not_picked":["Slice","Blade Dance"],"picked":"Riddle With Holes","floor":11},{"not_picked":["Terror","Sucker Punch"],"picked":"Leg Sweep","floor":13},{"not_picked":["Bullet Time","Night Terror"],"picked":"Envenom","floor":16},{"not_picked":["Underhanded Strike+1","Prepared"],"picked":"Flying Knee+1","floor":18},{"not_picked":["Dash","Dagger Throw"],"picked":"Backflip+1","floor":21}],"player_experience":28852,"relics_obtained":[{"floor":9,"key":"Vajra"},{"floor":13,"key":"Lantern"}],"event_choices":[{"damage_healed":17,"gold_gain":0,"player_choice":"Healed","damage_taken":0,"max_hp_gain":0,"max_hp_loss":0,"event_name":"The Cleric","floor":7,"gold_loss":35},{"damage_healed":0,"gold_gain":0,"player_choice":"Upgraded","damage_taken":0,"max_hp_gain":0,"max_hp_loss":0,"event_name":"Upgrade Shrine","floor":10,"gold_loss":0,"cards_upgraded":["Dash"]},{"damage_healed":0,"gold_gain":30,"player_choice":"Searched \u00272\u0027 times","damage_taken":0,"relics_obtained":["Oddly Smooth Stone"],"max_hp_gain":0,"max_hp_loss":0,"event_name":"Dead Adventurer","floor":12,"gold_loss":0},{"damage_healed":0,"gold_gain":0,"player_choice":"Take Damage","damage_taken":17,"relics_obtained":["Golden Idol"],"max_hp_gain":0,"max_hp_loss":0,"event_name":"Golden Idol","floor":14,"gold_loss":0},{"cards_removed":["Strike_G"],"damage_healed":0,"gold_gain":0,"player_choice":"Card Removal","damage_taken":0,"max_hp_gain":0,"max_hp_loss":0,"event_name":"Wheel of Change","floor":20,"gold_loss":0},{"damage_healed":0,"gold_gain":0,"player_choice":"Fought Bandits","damage_taken":0,"max_hp_gain":0,"max_hp_loss":0,"event_name":"Masked Bandits","floor":22,"gold_loss":0}],"is_beta":false,"boss_relics":[{"not_picked":["Orrery","Astrolabe"],"picked":"Velvet Choker"}],"items_purged_floors":[19],"is_endless":false,"potions_floor_spawned":[1,5,11,18],"killed_by":"Masked Bandits","ascension_level":0}