{"gold_per_floor":[210,210,225,225,243,269,285,285,309,384,396,396,415,434,434,533,533,488,488,413,338,288,288,288,288,288,288,288,288,39,39,39,39,39,39,39,39,39,39,39,39,39,39,39,39,39,39,39,39,39],"floor_reached":51,"playtime":1990,"items_purged":["Strike_B","Strike_B"],"score":738,"play_id":"f5f82cf2-306c-4c53-aa4a-9ffd66314844","local_time":"20190329000641","is_ascension_mode":false,"campfire_choices":[{"data":"Zap","floor":8.0,"key":"SMITH"},{"data":"Dualcast","floor":12.0,"key":"SMITH"},{"floor":15.0,"key":"REST"},{"data":"Go for the Eyes","floor":23.0,"key":"SMITH"},{"data":"White Noise","floor":25.0,"key":"SMITH"},{"data":"Hello World","floor":32.0,"key":"SMITH"},{"data":"Evolve","floor":40.0,"key":"SMITH"},{"data":"Biased Cognition","floor":47.0,"key":"SMITH"},{"data":"Chaos","floor":49,"key":"SMITH"}],"neow_cost":"NONE","seed_source_timestamp":10878781777945,"circlet_count":0,"master_deck":["Strike_B","Defend_B","Defend_B+1","Defend_B","Defend_B","Zap+1","Dualcast+1","Go for the Eyes+1","Conserve Battery","Evolve+1","Ball Lightning+1","Cold Snap","Glacier+1","Chill","Hello World+1","White Noise+1","Core Surge","Reinforced Body+1","Compile Driver+1","Leap+1","Biased Cognition+1","Hello World+1","Hologram+1","Capacitor+1","Chaos+1"],"special_seed":0,"relics":["Cracked Core","WarpedTongs","Anchor","War Paint","Ectoplasm","Potion Belt","Meat on the Bone","Whetstone","Letter Opener","Cursed Key","Art of War","Spirit Poop"],"potions_floor_usage":[50,50,50,50],"damage_taken":[{"damage":0.0,"enemies":"Small Slimes","floor":1.0,"turns":2.0},{"damage":3.0,"enemies":"Cultist","floor":3.0,"turns":4.0},{"damage":0.0,"enemies":"Jaw Worm","floor":5.0,"turns":3.0},{"damage":17.0,"enemies":"Gremlin Nob","floor":6.0,"turns":4.0},{"damage":4.0,"enemies":"Exordium Thugs","floor":7.0,"turns":4.0},{"damage":7.0,"enemies":"Large Slime","floor":11.0,"turns":4.0},{"damage":0.0,"enemies":"Gremlin Gang","floor":13.0,"turns":4.0},{"damage":0.0,"enemies":"Red Slaver","floor":14.0,"turns":3.0},{"damage":3.0,"enemies":"The Guardian","floor":16.0,"turns":11.0},{"damage":0.0,"enemies":"2 Thieves","floor":18.0,"turns":4.0},{"damage":0.0,"enemies":"Book of Stabbing","floor":24.0,"turns":8.0},{"damage":0.0,"enemies":"Chosen","floor":27.0,"turns":5.0},{"damage":0.0,"enemies":"Snecko","floor":29.0,"turns":5.0},{"damage":3.0,"enemies":"Slavers","floor":31.0,"turns":7.0},{"damage":45.0,"enemies":"Champ","floor":33.0,"turns":10.0},{"damage":2.0,"enemies":"3 Shapes","floor":35.0,"turns":4.0},{"damage":0.0,"enemies":"Orb Walker","floor":36.0,"turns":3.0},{"damage":0.0,"enemies":"Maw","floor":37.0,"turns":8.0},{"damage":7.0,"enemies":"Writhing Mass","floor":41.0,"turns":7.0},{"damage":0.0,"enemies":"Spire Growth","floor":42.0,"turns":6.0},{"damage":0.0,"enemies":"Transient","floor":44.0,"turns":5.0},{"damage":0.0,"enemies":"Maw","floor":48.0,"turns":6.0},{"damage":3,"enemies":"Time Eater","floor":50,"turns":14}],"seed_played":"-146297780491264468","potions_obtained":[{"floor":3.0,"key":"Strength Potion"},{"floor":5.0,"key":"Fire Potion"},{"floor":11.0,"key":"GamblersBrew"},{"floor":13.0,"key":"GamblersBrew"},{"floor":18.0,"key":"Ancient Potion"},{"floor":27.0,"key":"Explosive Potion"},{"floor":29.0,"key":"LiquidBronze"},{"floor":42.0,"key":"Explosive Potion"},{"floor":48,"key":"Block Potion"}],"is_trial":false,"path_per_floor":["M","?","M","?","M","E","M","R","T","?","M","R","M","M","R","B",null,"M","?","$","?","?","R","E","R","T","M","$","M","$","E","R","B",null,"M","M","M","?","?","R","M","M","T","M","$","?","R","M","R","B",null],"character_chosen":"DEFECT","items_purchased":["Whetstone"],"campfire_rested":1,"item_purchase_floors":[30],"current_hp_per_floor":[75,75,72,72,72,55,51,51,51,44,37,37,37,37,59,56,75,75,75,75,75,75,75,75,75,75,75,75,75,75,72,72,39,75,73,73,73,73,73,73,66,66,66,66,66,66,66,66,66,63],"gold":39,"neow_bonus":"HUNDRED_GOLD","is_prod":false,"is_daily":false,"chose_seed":false,"campfire_upgraded":8,"win_rate":0,"timestamp":1553839601,"path_taken":["M","?","?","?","?","E","M","R","T","?","M","R","?","M","R","BOSS","M","?","?","?","?","R","E","R","T","M","$","?","$","E","R","BOSS","M","M","M","?","?","R","M","M","T","?","?","?","R","M","R","BOSS"],"build_version":"2019-01-23","purchased_purges":2,"victory":true,"max_hp_per_floor":[75,75,75,75,75,75,75,75,75,75,75,75,75,75,75,75,75,75,75,75,75,75,75,75,75,75,75,75,75,75,75,75,75,75,75,75,75,75,75,75,75,75,75,75,75,75,75,75,75,75],"card_choices":[{"not_picked":["Rebound","Rip and Tear"],"picked":"Go for the Eyes","floor":1.0},{"not_picked":["Gash","Coolheaded"],"picked":"Conserve Battery","floor":3.0},{"not_picked":["Recycle","Steam Power"],"picked":"Ball Lightning","floor":5.0},{"not_picked":["Stack","Leap"],"picked":"Cold Snap","floor":6.0},{"not_picked":["Barrage","FTL"],"picked":"Glacier","floor":7.0},{"not_picked":["Turbo","Streamline"],"picked":"Chill","floor":11.0},{"not_picked":["Chill","Steam"],"picked":"Hello World","floor":13.0},{"not_picked":["Thunder Strike","Doom and Gloom"],"picked":"White Noise","floor":14.0},{"not_picked":["Amplify","Buffer"],"picked":"Core Surge","floor":16.0},{"not_picked":["Redo","Conserve Battery+1"],"picked":"Reinforced Body","floor":18.0},{"not_picked":["Cold Snap","Redo+1"],"picked":"Compile Driver","floor":24.0},{"not_picked":["Gash","Hologram"],"picked":"Leap+1","floor":27.0},{"not_picked":["Sunder","Leap","Rebound+1"],"picked":"SKIP","floor":29.0},{"not_picked":["Amplify","Compile Driver","Darkness"],"picked":"SKIP","floor":31.0},{"not_picked":["Thunder Strike","Seek"],"picked":"Biased Cognition","floor":33.0},{"not_picked":["Self Repair+1","Coolheaded","Redo"],"picked":"SKIP","floor":35.0},{"not_picked":["Heatsinks+1","Go for the Eyes"],"picked":"Hello World+1","floor":36.0},{"not_picked":["Streamline","Melter+1","Hyperbeam"],"picked":"SKIP","floor":37.0},{"not_picked":["Gash","Doom and Gloom"],"picked":"Hologram+1","floor":41.0},{"not_picked":["Doom and Gloom+1","Fusion+1"],"picked":"Capacitor+1","floor":42.0},{"not_picked":["Barrage","Beam Cell+1","Gash+1"],"picked":"SKIP","floor":44.0},{"not_picked":["Stack+1","Fusion"],"picked":"Chaos","floor":48}],"player_experience":1137654,"relics_obtained":[{"floor":6.0,"key":"Anchor"},{"floor":9.0,"key":"War Paint"},{"floor":24.0,"key":"Potion Belt"},{"floor":26.0,"key":"Meat on the Bone"},{"floor":31.0,"key":"Letter Opener"},{"floor":43.0,"key":"Art of War"}],"event_choices":[{"damage_healed":0.0,"max_hp_gain":0.0,"max_hp_loss":0.0,"gold_gain":0.0,"event_name":"Accursed Blacksmith","player_choice":"Rummage","floor":2.0,"gold_loss":0.0,"damage_taken":0.0,"relics_obtained":["WarpedTongs"],"cards_obtained":["Pain"]},{"cards_removed":["Pain"],"damage_healed":0.0,"max_hp_gain":0.0,"max_hp_loss":0.0,"gold_gain":0.0,"event_name":"NoteForYourself","player_choice":"Took Card","floor":4.0,"gold_loss":0.0,"damage_taken":0.0,"cards_obtained":["Evolve"]},{"damage_healed":0.0,"max_hp_gain":0.0,"max_hp_loss":0.0,"gold_gain":75.0,"event_name":"FaceTrader","player_choice":"Touch","floor":10.0,"gold_loss":0.0,"damage_taken":7.0},{"damage_healed":0.0,"max_hp_gain":0.0,"max_hp_loss":0.0,"gold_gain":100.0,"event_name":"Golden Shrine","player_choice":"Pray","floor":19.0,"gold_loss":0.0,"damage_taken":0.0},{"cards_removed":["Strike_B"],"damage_healed":0.0,"max_hp_gain":0.0,"max_hp_loss":0.0,"gold_gain":0.0,"event_name":"Beggar","player_choice":"Gave Gold","floor":21.0,"gold_loss":75.0,"damage_taken":0.0},{"damage_healed":0.0,"max_hp_gain":0.0,"max_hp_loss":0.0,"gold_gain":0.0,"event_name":"The Joust","player_choice":"Bet on Murderer","floor":22.0,"gold_loss":50.0,"damage_taken":0.0},{"damage_healed":0.0,"max_hp_gain":0.0,"max_hp_loss":0.0,"gold_gain":0.0,"event_name":"Mysterious Sphere","player_choice":"Ignored","floor":38.0,"gold_loss":0.0,"damage_taken":0.0},{"damage_healed":0.0,"max_hp_gain":0.0,"max_hp_loss":0.0,"gold_gain":0.0,"event_name":"Upgrade Shrine","player_choice":"Upgraded","floor":39.0,"gold_loss":0.0,"damage_taken":0.0,"cards_upgraded":["Reinforced Body"]},{"cards_removed":["Decay"],"damage_healed":0.0,"max_hp_gain":0.0,"max_hp_loss":0.0,"gold_gain":0.0,"event_name":"Bonfire Elementals","player_choice":"Offered Curse","floor":46.0,"gold_loss":0.0,"damage_taken":0.0,"relics_obtained":["Spirit Poop"]}],"is_beta":false,"boss_relics":[{"not_picked":["Calling Bell","Empty Cage"],"picked":"Ectoplasm"},{"not_picked":["Runic Dome","Runic Pyramid"],"picked":"Cursed Key"}],"items_purged_floors":[20,30],"is_endless":false,"potions_floor_spawned":[3,5,11,13,18,27,29,42,48],"ascension_level":0}