{"gold_per_floor":[216,233,247,262,42,42,67,67,67,67,78,78,93,103,103,200,200,200],"floor_reached":18,"playtime":595,"items_purged":["Strike_R"],"score":164,"play_id":"001161ea-456b-49d1-9d92-ca3aefb88559","local_time":"20190313222821","is_ascension_mode":false,"campfire_choices":[{"data":"Iron Wave","floor":6,"key":"SMITH"},{"data":"Seeing Red","floor":15,"key":"SMITH"}],"neow_cost":"NONE","seed_source_timestamp":1583228444803490,"circlet_count":0,"master_deck":["Strike_R","Strike_R","Strike_R","Defend_R","Defend_R","Defend_R","Defend_R","Bash","Spot Weakness","Flex","Iron Wave+1","Thunderclap","Inflame","Immolate","Seeing Red+1","Exhume"],"relics":["Burning Blood","Lantern","Bronze Scales","Oddly Smooth Stone","Mark of Pain"],"potions_floor_usage":[7],"damage_taken":[{"damage":6,"enemies":"Jaw Worm","floor":1,"turns":5},{"damage":5,"enemies":"Small Slimes","floor":2,"turns":4},{"damage":2,"enemies":"2 Louse","floor":3,"turns":2},{"damage":8,"enemies":"Red Slaver","floor":4,"turns":3},{"damage":28,"enemies":"3 Sentries","floor":7,"turns":8},{"damage":0,"enemies":"2 Fungi Beasts","floor":11,"turns":3},{"damage":10,"enemies":"Large Slime","floor":13,"turns":3},{"damage":4,"enemies":"Looter","floor":14,"turns":2},{"damage":36,"enemies":"Hexaghost","floor":16,"turns":7},{"damage":0,"enemies":"3 Byrds","floor":18,"turns":1}],"seed_played":"4129304390909988030","potions_obtained":[{"floor":1,"key":"PowerPotion"},{"floor":7,"key":"Explosive Potion"},{"floor":13,"key":"Explosive Potion"}],"is_trial":false,"path_per_floor":["M","M","M","M","$","R","E","?","T","?","M","?","M","M","R","B",null,"M"],"character_chosen":"IRONCLAD","items_purchased":["Lantern"],"campfire_rested":0,"item_purchase_floors":[5],"current_hp_per_floor":[80,80,80,78,78,78,56,49,49,54,60,60,56,58,58,28,85,85],"gold":200,"neow_bonus":"HUNDRED_GOLD","is_prod":false,"is_daily":false,"chose_seed":false,"campfire_upgraded":2,"win_rate":0,"timestamp":1552487301,"path_taken":["M","M","M","M","$","R","E","?","T","?","M","?","M","M","R","BOSS","M"],"build_version":"2019-01-23","purchased_purges":1,"victory":false,"max_hp_per_floor":[80,80,80,80,80,80,80,80,80,85,85,85,85,85,85,85,85,85],"card_choices":[{"not_picked":["Pummel","Wild Strike"],"picked":"Spot Weakness","floor":1},{"not_picked":["Havoc","Perfected Strike"],"picked":"Flex","floor":2},{"not_picked":["Ghostly Armor","Flex"],"picked":"Iron Wave","floor":3},{"not_picked":["Sever Soul","Warcry","Corruption"],"picked":"SKIP","floor":4},{"not_picked":["Perfected Strike","Sever Soul"],"picked":"Thunderclap","floor":7},{"not_picked":["Thunderclap","Heavy Blade"],"picked":"Inflame","floor":11},{"not_picked":["Feel No Pain","Shockwave"],"picked":"Seeing Red","floor":13},{"not_picked":["Second Wind","Clothesline","Combust"],"picked":"SKIP","floor":14},{"not_picked":["Immolate","Demon Form"],"picked":"Exhume","floor":16}],"player_experience":829509,"relics_obtained":[{"floor":7,"key":"Bronze Scales"},{"floor":9,"key":"Oddly Smooth Stone"}],"event_choices":[{"cards_removed":["Strike_R"],"damage_healed":0,"gold_gain":0,"player_choice":"Card Removal","damage_taken":7,"max_hp_gain":0,"max_hp_loss":0,"event_name":"Golden Wing","floor":8,"gold_loss":0},{"damage_healed":0,"gold_gain":0,"player_choice":"Donut","damage_taken":0,"max_hp_gain":5,"max_hp_loss":0,"event_name":"Big Fish","floor":10,"gold_loss":0},{"damage_healed":0,"gold_gain":0,"player_choice":"1 cards matched","damage_taken":0,"max_hp_gain":0,"max_hp_loss":0,"event_name":"Match and Keep!","floor":12,"gold_loss":0,"cards_obtained":["Immolate"]}],"is_beta":false,"boss_relics":[{"not_picked":["Black Star","Calling Bell"],"picked":"Mark of Pain"}],"items_purged_floors":[5],"is_endless":false,"potions_floor_spawned":[1,7,13],"killed_by":"3 Byrds","ascension_level":0}