{"gold_per_floor":[115,133,133,133,133,133,133,24,24,24,34,34,47,64,64,168,168,180,180,205,225,150,150,150,150,150,165,65,79,79,79,79,178,178,193,203,203,203,203,250,125,125,125,125,125,162,192,242,242,242],"floor_reached":51,"playtime":807,"items_purged":["Strike_R","Strike_R","Strike_R"],"score":689,"play_id":"6acf333b-98b6-4b94-89a6-29a588641e18","local_time":"20190417142406","is_ascension_mode":false,"campfire_choices":[{"data":"Pummel","floor":6,"key":"SMITH"},{"data":"Inflame","floor":10,"key":"SMITH"},{"data":"Carnage","floor":12,"key":"SMITH"},{"data":"Sword Boomerang","floor":15,"key":"SMITH"},{"data":"Pummel","floor":23,"key":"SMITH"},{"floor":24,"key":"REST"},{"data":"Offering","floor":25,"key":"SMITH"},{"floor":32,"key":"REST"},{"data":"Limit Break","floor":42,"key":"SMITH"},{"data":"Blind","floor":44,"key":"SMITH"},{"data":"HandOfGreed","floor":45,"key":"SMITH"},{"floor":49,"key":"REST"}],"neow_cost":"NONE","seed_source_timestamp":10051387840394,"circlet_count":0,"master_deck":["Strike_R","Strike_R","Defend_R","Defend_R","Defend_R","Defend_R+1","Bash+1","Pummel+1","Flex+1","Inflame+1","Carnage+1","Pummel+1","Sword Boomerang+1","Offering+1","Necronomicurse","Limit Break+1","Uppercut+1","HandOfGreed+1","Finesse","Blind+1","Clothesline+1"],"relics":["Runic Dome","WingedGreaves","Sundial","Busted Crown","Necronomicon","Red Mask","Blue Candle","Black Star","Meat on the Bone","Incense Burner","Potion Belt","Pantograph","Vajra","Du-Vu Doll","Unceasing Top"],"potions_floor_usage":[11,16,33,50,50],"damage_taken":[{"damage":6,"enemies":"Jaw Worm","floor":1,"turns":4},{"damage":6,"enemies":"2 Louse","floor":2,"turns":2},{"damage":0,"enemies":"Small Slimes","floor":11,"turns":1},{"damage":0,"enemies":"3 Louse","floor":13,"turns":2},{"damage":8,"enemies":"Exordium Thugs","floor":14,"turns":2},{"damage":14,"enemies":"Hexaghost","floor":16,"turns":4},{"damage":6,"enemies":"Chosen","floor":18,"turns":2},{"damage":6,"enemies":"Masked Bandits","floor":20,"turns":2},{"damage":14,"enemies":"3 Byrds","floor":21,"turns":3},{"damage":7,"enemies":"Cultist and Chosen","floor":27,"turns":3},{"damage":0,"enemies":"Sentry and Sphere","floor":29,"turns":2},{"damage":13,"enemies":"Automaton","floor":33,"turns":6},{"damage":0,"enemies":"Orb Walker","floor":35,"turns":2},{"damage":10,"enemies":"3 Darklings","floor":36,"turns":3},{"damage":38,"enemies":"Nemesis","floor":40,"turns":4},{"damage":6,"enemies":"Jaw Worm Horde","floor":46,"turns":2},{"damage":9,"enemies":"Giant Head","floor":47,"turns":3},{"damage":7,"enemies":"2 Orb Walkers","floor":48,"turns":2},{"damage":37,"enemies":"Awakened One","floor":50,"turns":3}],"seed_played":"-796514787769154693","potions_obtained":[{"floor":2,"key":"Swift Potion"},{"floor":13,"key":"Strength Potion"},{"floor":16,"key":"LiquidBronze"},{"floor":18,"key":"PowerPotion"},{"floor":21,"key":"SpeedPotion"},{"floor":35,"key":"Regen Potion"},{"floor":48,"key":"Strength Potion"}],"is_trial":false,"path_per_floor":["M","M","?","?","?","R","?","$","T","R","M","R","M","M","R","B",null,"M","?","?","M","$","R","R","R","T","M","$","M","?","$","R","B",null,"M","M","?","?","?","E","$","R","T","R","R","M","E","?","R","B",null],"character_chosen":"IRONCLAD","items_purchased":["Inflame","Carnage"],"campfire_rested":3,"item_purchase_floors":[8,8],"current_hp_per_floor":[74,68,68,52,45,45,45,45,45,45,45,45,45,37,37,23,80,74,58,52,38,38,38,62,62,62,55,55,55,40,40,65,52,85,85,75,75,65,65,39,39,39,39,39,39,45,48,41,65,44],"gold":242,"neow_bonus":"BOSS_RELIC","is_prod":false,"is_daily":false,"chose_seed":false,"campfire_upgraded":9,"win_rate":0,"timestamp":1555532646,"path_taken":["M","M","?","?","?","R","?","$","T","R","?","R","M","M","R","BOSS","M","?","?","M","$","R","R","R","T","M","$","M","?","?","R","BOSS","M","M","?","?","?","E","$","R","T","R","R","?","E","?","R","BOSS"],"build_version":"2019-01-23","purchased_purges":3,"victory":true,"max_hp_per_floor":[80,80,80,80,80,80,80,80,80,80,80,80,80,80,80,80,80,80,80,80,80,80,80,80,80,80,80,80,80,85,85,85,85,85,85,85,81,81,81,81,81,81,81,81,81,81,81,81,81,81],"card_choices":[{"not_picked":["Body Slam","Second Wind","Pummel"],"picked":"SKIP","floor":1},{"not_picked":["Body Slam","Second Wind"],"picked":"Pummel","floor":1},{"not_picked":["Intimidate","Rage"],"picked":"Flex","floor":2},{"not_picked":["True Grit","Shockwave"],"picked":"Pummel","floor":11},{"not_picked":["Clothesline","Spot Weakness"],"picked":"Sword Boomerang","floor":13},{"not_picked":["Rage","Iron Wave","Clothesline"],"picked":"SKIP","floor":14},{"not_picked":["Dark Embrace","Brutality"],"picked":"Offering","floor":16},{"not_picked":["Iron Wave"],"picked":"SKIP","floor":18},{"not_picked":["Thunderclap"],"picked":"SKIP","floor":21},{"not_picked":["Anger"],"picked":"SKIP","floor":27},{"not_picked":["Wild Strike+1"],"picked":"SKIP","floor":29},{"not_picked":[],"picked":"Limit Break","floor":33},{"not_picked":[],"picked":"Uppercut+1","floor":35},{"not_picked":["Clothesline"],"picked":"SKIP","floor":36},{"not_picked":[],"picked":"HandOfGreed","floor":38},{"not_picked":[],"picked":"Finesse","floor":38},{"not_picked":[],"picked":"Blind","floor":38},{"not_picked":["Corruption+1"],"picked":"SKIP","floor":40},{"not_picked":[],"picked":"Clothesline+1","floor":46},{"not_picked":["Warcry+1"],"picked":"SKIP","floor":47}],"player_experience":1244060,"relics_obtained":[{"floor":9,"key":"Sundial"},{"floor":19,"key":"Necronomicon"},{"floor":20,"key":"Red Mask"},{"floor":26,"key":"Blue Candle"},{"floor":40,"key":"Incense Burner"},{"floor":40,"key":"Potion Belt"},{"floor":43,"key":"Pantograph"},{"floor":47,"key":"Vajra"},{"floor":47,"key":"Du-Vu Doll"},{"floor":48,"key":"Unceasing Top"}],"event_choices":[{"damage_healed":0,"gold_gain":0,"player_choice":"Grow","damage_taken":0,"max_hp_gain":0,"max_hp_loss":0,"event_name":"Living Wall","floor":3,"gold_loss":0,"cards_upgraded":["Bash"]},{"damage_healed":0,"gold_gain":0,"player_choice":"Entered Light","damage_taken":16,"max_hp_gain":0,"max_hp_loss":0,"event_name":"Shining Light","floor":4,"gold_loss":0,"cards_upgraded":["Flex","Defend_R"]},{"damage_healed":0,"gold_gain":0,"player_choice":"Success","damage_taken":7,"relics_obtained":["WingedGreaves"],"max_hp_gain":0,"max_hp_loss":0,"event_name":"Scrap Ooze","floor":5,"gold_loss":0},{"damage_healed":0,"gold_gain":0,"player_choice":"Ignored","damage_taken":0,"max_hp_gain":0,"max_hp_loss":0,"event_name":"NoteForYourself","floor":7,"gold_loss":0},{"damage_healed":0,"gold_gain":0,"player_choice":"Obtained Book","damage_taken":16,"max_hp_gain":0,"max_hp_loss":0,"event_name":"Cursed Tome","floor":19,"gold_loss":0},{"damage_healed":0,"gold_gain":0,"player_choice":"Fought Bandits","damage_taken":0,"max_hp_gain":0,"max_hp_loss":0,"event_name":"Masked Bandits","floor":20,"gold_loss":0},{"damage_healed":0,"gold_gain":0,"player_choice":"Shed Blood","damage_taken":20,"max_hp_gain":5,"max_hp_loss":0,"event_name":"Forgotten Altar","floor":30,"gold_loss":0},{"damage_healed":0,"gold_gain":0,"player_choice":"Max HP","damage_taken":0,"max_hp_gain":0,"max_hp_loss":4,"event_name":"Winding Halls","floor":37,"gold_loss":0},{"damage_healed":0,"gold_gain":0,"player_choice":"Memory 3","damage_taken":10,"max_hp_gain":0,"max_hp_loss":0,"event_name":"SensoryStone","floor":38,"gold_loss":0},{"damage_healed":0,"gold_gain":0,"player_choice":"Gave Potion","damage_taken":0,"relics_obtained":["Meat on the Bone"],"max_hp_gain":0,"max_hp_loss":0,"event_name":"WeMeetAgain","floor":39,"gold_loss":0},{"damage_healed":0,"gold_gain":0,"player_choice":"Fight","damage_taken":0,"max_hp_gain":0,"max_hp_loss":0,"event_name":"Mysterious Sphere","floor":48,"gold_loss":0}],"is_beta":false,"boss_relics":[{"not_picked":["Philosopher\u0027s Stone","Velvet Choker"],"picked":"Busted Crown"},{"not_picked":["White Beast Statue","Runic Cube"],"picked":"Black Star"}],"items_purged_floors":[22,28,41],"is_endless":false,"potions_floor_spawned":[2,13,16,18,21,27,35,48],"ascension_level":0}