{"gold_per_floor":[113,124,144,156,156,189,208,208,208,37,50,50,66,87,87,191,191,202,221,221,221,234,261,261,277,277,277,294,219,229,429,429,429],"floor_reached":33,"playtime":3657,"items_purged":["Strike_R"],"score":321,"play_id":"1fc6865c-55e5-4940-bf55-f65cb890918c","local_time":"20190204224857","is_ascension_mode":false,"campfire_choices":[{"data":"Sword Boomerang","floor":8.0,"key":"SMITH"},{"data":"Flex","floor":12.0,"key":"SMITH"},{"floor":15.0,"key":"REST"},{"floor":24,"key":"REST"},{"data":"Sword Boomerang","floor":27,"key":"SMITH"},{"floor":32,"key":"REST"}],"neow_cost":"NONE","seed_source_timestamp":0,"circlet_count":0,"master_deck":["Strike_R+1","Strike_R","Strike_R","Defend_R","Defend_R","Defend_R","Defend_R","Bash","Whirlwind+1","Sword Boomerang+1","Rage","Cleave","Flex+1","Strike_R+1","Flex","Headbutt","Anger","Sword Boomerang+1","Flex","Shrug It Off","Shrug It Off+1"],"special_seed":0,"relics":["Black Blood","Lantern","Matryoshka","Boot","Odd Mushroom","Toxic Egg 2","Meat on the Bone","Bottled Lightning","Whetstone"],"potions_floor_usage":[28,33,33],"damage_taken":[{"damage":0.0,"enemies":"2 Louse","floor":1.0,"turns":1.0},{"damage":10.0,"enemies":"Cultist","floor":2.0,"turns":4.0},{"damage":5.0,"enemies":"Jaw Worm","floor":3.0,"turns":4.0},{"damage":7.0,"enemies":"Exordium Wildlife","floor":4.0,"turns":3.0},{"damage":36.0,"enemies":"Lagavulin","floor":6.0,"turns":7.0},{"damage":7.0,"enemies":"2 Fungi Beasts","floor":7.0,"turns":3.0},{"damage":0.0,"enemies":"Gremlin Gang","floor":11.0,"turns":1.0},{"damage":0.0,"enemies":"Large Slime","floor":13.0,"turns":4.0},{"damage":4.0,"enemies":"The Mushroom Lair","floor":14.0,"turns":2.0},{"damage":0.0,"enemies":"Slime Boss","floor":16.0,"turns":4.0},{"damage":0.0,"enemies":"3 Byrds","floor":18.0,"turns":2.0},{"damage":0.0,"enemies":"Chosen","floor":19.0,"turns":3.0},{"damage":17.0,"enemies":"Snecko","floor":22.0,"turns":5.0},{"damage":50.0,"enemies":"Book of Stabbing","floor":23.0,"turns":5.0},{"damage":23,"enemies":"Snake Plant","floor":25,"turns":4},{"damage":22,"enemies":"Cultist and Chosen","floor":28,"turns":5},{"damage":22,"enemies":"Snecko","floor":30,"turns":5},{"damage":91,"enemies":"Champ","floor":33,"turns":11}],"seed_played":"6187097756725147852","potions_obtained":[{"floor":1.0,"key":"FearPotion"},{"floor":4.0,"key":"LiquidBronze"},{"floor":7.0,"key":"SkillPotion"},{"floor":13.0,"key":"SkillPotion"},{"floor":14.0,"key":"Fire Potion"},{"floor":22.0,"key":"PowerPotion"},{"floor":23.0,"key":"Poison Potion"},{"floor":28,"key":"Strength Potion"}],"is_trial":false,"path_per_floor":["M","M","M","M","?","E","M","R","T","$","M","R","M","?","R","B",null,"M","M","?","?","M","E","R","M","T","R","M","$","M","?","R","B"],"character_chosen":"IRONCLAD","items_purchased":["Boot","Headbutt"],"campfire_rested":3,"item_purchase_floors":[10,10],"current_hp_per_floor":[80,76,77,76,76,46,45,45,45,45,51,51,57,59,80,80,80,80,80,80,80,73,33,57,56,56,56,56,56,56,56,80,0],"gold":429,"neow_bonus":"THREE_CARDS","is_prod":false,"is_daily":false,"chose_seed":false,"campfire_upgraded":3,"win_rate":0.0,"timestamp":1549342137,"path_taken":["M","M","M","M","?","E","M","R","T","$","?","R","M","?","R","BOSS","M","M","?","?","?","E","R","M","T","R","M","$","M","?","R","BOSS"],"build_version":"2019-01-23","purchased_purges":1,"victory":false,"max_hp_per_floor":[80,80,80,80,80,80,80,80,80,80,80,80,80,80,80,80,80,80,80,80,80,80,80,80,80,80,80,80,80,80,80,80,80],"card_choices":[{"not_picked":["Shockwave","True Grit"],"picked":"Whirlwind","floor":0.0},{"not_picked":["Warcry","Clothesline"],"picked":"Sword Boomerang","floor":1.0},{"not_picked":["Thunderclap","Warcry"],"picked":"Rage","floor":2.0},{"not_picked":["True Grit","Shockwave"],"picked":"Cleave","floor":3.0},{"not_picked":["Warcry","Cleave"],"picked":"Flex","floor":4.0},{"not_picked":["Dropkick","Whirlwind","Heavy Blade"],"picked":"SKIP","floor":6.0},{"not_picked":["Clash","Perfected Strike"],"picked":"Flex","floor":7.0},{"not_picked":["True Grit","Dropkick"],"picked":"Anger","floor":11.0},{"not_picked":["Bludgeon","Flex"],"picked":"Sword Boomerang","floor":13.0},{"not_picked":["Pommel Strike","Corruption"],"picked":"Flex","floor":14.0},{"not_picked":["Pommel Strike+1","Second Wind"],"picked":"Shrug It Off","floor":18.0},{"not_picked":["Searing Blow","Heavy Blade","Power Through"],"picked":"SKIP","floor":19.0},{"not_picked":["Dropkick","Shockwave+1","True Grit+1"],"picked":"SKIP","floor":22.0},{"not_picked":["Body Slam","Heavy Blade","Wild Strike+1"],"picked":"SKIP","floor":23.0},{"not_picked":["Sword Boomerang","Anger"],"picked":"Shrug It Off+1","floor":25},{"not_picked":["Iron Wave+1","True Grit+1","Blood for Blood+1"],"picked":"SKIP","floor":28},{"not_picked":["Rampage+1","Clothesline","Feed"],"picked":"SKIP","floor":30}],"player_experience":28308,"relics_obtained":[{"floor":6.0,"key":"Lantern"},{"floor":9.0,"key":"Matryoshka"},{"floor":14.0,"key":"Odd Mushroom"},{"floor":23.0,"key":"Meat on the Bone"},{"floor":26,"key":"Bottled Lightning"},{"floor":26,"key":"Whetstone"}],"event_choices":[{"cards_removed":["Strike_R"],"damage_healed":0.0,"max_hp_gain":0.0,"max_hp_loss":0.0,"gold_gain":0.0,"event_name":"NoteForYourself","player_choice":"Took Card","floor":5.0,"gold_loss":0.0,"damage_taken":0.0,"cards_obtained":["Strike_R"]},{"damage_healed":0.0,"max_hp_gain":0.0,"max_hp_loss":0.0,"gold_gain":0.0,"event_name":"Mushrooms","player_choice":"Fought Mushrooms","floor":14.0,"gold_loss":0.0,"damage_taken":0.0},{"damage_healed":0.0,"max_hp_gain":0.0,"max_hp_loss":0.0,"gold_gain":0.0,"event_name":"The Mausoleum","player_choice":"Opened","floor":20.0,"gold_loss":0.0,"damage_taken":0.0,"relics_obtained":["Toxic Egg 2"]},{"damage_healed":0.0,"max_hp_gain":0.0,"max_hp_loss":0.0,"gold_gain":0.0,"event_name":"Upgrade Shrine","player_choice":"Upgraded","floor":21.0,"gold_loss":0.0,"damage_taken":0.0,"cards_upgraded":["Whirlwind"]},{"damage_healed":0,"gold_gain":200,"player_choice":"Gold","damage_taken":0,"max_hp_gain":0,"max_hp_loss":0,"event_name":"Wheel of Change","floor":31,"gold_loss":0}],"is_beta":false,"boss_relics":[{"not_picked":["Philosopher\u0027s Stone","Runic Dome"],"picked":"Black Blood"}],"items_purged_floors":[29],"is_endless":false,"potions_floor_spawned":[1,4,7,13,14,22,23,28],"killed_by":"Champ","ascension_level":0}