{"gold_per_floor":[110,110,124,137,150,150,171,171,171,190,209,209,225,4,4,124,124,143,68,81,97,115,115,134,134,134,168,16,16,30,73,73,193,193,212,87,87,420,90,90,116,116,167,495,495,527,45,56,56,56],"floor_reached":51,"playtime":3839,"items_purged":["Strike_G","Defend_G","Strike_G","Blade Dance"],"score":1166,"play_id":"dce8370d-3bbb-43c3-a9b6-e13403cd1986","local_time":"20190422144505","is_ascension_mode":true,"campfire_choices":[{"data":"Concentrate","floor":6.0,"key":"SMITH"},{"floor":8.0,"key":"REST"},{"data":"Apotheosis","floor":15.0,"key":"SMITH"},{"floor":23.0,"key":"REST"},{"floor":25.0,"key":"RECALL"},{"floor":29.0,"key":"REST"},{"data":"Calculated Gamble","floor":32.0,"key":"SMITH"},{"data":"Footwork","floor":40.0,"key":"SMITH"},{"floor":42.0,"key":"REST"},{"data":"Tactician","floor":45.0,"key":"SMITH"},{"floor":49.0,"key":"REST"}],"neow_cost":"NONE","seed_source_timestamp":13995929684550,"circlet_count":0,"master_deck":["Defend_G","Defend_G","Defend_G","Defend_G","Strike_G","Survivor","Neutralize","Tactician+1","Cloak And Dagger","Well Laid Plans","Concentrate+1","Dagger Throw","Masterful Stab","Bouncing Flask","Die Die Die","Deflect","Apotheosis+1","Corpse Explosion","Prepared","Deadly Poison","Concentrate+1","Blur+1","Calculated Gamble+1","Acrobatics","Storm of Steel","Catalyst","Footwork+1","Footwork","Crippling Poison"],"special_seed":0,"relics":["Ring of the Serpent","Tough Bandages","Runic Pyramid","Calipers","Red Mask","Ninja Scroll","Bottled Lightning","Ice Cream","Smiling Mask","Old Coin","Paper Crane","Mango"],"potions_floor_usage":[],"damage_taken":[{"damage":5.0,"enemies":"2 Louse","floor":1.0,"turns":4.0},{"damage":4.0,"enemies":"Small Slimes","floor":3.0,"turns":5.0},{"damage":5.0,"enemies":"Cultist","floor":4.0,"turns":5.0},{"damage":13.0,"enemies":"Exordium Thugs","floor":5.0,"turns":7.0},{"damage":12.0,"enemies":"3 Louse","floor":7.0,"turns":8.0},{"damage":0.0,"enemies":"Looter","floor":10.0,"turns":5.0},{"damage":0.0,"enemies":"Exordium Wildlife","floor":11.0,"turns":3.0},{"damage":0.0,"enemies":"Large Slime","floor":13.0,"turns":4.0},{"damage":0.0,"enemies":"Hexaghost","floor":16.0,"turns":9.0},{"damage":9.0,"enemies":"Shell Parasite","floor":18.0,"turns":4.0},{"damage":0.0,"enemies":"3 Byrds","floor":20.0,"turns":2.0},{"damage":2.0,"enemies":"Centurion and Healer","floor":21.0,"turns":6.0},{"damage":0.0,"enemies":"Snecko","floor":22.0,"turns":4.0},{"damage":0.0,"enemies":"3 Cultists","floor":24.0,"turns":4.0},{"damage":24.0,"enemies":"Masked Bandits","floor":27.0,"turns":4.0},{"damage":7.0,"enemies":"Centurion and Healer","floor":30.0,"turns":5.0},{"damage":8.0,"enemies":"Book of Stabbing","floor":31.0,"turns":5.0},{"damage":6.0,"enemies":"Champ","floor":33.0,"turns":11.0},{"damage":0.0,"enemies":"3 Shapes","floor":35.0,"turns":5.0},{"damage":13.0,"enemies":"Reptomancer","floor":41.0,"turns":6.0},{"damage":0.0,"enemies":"Giant Head","floor":44.0,"turns":7.0},{"damage":8.0,"enemies":"Nemesis","floor":46.0,"turns":7.0},{"damage":1.0,"enemies":"3 Darklings","floor":48.0,"turns":2.0},{"damage":15,"enemies":"Donu and Deca","floor":50,"turns":8}],"seed_played":"-8838831843968028890","potions_obtained":[{"floor":3.0,"key":"Poison Potion"},{"floor":10.0,"key":"SkillPotion"},{"floor":13.0,"key":"Explosive Potion"},{"floor":16.0,"key":"Energy Potion"},{"floor":18.0,"key":"LiquidBronze"},{"floor":20.0,"key":"SteroidPotion"},{"floor":22.0,"key":"Fire Potion"},{"floor":30.0,"key":"GhostInAJar"},{"floor":35.0,"key":"Fire Potion"},{"floor":44.0,"key":"Fruit Juice"}],"is_trial":false,"path_per_floor":["M","?","M","M","M","R","M","R","T","M","M","?","M","$","R","B",null,"M","$","M","M","M","R","M","R","T","?","$","R","M","E","R","B",null,"M","$","?","?","$","R","E","R","T","E","R","E","$","M","R","B",null],"character_chosen":"THE_SILENT","items_purchased":["Apotheosis","Blade Dance","PowerPotion","Bottled Lightning","Footwork","Footwork","Mango","Swift Potion"],"campfire_rested":5,"item_purchase_floors":[14,14,28,39,39,47,47,47],"current_hp_per_floor":[65,46,42,37,24,24,12,35,35,35,35,35,35,35,35,35,67,58,58,58,56,56,77,77,77,77,53,53,76,69,61,61,55,72,72,72,72,72,72,72,59,77,77,82,82,74,88,87,96,81],"gold":56,"neow_bonus":"TEN_PERCENT_HP_BONUS","is_prod":false,"is_daily":false,"chose_seed":false,"campfire_upgraded":5,"win_rate":0,"timestamp":1555911905,"path_taken":["M","?","M","M","M","R","M","R","T","M","M","?","?","$","R","BOSS","M","$","M","M","M","R","M","R","T","?","$","R","M","E","R","BOSS","M","$","?","?","$","R","E","R","T","E","R","E","?","?","R","BOSS"],"build_version":"2019-01-23","purchased_purges":4,"victory":true,"max_hp_per_floor":[77,77,77,77,77,77,77,77,77,77,77,77,77,77,77,77,77,77,77,77,77,77,77,77,77,77,77,77,77,77,77,77,77,77,77,77,77,77,77,77,77,77,77,82,82,82,96,96,96,96],"card_choices":[{"not_picked":["Bane","Skewer"],"picked":"Tactician","floor":1.0},{"not_picked":["Terror","Deflect"],"picked":"Cloak And Dagger","floor":3.0},{"not_picked":["Choke","Distraction"],"picked":"Well Laid Plans","floor":4.0},{"not_picked":["Flechettes","Outmaneuver"],"picked":"Concentrate","floor":5.0},{"not_picked":["Underhanded Strike","Bane"],"picked":"Dagger Throw","floor":7.0},{"not_picked":["Distraction","Bane"],"picked":"Masterful Stab","floor":10.0},{"not_picked":["Well Laid Plans","PiercingWail"],"picked":"Bouncing Flask","floor":11.0},{"not_picked":["Dagger Throw","Quick Slash"],"picked":"Deflect","floor":13.0},{"not_picked":["Envenom","After Image"],"picked":"Corpse Explosion","floor":16.0},{"not_picked":["Deadly Poison","Dagger Spray+1"],"picked":"Prepared","floor":18.0},{"not_picked":["Underhanded Strike+1","Dagger Throw","Dodge and Roll"],"picked":"SKIP","floor":20.0},{"not_picked":["Skewer","Flying Knee"],"picked":"Deadly Poison","floor":21.0},{"not_picked":["Endless Agony","Distraction"],"picked":"Concentrate+1","floor":22.0},{"not_picked":["Leg Sweep","Distraction","Prepared"],"picked":"SKIP","floor":24.0},{"not_picked":["Bouncing Flask","A Thousand Cuts"],"picked":"Blur+1","floor":27.0},{"not_picked":["Flying Knee","Blade Dance"],"picked":"Calculated Gamble","floor":30.0},{"not_picked":["Flying Knee","Prepared"],"picked":"Acrobatics","floor":31.0},{"not_picked":["Unload","Corpse Explosion"],"picked":"Storm of Steel","floor":33.0},{"not_picked":["Bane+1","Blade Dance"],"picked":"Catalyst","floor":35.0},{"not_picked":["All Out Attack","Acrobatics+1","Poisoned Stab"],"picked":"SKIP","floor":41.0},{"not_picked":["Flying Knee","Dash+1","Concentrate"],"picked":"SKIP","floor":44.0},{"not_picked":["Underhanded Strike+1","Deadly Poison","Dagger Throw+1"],"picked":"SKIP","floor":46.0},{"not_picked":["Deadly Poison","Flying Knee+1"],"picked":"Crippling Poison","floor":48.0}],"player_experience":665479,"relics_obtained":[{"floor":9.0,"key":"Tough Bandages"},{"floor":26.0,"key":"Calipers"},{"floor":27.0,"key":"Red Mask"},{"floor":31.0,"key":"Ninja Scroll"},{"floor":41.0,"key":"Ice Cream"},{"floor":43.0,"key":"Smiling Mask"},{"floor":44.0,"key":"Old Coin"},{"floor":46.0,"key":"Paper Crane"}],"event_choices":[{"damage_healed":0.0,"max_hp_gain":0.0,"max_hp_loss":0.0,"gold_gain":0.0,"event_name":"Golden Idol","player_choice":"Take Damage","floor":2.0,"gold_loss":0.0,"damage_taken":19.0,"relics_obtained":["Golden Idol"]},{"damage_healed":0.0,"max_hp_gain":0.0,"max_hp_loss":0.0,"gold_gain":0.0,"cards_transformed":["Strike_G"],"event_name":"Transmorgrifier","player_choice":"Transformed","floor":12.0,"gold_loss":0.0,"damage_taken":0.0,"cards_obtained":["Die Die Die"]},{"damage_healed":0.0,"max_hp_gain":0.0,"max_hp_loss":0.0,"gold_gain":0.0,"event_name":"Masked Bandits","player_choice":"Fought Bandits","floor":27.0,"gold_loss":0.0,"damage_taken":0.0},{"cards_removed":["Strike_G"],"damage_healed":0.0,"max_hp_gain":0.0,"max_hp_loss":0.0,"gold_gain":0.0,"event_name":"Falling","player_choice":"Removed Attack","floor":37.0,"gold_loss":0.0,"damage_taken":0.0},{"damage_healed":0.0,"max_hp_gain":0.0,"max_hp_loss":0.0,"gold_gain":333.0,"event_name":"The Moai Head","player_choice":"Gave Idol","floor":38.0,"relics_lost":["Golden Idol"],"gold_loss":0.0,"damage_taken":0.0}],"is_beta":false,"boss_relics":[{"not_picked":["Tiny House","Runic Dome"],"picked":"Runic Pyramid"},{"not_picked":["Philosopher\u0027s Stone","HoveringKite"],"picked":"Ring of the Serpent"}],"items_purged_floors":[19,28,36,47],"is_endless":false,"potions_floor_spawned":[3,10,13,16,18,20,21,22,30,35,44],"ascension_level":8}