{"gold_per_floor":[117,45,45,59,74,104,104,137,137,137,152,181,194,225,225,326,326,314,3,3,21,32,32,43,53,128,128,128,128,128,148,148,247,247,265,278,378,394,394,405,405,420,469,469,61,61,80,98,98,98],"floor_reached":51,"playtime":3798,"items_purged":[],"score":903,"play_id":"07568f87-f136-4d34-81ae-24cb38ef742e","local_time":"20190330141104","is_ascension_mode":true,"campfire_choices":[{"data":"Shrug It Off","floor":7.0,"key":"SMITH"},{"data":"Spot Weakness","floor":15.0,"key":"SMITH"},{"data":"Barricade","floor":23.0,"key":"SMITH"},{"data":"Flame Barrier","floor":27.0,"key":"SMITH"},{"data":"Pommel Strike","floor":30.0,"key":"SMITH"},{"data":"Pommel Strike","floor":32.0,"key":"SMITH"},{"data":"Shrug It Off","floor":41,"key":"SMITH"},{"data":"Bite","floor":44,"key":"SMITH"},{"data":"Whirlwind","floor":49,"key":"SMITH"}],"neow_cost":"NONE","seed_source_timestamp":0,"circlet_count":0,"master_deck":["Defend_R","Defend_R","Defend_R","Defend_R","Bash","Pommel Strike+1","Shrug It Off+1","Pommel Strike+1","Clothesline","Shrug It Off+1","Spot Weakness+1","Shrug It Off+1","Flame Barrier+1","Pommel Strike","Barricade+1","Shockwave+1","Shrug It Off+1","Bite+1","Bite","Bite","Bite","Bite","Decay","Limit Break+1","Carnage+1","Evolve+1","Shrug It Off+1","Power Through+1","Panache","Limit Break+1","Mayhem","Whirlwind+1","Parasite"],"special_seed":0,"relics":["Coffee Dripper","Blood Vial","The Courier","Shuriken","Boot","Darkstone Periapt","Lizard Tail","Happy Flower","Toxic Egg 2","Pear","Sozu","Mango","Pen Nib","Art of War"],"potions_floor_usage":[],"damage_taken":[{"damage":0.0,"enemies":"Cultist","floor":1.0,"turns":2.0},{"damage":0.0,"enemies":"Small Slimes","floor":4.0,"turns":3.0},{"damage":4.0,"enemies":"Jaw Worm","floor":5.0,"turns":3.0},{"damage":5.0,"enemies":"3 Sentries","floor":6.0,"turns":7.0},{"damage":15.0,"enemies":"Gremlin Nob","floor":8.0,"turns":3.0},{"damage":6.0,"enemies":"3 Louse","floor":11.0,"turns":2.0},{"damage":5.0,"enemies":"3 Sentries","floor":12.0,"turns":7.0},{"damage":0.0,"enemies":"Exordium Wildlife","floor":13.0,"turns":3.0},{"damage":2.0,"enemies":"Gremlin Nob","floor":14.0,"turns":3.0},{"damage":9.0,"enemies":"The Guardian","floor":16.0,"turns":8.0},{"damage":20.0,"enemies":"2 Thieves","floor":18.0,"turns":4.0},{"damage":16.0,"enemies":"Colosseum Slavers","floor":20.0,"turns":6.0},{"damage":0.0,"enemies":"3 Byrds","floor":21.0,"turns":4.0},{"damage":0.0,"enemies":"Snecko","floor":22.0,"turns":6.0},{"damage":16.0,"enemies":"Centurion and Healer","floor":24.0,"turns":6.0},{"damage":7.0,"enemies":"Snake Plant","floor":25.0,"turns":3.0},{"damage":0.0,"enemies":"Cultist and Chosen","floor":31.0,"turns":6.0},{"damage":61.0,"enemies":"Automaton","floor":33.0,"turns":14.0},{"damage":18.0,"enemies":"3 Darklings","floor":35.0,"turns":5.0},{"damage":9.0,"enemies":"3 Shapes","floor":36.0,"turns":4.0},{"damage":10.0,"enemies":"Mind Bloom Boss Battle","floor":37.0,"turns":7.0},{"damage":23.0,"enemies":"Writhing Mass","floor":38.0,"turns":6.0},{"damage":16,"enemies":"Jaw Worm Horde","floor":40,"turns":4},{"damage":0,"enemies":"Spire Growth","floor":42,"turns":6},{"damage":16,"enemies":"Maw","floor":47,"turns":6},{"damage":0,"enemies":"Writhing Mass","floor":48,"turns":7},{"damage":57,"enemies":"Awakened One","floor":50,"turns":8}],"seed_played":"-5628401950370353069","potions_obtained":[{"floor":1.0,"key":"Poison Potion"},{"floor":5.0,"key":"LiquidBronze"},{"floor":8.0,"key":"FearPotion"},{"floor":14.0,"key":"Ancient Potion"},{"floor":16.0,"key":"Strength Potion"},{"floor":21.0,"key":"Explosive Potion"},{"floor":24.0,"key":"SpeedPotion"}],"is_trial":false,"path_per_floor":["M","$","?","M","M","E","R","E","T","?","M","E","M","E","R","B",null,"M","$","?","M","M","R","M","M","T","R","?","?","R","M","R","B",null,"M","M","?","M","?","M","R","M","T","R","$","?","M","M","R","B",null],"character_chosen":"IRONCLAD","items_purchased":["Shrug It Off","Pommel Strike","Happy Flower","Toxic Egg 2","Panache","Art of War","Limit Break+1"],"campfire_rested":0,"item_purchase_floors":[2,2,19,19,45,45,45],"current_hp_per_floor":[72,72,72,72,68,63,63,50,50,50,46,43,45,45,45,38,70,52,52,38,40,42,42,28,23,33,33,33,39,39,51,51,8,54,48,47,69,64,64,58,58,70,70,70,70,70,71,84,84,34],"gold":98,"neow_bonus":"BOSS_RELIC","is_prod":false,"is_daily":false,"chose_seed":false,"campfire_upgraded":9,"win_rate":0,"timestamp":1553973064,"path_taken":["M","$","?","M","M","E","R","E","T","?","?","E","M","E","R","BOSS","M","$","?","M","M","R","M","M","T","R","?","?","R","M","R","BOSS","M","M","?","M","?","M","R","M","T","R","$","?","M","M","R","BOSS"],"build_version":"2019-01-23","purchased_purges":0,"victory":true,"max_hp_per_floor":[80,80,80,80,80,80,80,80,80,80,80,80,80,80,80,80,80,80,80,80,80,80,80,80,80,90,90,63,69,69,69,69,69,69,69,69,83,83,83,83,83,83,83,83,83,83,83,89,89,89],"card_choices":[{"not_picked":["Rampage","Headbutt"],"picked":"Pommel Strike","floor":1.0},{"not_picked":["Clash","Headbutt"],"picked":"Clothesline","floor":4.0},{"not_picked":["Clash","Body Slam"],"picked":"Shrug It Off","floor":5.0},{"not_picked":["Fire Breathing","Evolve"],"picked":"Spot Weakness","floor":6.0},{"not_picked":["Corruption","Evolve"],"picked":"Shrug It Off","floor":8.0},{"not_picked":["Offering","Headbutt","Dropkick"],"picked":"SKIP","floor":11.0},{"not_picked":["Clash","Inflame"],"picked":"Flame Barrier","floor":12.0},{"not_picked":["Anger","Body Slam"],"picked":"Pommel Strike","floor":13.0},{"not_picked":["Rage","Clothesline","Second Wind"],"picked":"SKIP","floor":14.0},{"not_picked":["Immolate","Double Tap"],"picked":"Barricade","floor":16.0},{"not_picked":["Sword Boomerang","Rampage","Body Slam"],"picked":"SKIP","floor":18.0},{"not_picked":["Sever Soul","Heavy Blade"],"picked":"Shockwave+1","floor":21.0},{"not_picked":["Perfected Strike","Inflame+1"],"picked":"Shrug It Off+1","floor":22.0},{"not_picked":["Cleave","Anger","Headbutt"],"picked":"SKIP","floor":24.0},{"not_picked":["Heavy Blade","Twin Strike","Bloodletting+1"],"picked":"SKIP","floor":25.0},{"not_picked":["Corruption+1","Dual Wield+1","Bloodletting+1"],"picked":"SKIP","floor":31.0},{"not_picked":["Bludgeon","Exhume+1"],"picked":"Limit Break+1","floor":33.0},{"not_picked":["Havoc+1","Clothesline"],"picked":"Carnage+1","floor":35.0},{"not_picked":["Blood for Blood","Sever Soul+1"],"picked":"Evolve+1","floor":36.0},{"not_picked":["Hemokinesis+1","Headbutt+1"],"picked":"Shrug It Off+1","floor":37.0},{"not_picked":["Pummel","Havoc+1","Evolve"],"picked":"SKIP","floor":38.0},{"not_picked":["Intimidate+1","Warcry+1"],"picked":"Power Through+1","floor":40},{"not_picked":["Iron Wave+1","Rage+1","Headbutt+1"],"picked":"SKIP","floor":42},{"not_picked":["Flash of Steel","Forethought+1"],"picked":"Mayhem","floor":46},{"not_picked":["Cleave+1","Heavy Blade+1"],"picked":"Whirlwind","floor":47},{"not_picked":["Rupture+1","Rage+1","Heavy Blade+1"],"picked":"SKIP","floor":48}],"player_experience":341031,"relics_obtained":[{"floor":6.0,"key":"Blood Vial"},{"floor":8.0,"key":"The Courier"},{"floor":9.0,"key":"Shuriken"},{"floor":12.0,"key":"Boot"},{"floor":14.0,"key":"Darkstone Periapt"},{"floor":26.0,"key":"Pear"},{"floor":37.0,"key":"Mango"},{"floor":43,"key":"Pen Nib"}],"event_choices":[{"damage_healed":0.0,"max_hp_gain":0.0,"max_hp_loss":0.0,"gold_gain":0.0,"event_name":"Living Wall","player_choice":"Grow","floor":3.0,"gold_loss":0.0,"damage_taken":0.0,"cards_upgraded":["Shrug It Off"]},{"cards_removed":["Strike_R"],"damage_healed":0.0,"max_hp_gain":0.0,"max_hp_loss":0.0,"gold_gain":0.0,"event_name":"Bonfire Elementals","player_choice":"Offered Basic","floor":10.0,"gold_loss":0.0,"damage_taken":0.0},{"damage_healed":0.0,"max_hp_gain":0.0,"max_hp_loss":0.0,"gold_gain":0.0,"event_name":"Colosseum","player_choice":"Fight","floor":20.0,"gold_loss":0.0,"damage_taken":0.0},{"damage_healed":0.0,"max_hp_gain":0.0,"max_hp_loss":0.0,"gold_gain":0.0,"event_name":"Colosseum","player_choice":"Fled From Nobs","floor":20.0,"gold_loss":0.0,"damage_taken":0.0},{"damage_healed":0.0,"max_hp_gain":0.0,"max_hp_loss":27.0,"gold_gain":0.0,"event_name":"Vampires","player_choice":"Became a vampire","floor":28.0,"gold_loss":0.0,"damage_taken":0.0,"cards_obtained":["Bite","Bite","Bite","Bite","Bite"]},{"damage_healed":0.0,"max_hp_gain":0.0,"max_hp_loss":0.0,"gold_gain":0.0,"event_name":"Forgotten Altar","player_choice":"Smashed Altar","floor":29.0,"gold_loss":0.0,"damage_taken":0.0,"cards_obtained":["Decay"]},{"damage_healed":0.0,"max_hp_gain":0.0,"max_hp_loss":0.0,"gold_gain":0.0,"event_name":"MindBloom","player_choice":"Fight","floor":37.0,"gold_loss":0.0,"damage_taken":0.0},{"damage_healed":0,"gold_gain":0,"player_choice":"Ignored","damage_taken":0,"max_hp_gain":0,"max_hp_loss":0,"event_name":"Mysterious Sphere","floor":39,"gold_loss":0},{"damage_healed":0,"gold_gain":0,"player_choice":"Memory 1","damage_taken":0,"max_hp_gain":0,"max_hp_loss":0,"event_name":"SensoryStone","floor":46,"gold_loss":0}],"is_beta":false,"boss_relics":[{"not_picked":["Runic Cube","Ectoplasm"],"picked":"Lizard Tail"},{"not_picked":["Calling Bell","Empty Cage"],"picked":"Sozu"}],"items_purged_floors":[],"is_endless":false,"potions_floor_spawned":[1,5,8,14,16,20,21,24,35,38,40],"ascension_level":6}