{"gold_per_floor":[114,64,74,94,94,94,124,124,170,190,190,206,206,217,217,318,368,381,401,401,401,54,54,72,72,72,72,86,86,103,7,7,7],"floor_reached":33,"playtime":940,"items_purged":["Strike_B","Strike_B"],"score":395,"play_id":"dfa6bd5f-c8b4-4774-b282-7cf93e8a0f7b","local_time":"20181221211319","is_ascension_mode":true,"campfire_choices":[{"data":"Dualcast","floor":6,"key":"SMITH"},{"data":"Barrage","floor":8,"key":"SMITH"},{"data":"Turbo","floor":11,"key":"SMITH"},{"data":"Coolheaded","floor":13,"key":"SMITH"},{"data":"Ball Lightning","floor":15,"key":"SMITH"},{"data":"FTL","floor":23,"key":"SMITH"},{"data":"Self Repair","floor":25,"key":"SMITH"},{"data":"Ball Lightning","floor":27,"key":"SMITH"},{"data":"Coolheaded","floor":32,"key":"SMITH"}],"neow_cost":"NONE","seed_source_timestamp":45203609110200,"circlet_count":0,"master_deck":["AscendersBane","Strike_B","Defend_B","Defend_B","Defend_B","Zap+1","Dualcast+1","Coolheaded+1","Ball Lightning+1","Barrage+1","Ball Lightning+1","Turbo+1","Self Repair+1","Core Surge+1","Ball Lightning","Melter","FTL+1","FTL+1","Coolheaded+1","Leap"],"relics":["Cracked Core","DataDisk","Smiling Mask","Tiny House","Ginger","Symbiotic Virus"],"potions_floor_usage":[7,7,12,18,28,33],"damage_taken":[{"damage":2,"enemies":"Jaw Worm","floor":1,"turns":3},{"damage":5,"enemies":"Small Slimes","floor":3,"turns":5},{"damage":1,"enemies":"Cultist","floor":4,"turns":3},{"damage":2,"enemies":"Gremlin Nob","floor":7,"turns":3},{"damage":3,"enemies":"Looter","floor":10,"turns":2},{"damage":10,"enemies":"3 Louse","floor":12,"turns":2},{"damage":0,"enemies":"Large Slime","floor":14,"turns":2},{"damage":26,"enemies":"Hexaghost","floor":16,"turns":9},{"damage":1,"enemies":"3 Byrds","floor":18,"turns":2},{"damage":23,"enemies":"Shell Parasite","floor":19,"turns":4},{"damage":4,"enemies":"Centurion and Healer","floor":24,"turns":7},{"damage":21,"enemies":"Shelled Parasite and Fungi","floor":28,"turns":3},{"damage":12,"enemies":"Chosen and Byrds","floor":30,"turns":3},{"damage":63,"enemies":"Collector","floor":33,"turns":7}],"seed_played":"-7053223806658025611","potions_obtained":[{"floor":3,"key":"Poison Potion"},{"floor":4,"key":"Fire Potion"},{"floor":7,"key":"PowerPotion"},{"floor":16,"key":"PowerPotion"},{"floor":17,"key":"LiquidBronze"},{"floor":24,"key":"AttackPotion"},{"floor":28,"key":"GamblersBrew"}],"is_trial":false,"path_per_floor":["M","?","M","M","?","R","E","R","T","M","R","M","R","M","R","B",null,"M","M","?","?","$","R","M","R","T","R","M","?","M","$","R","B"],"character_chosen":"DEFECT","items_purchased":["Ginger","Leap"],"campfire_rested":0,"item_purchase_floors":[22,31],"current_hp_per_floor":[66,66,61,60,60,60,58,58,58,55,55,45,45,45,45,26,68,67,51,77,77,77,77,80,80,80,80,59,51,49,49,49,0],"gold":7,"neow_bonus":"UPGRADE_CARD","is_prod":false,"is_daily":false,"chose_seed":false,"campfire_upgraded":9,"win_rate":0,"timestamp":1545423199,"path_taken":["M","?","M","M","?","R","E","R","T","M","R","M","R","?","R","BOSS","M","M","?","?","$","R","M","R","T","R","M","?","?","?","R","BOSS"],"build_version":"2018-12-20","purchased_purges":2,"victory":false,"max_hp_per_floor":[75,75,75,75,75,75,75,75,75,75,75,75,75,75,75,75,80,80,80,80,80,80,80,80,80,80,80,80,80,80,80,80,80],"card_choices":[{"not_picked":["Go for the Eyes","Ball Lightning"],"picked":"Coolheaded","floor":1},{"not_picked":["Steam","Hologram"],"picked":"Ball Lightning","floor":3},{"not_picked":["Redo","Steam"],"picked":"Barrage","floor":4},{"not_picked":["Sunder","Gash"],"picked":"Ball Lightning","floor":7},{"not_picked":["Static Discharge","Heatsinks"],"picked":"Turbo","floor":10},{"not_picked":["Chaos","Amplify"],"picked":"Self Repair","floor":12},{"not_picked":["Steam","Steam Power","Rebound"],"picked":"SKIP","floor":14},{"not_picked":["Thunder Strike","Reboot"],"picked":"Core Surge","floor":16},{"not_picked":["Go for the Eyes","Lockon"],"picked":"Ball Lightning","floor":17},{"not_picked":["Beam Cell","Gash+1"],"picked":"Melter","floor":18},{"not_picked":["Fusion","Scrape+1"],"picked":"FTL","floor":19},{"not_picked":["Loop","Hologram"],"picked":"FTL+1","floor":24},{"not_picked":["Chaos","Rip and Tear"],"picked":"Coolheaded","floor":28},{"not_picked":["Hello World","Hologram","Compile Driver"],"picked":"SKIP","floor":30}],"player_experience":307572,"relics_obtained":[{"floor":7,"key":"DataDisk"},{"floor":9,"key":"Smiling Mask"},{"floor":26,"key":"Symbiotic Virus"}],"event_choices":[{"cards_removed":["Strike_B"],"damage_healed":0,"gold_gain":0,"player_choice":"Card Removal","damage_taken":0,"max_hp_gain":0,"max_hp_loss":0,"event_name":"The Cleric","floor":2,"gold_loss":50},{"cards_removed":["Defend_B"],"damage_healed":0,"gold_gain":0,"player_choice":"Offered Basic","damage_taken":0,"max_hp_gain":0,"max_hp_loss":0,"event_name":"Bonfire Elementals","floor":5,"gold_loss":0},{"damage_healed":26,"gold_gain":0,"player_choice":"Heal","damage_taken":0,"max_hp_gain":0,"max_hp_loss":0,"event_name":"The Library","floor":20,"gold_loss":0},{"damage_healed":0,"gold_gain":0,"player_choice":"Ignored","damage_taken":0,"max_hp_gain":0,"max_hp_loss":0,"event_name":"Cursed Tome","floor":21,"gold_loss":0},{"damage_healed":0,"gold_gain":0,"player_choice":"Damaged","damage_taken":8,"max_hp_gain":0,"max_hp_loss":0,"event_name":"Wheel of Change","floor":29,"gold_loss":0}],"is_beta":false,"boss_relics":[{"not_picked":["Black Star","Ectoplasm"],"picked":"Tiny House"}],"items_purged_floors":[22,31],"is_endless":false,"potions_floor_spawned":[3,4,7,16,24,28,30],"killed_by":"Collector","ascension_level":12}