{"gold_per_floor":[359,376,5,18,28,56,56,24,24,24,44,79,79,92,92,190,190,203,103,122,122,122,122,122,151,151,151,151,225,22,40,40,143,143,158,1157,1171,1187,1187],"floor_reached":39,"playtime":3023,"items_purged":["Doubt","Defend_R","Writhe"],"score":599,"play_id":"aa3e75a0-430c-41db-beea-976aea5a512c","local_time":"20190319221001","is_ascension_mode":true,"campfire_choices":[{"data":"Armaments","floor":10,"key":"SMITH"},{"data":"Bash","floor":13,"key":"SMITH"},{"data":"Demon Form","floor":15,"key":"SMITH"},{"data":"Barricade","floor":23,"key":"SMITH"},{"data":"Clothesline","floor":27,"key":"SMITH"},{"data":"Ghostly Armor","floor":32,"key":"SMITH"}],"neow_cost":"CURSE","seed_source_timestamp":270594229975300,"circlet_count":0,"master_deck":["Strike_R","Defend_R","Defend_R","Defend_R","Bash+1","Iron Wave","Clothesline+1","Inflame","Armaments+1","Impervious","Inflame","Shrug It Off","Headbutt","Evolve","Demon Form+1","Barricade+1","Iron Wave+1","Twin Strike","Flex","Ghostly Armor+1","Impervious+1","True Grit+1","Dark Embrace","Intimidate+1","Normality","Normality","Anger+1","Disarm+1"],"relics":["Burning Blood","MealTicket","Question Card","Mercury Hourglass","Mummified Hand","Empty Cage","Ancient Tea Set","Potion Belt","Vajra","Toxic Egg 2","Fusion Hammer"],"potions_floor_usage":[12,12,20,25,33,39],"damage_taken":[{"damage":15,"enemies":"Cultist","floor":1,"turns":5},{"damage":23,"enemies":"Jaw Worm","floor":2,"turns":6},{"damage":0,"enemies":"2 Louse","floor":4,"turns":3},{"damage":4,"enemies":"Large Slime","floor":5,"turns":8},{"damage":27,"enemies":"Gremlin Nob","floor":6,"turns":5},{"damage":3,"enemies":"Looter","floor":11,"turns":3},{"damage":17,"enemies":"3 Sentries","floor":12,"turns":6},{"damage":1,"enemies":"3 Louse","floor":14,"turns":2},{"damage":0,"enemies":"Slime Boss","floor":16,"turns":8},{"damage":17,"enemies":"Shell Parasite","floor":18,"turns":9},{"damage":22,"enemies":"Spheric Guardian","floor":20,"turns":6},{"damage":19,"enemies":"Slavers","floor":25,"turns":5},{"damage":3,"enemies":"Cultist and Chosen","floor":31,"turns":6},{"damage":30,"enemies":"Collector","floor":33,"turns":11},{"damage":9,"enemies":"Orb Walker","floor":35,"turns":4},{"damage":42,"enemies":"3 Shapes","floor":37,"turns":5},{"damage":9,"enemies":"3 Darklings","floor":38,"turns":8},{"damage":41,"enemies":"Writhing Mass","floor":39,"turns":4}],"seed_played":"3340292779652288612","potions_obtained":[{"floor":2,"key":"EssenceOfSteel"},{"floor":5,"key":"SpeedPotion"},{"floor":11,"key":"Regen Potion"},{"floor":16,"key":"Regen Potion"},{"floor":20,"key":"EssenceOfSteel"},{"floor":25,"key":"Strength Potion"},{"floor":33,"key":"EssenceOfSteel"},{"floor":35,"key":"PowerPotion"}],"is_trial":false,"path_per_floor":["M","M","$","M","M","E","?","?","T","R","M","E","R","M","R","B",null,"M","$","M","?","?","R","?","E","T","R","?","T","$","M","R","B",null,"M","?","M","M","M"],"character_chosen":"IRONCLAD","items_purchased":["Inflame","MealTicket","Armaments","Impervious+1"],"campfire_rested":0,"item_purchase_floors":[3,3,3,30],"current_hp_per_floor":[71,54,54,60,62,41,67,67,67,67,70,73,73,78,78,80,80,69,80,73,73,73,73,73,60,60,60,60,60,75,78,78,54,74,71,71,35,32,0],"gold":1187,"neow_bonus":"TWO_FIFTY_GOLD","is_prod":false,"is_daily":false,"chose_seed":false,"campfire_upgraded":6,"win_rate":0,"timestamp":1553029801,"path_taken":["M","M","$","?","M","E","?","?","T","R","M","E","R","M","R","BOSS","M","$","M","?","?","R","?","E","T","R","?","?","$","M","R","BOSS","M","?","M","M","M"],"build_version":"2019-01-23","purchased_purges":3,"victory":false,"max_hp_per_floor":[80,80,80,80,80,80,80,80,80,80,80,80,80,80,80,80,80,80,80,80,80,80,80,80,80,80,80,80,80,80,80,80,80,80,80,80,80,80,80],"card_choices":[{"not_picked":["Rage","Heavy Blade"],"picked":"Iron Wave","floor":1},{"not_picked":["True Grit","Second Wind"],"picked":"Clothesline","floor":2},{"not_picked":["Clothesline","Sword Boomerang"],"picked":"Impervious","floor":4},{"not_picked":["Carnage","Cleave"],"picked":"Inflame","floor":5},{"not_picked":["Wild Strike","Metallicize"],"picked":"Shrug It Off","floor":6},{"not_picked":["Twin Strike","Intimidate","Sword Boomerang"],"picked":"Headbutt","floor":11},{"not_picked":["Cleave","Carnage","Sword Boomerang"],"picked":"Evolve","floor":12},{"not_picked":["Wild Strike","Pommel Strike","Shockwave"],"picked":"Demon Form","floor":14},{"not_picked":["Immolate","Feed","Double Tap"],"picked":"Barricade","floor":16},{"not_picked":["Sword Boomerang","True Grit","Thunderclap","Evolve+1"],"picked":"SKIP","floor":18},{"not_picked":["Flex","Reckless Charge","Second Wind"],"picked":"Iron Wave+1","floor":20},{"not_picked":["Havoc+1","Shrug It Off","Fiend Fire"],"picked":"Ghostly Armor","floor":25},{"not_picked":["Inflame+1","Iron Wave","Armaments+1"],"picked":"True Grit+1","floor":31},{"not_picked":["Offering+1","Double Tap+1","Brutality"],"picked":"Dark Embrace","floor":33},{"not_picked":["Wild Strike","Clothesline","Warcry+1"],"picked":"Intimidate+1","floor":35},{"not_picked":["Cleave+1","Battle Trance+1","Double Tap+1"],"picked":"Anger+1","floor":37},{"not_picked":["Anger","Rupture","Warcry+1"],"picked":"Disarm+1","floor":38}],"player_experience":410674,"relics_obtained":[{"floor":6,"key":"Question Card"},{"floor":9,"key":"Mercury Hourglass"},{"floor":12,"key":"Mummified Hand"},{"floor":25,"key":"Potion Belt"},{"floor":26,"key":"Vajra"},{"floor":29,"key":"Toxic Egg 2"}],"event_choices":[{"damage_healed":26,"gold_gain":0,"player_choice":"Banana","damage_taken":0,"max_hp_gain":0,"max_hp_loss":0,"event_name":"Big Fish","floor":7,"gold_loss":0},{"damage_healed":0,"gold_gain":0,"player_choice":"Left Gold","damage_taken":0,"max_hp_gain":0,"max_hp_loss":0,"event_name":"World of Goop","floor":8,"gold_loss":32},{"damage_healed":0,"gold_gain":0,"player_choice":"Opened","damage_taken":0,"relics_obtained":["Ancient Tea Set"],"max_hp_gain":0,"max_hp_loss":0,"event_name":"The Mausoleum","floor":21,"gold_loss":0,"cards_obtained":["Writhe"]},{"damage_healed":0,"gold_gain":0,"cards_transformed":["Strike_R","Strike_R"],"player_choice":"Became Test Subject","damage_taken":0,"max_hp_gain":0,"max_hp_loss":0,"event_name":"Drug Dealer","floor":22,"gold_loss":0,"cards_obtained":["Twin Strike","Flex"]},{"damage_healed":0,"gold_gain":0,"player_choice":"Ignored","damage_taken":0,"max_hp_gain":0,"max_hp_loss":0,"event_name":"Vampires","floor":24,"gold_loss":0},{"damage_healed":0,"gold_gain":0,"player_choice":"Ignored","damage_taken":0,"max_hp_gain":0,"max_hp_loss":0,"event_name":"Ghosts","floor":28,"gold_loss":0},{"damage_healed":0,"gold_gain":999,"player_choice":"Gold","damage_taken":0,"max_hp_gain":0,"max_hp_loss":0,"event_name":"MindBloom","floor":36,"gold_loss":0,"cards_obtained":["Normality","Normality"]}],"is_beta":false,"boss_relics":[{"not_picked":["Orrery","Runic Pyramid"],"picked":"Empty Cage"},{"not_picked":["Pandora\u0027s Box","Velvet Choker"],"picked":"Fusion Hammer"}],"items_purged_floors":[3,19,30],"is_endless":false,"potions_floor_spawned":[2,5,11,16,20,25,33,35],"killed_by":"Writhing Mass","ascension_level":5}