{"gold_per_floor":[113,5,22,22,22,22,22,35,81,151,2,14,14,31,31,134,134,148,198,209,270,41,91,91,120,120,150,150,168,168,188,188,289,289,303,313,331,12,62,88,88,238,320,370,387,403,403,53,53,53],"floor_reached":51,"playtime":1152,"items_purged":["Strike_R","Strike_R","Strike_R"],"score":832,"play_id":"243c1d8e-628b-4863-b569-60386aa750b9","local_time":"20190420171153","is_ascension_mode":false,"campfire_choices":[{"data":"Inflame","floor":6.0,"key":"SMITH"},{"data":"Flex","floor":13.0,"key":"SMITH"},{"data":"Heavy Blade","floor":15.0,"key":"SMITH"},{"data":"Bash","floor":24.0,"key":"SMITH"},{"data":"Sword Boomerang","floor":28.0,"key":"SMITH"},{"floor":30.0,"key":"REST"},{"data":"Defend_R","floor":32.0,"key":"SMITH"},{"data":"Defend_R","floor":41,"key":"SMITH"},{"floor":49,"key":"REST"}],"neow_cost":"NONE","seed_source_timestamp":8466721068646,"circlet_count":0,"master_deck":["Defend_R+1","Defend_R","Defend_R+1","Bash+1","Whirlwind+1","Inflame+1","Flex+1","Sword Boomerang+1","True Grit+1","Battle Trance+1","Inflame+1","Whirlwind+1","Corruption+1","Dark Shackles","Seeing Red","Havoc"],"special_seed":0,"relics":["Runic Dome","SsserpentHead","Centennial Puzzle","Vajra","Busted Crown","PreservedInsect","Dead Branch","Sundial","Mercury Hourglass","Astrolabe","Juzu Bracelet","Regal Pillow","Turnip","Dodecahedron"],"potions_floor_usage":[47,50,50,50],"damage_taken":[{"damage":0.0,"enemies":"2 Louse","floor":1.0,"turns":3.0},{"damage":0.0,"enemies":"Jaw Worm","floor":3.0,"turns":3.0},{"damage":0.0,"enemies":"Small Slimes","floor":8.0,"turns":3.0},{"damage":8.0,"enemies":"Red Slaver","floor":10.0,"turns":2.0},{"damage":12.0,"enemies":"2 Fungi Beasts","floor":12.0,"turns":2.0},{"damage":18.0,"enemies":"Gremlin Gang","floor":14.0,"turns":2.0},{"damage":28.0,"enemies":"The Guardian","floor":16.0,"turns":8.0},{"damage":15.0,"enemies":"Shell Parasite","floor":18.0,"turns":3.0},{"damage":0.0,"enemies":"2 Thieves","floor":20.0,"turns":1.0},{"damage":5.0,"enemies":"Cultist and Chosen","floor":21.0,"turns":3.0},{"damage":0.0,"enemies":"Gremlin Leader","floor":25.0,"turns":2.0},{"damage":22.0,"enemies":"Slavers","floor":27.0,"turns":2.0},{"damage":16.0,"enemies":"Snake Plant","floor":29.0,"turns":2.0},{"damage":0.0,"enemies":"Sentry and Sphere","floor":31.0,"turns":2.0},{"damage":41.0,"enemies":"Collector","floor":33.0,"turns":6.0},{"damage":0.0,"enemies":"Orb Walker","floor":35.0,"turns":1.0},{"damage":25.0,"enemies":"3 Darklings","floor":37.0,"turns":2.0},{"damage":12,"enemies":"Nemesis","floor":40,"turns":3},{"damage":0,"enemies":"Mind Bloom Boss Battle","floor":42,"turns":3},{"damage":17,"enemies":"4 Shapes","floor":45,"turns":2},{"damage":9,"enemies":"Transient","floor":46,"turns":4},{"damage":0,"enemies":"3 Darklings","floor":47,"turns":1},{"damage":34,"enemies":"Time Eater","floor":50,"turns":8}],"seed_played":"8414607468438788911","potions_obtained":[{"floor":3.0,"key":"Poison Potion"},{"floor":10.0,"key":"LiquidBronze"},{"floor":14.0,"key":"Block Potion"},{"floor":16.0,"key":"GamblersBrew"},{"floor":18.0,"key":"AttackPotion"},{"floor":25.0,"key":"EssenceOfSteel"},{"floor":29.0,"key":"LiquidBronze"},{"floor":33.0,"key":"Block Potion"},{"floor":36.0,"key":"SmokeBomb"},{"floor":36.0,"key":"BloodPotion"},{"floor":42,"key":"Regen Potion"}],"is_trial":false,"path_per_floor":["M","$","M","?","?","R","?","M","T","M","$","M","R","M","R","B",null,"M","?","M","M","$","?","R","E","T","E","R","M","R","M","R","B",null,"M","?","M","$","?","E","R","?","T","?","M","M","M","$","R","B",null],"character_chosen":"IRONCLAD","items_purchased":["Inflame","Flex","Vajra","PreservedInsect","Juzu Bracelet","Regen Potion","PowerPotion","Dark Shackles","Seeing Red","Havoc"],"campfire_rested":2,"item_purchase_floors":[2,2,11,22,38,38,48,48,48,48],"current_hp_per_floor":[80,80,80,80,85,85,85,85,85,77,77,65,65,47,47,19,85,70,70,70,65,65,65,65,65,65,43,43,27,52,52,52,11,85,85,85,68,68,68,56,56,56,56,56,39,30,30,30,70,81],"gold":53,"neow_bonus":"BOSS_RELIC","is_prod":false,"is_daily":false,"chose_seed":false,"campfire_upgraded":7,"win_rate":0,"timestamp":1555801913,"path_taken":["M","$","M","?","?","R","?","M","T","?","$","M","R","M","R","BOSS","M","?","M","?","$","?","R","E","T","E","R","M","R","M","R","BOSS","M","?","M","$","?","E","R","?","T","?","M","M","M","$","R","BOSS"],"build_version":"2019-01-23","purchased_purges":3,"victory":true,"max_hp_per_floor":[80,80,80,80,85,85,85,85,85,85,85,85,85,85,85,85,85,85,85,85,85,85,85,85,85,85,85,85,85,85,85,85,85,85,85,85,85,85,85,85,85,85,85,85,85,85,85,85,85,85],"card_choices":[{"not_picked":["Body Slam","Intimidate"],"picked":"Whirlwind","floor":1.0},{"not_picked":["Anger","Shrug It Off","True Grit"],"picked":"SKIP","floor":3.0},{"not_picked":["Spot Weakness","Intimidate"],"picked":"Sword Boomerang","floor":8.0},{"not_picked":["Entrench","Flame Barrier","Clothesline"],"picked":"SKIP","floor":10.0},{"not_picked":["Heavy Blade","Iron Wave","Cleave"],"picked":"SKIP","floor":12.0},{"not_picked":["Iron Wave","Cleave"],"picked":"Heavy Blade","floor":12.0},{"not_picked":["Sword Boomerang","Havoc","Rampage"],"picked":"SKIP","floor":14.0},{"not_picked":["Anger"],"picked":"SKIP","floor":18.0},{"not_picked":["Uppercut"],"picked":"SKIP","floor":20.0},{"not_picked":["Infernal Blade"],"picked":"SKIP","floor":21.0},{"not_picked":["Burning Pact+1"],"picked":"SKIP","floor":25.0},{"not_picked":["Seeing Red"],"picked":"SKIP","floor":27.0},{"not_picked":[],"picked":"True Grit+1","floor":29.0},{"not_picked":["Shrug It Off"],"picked":"SKIP","floor":31.0},{"not_picked":["Cleave"],"picked":"SKIP","floor":35.0},{"not_picked":[],"picked":"Corruption+1","floor":37.0},{"not_picked":["Thunderclap+1"],"picked":"SKIP","floor":40},{"not_picked":["Evolve+1"],"picked":"SKIP","floor":45},{"not_picked":["Spot Weakness+1"],"picked":"SKIP","floor":46}],"player_experience":1274063,"relics_obtained":[{"floor":9.0,"key":"Centennial Puzzle"},{"floor":25.0,"key":"Dead Branch"},{"floor":26.0,"key":"Sundial"},{"floor":27.0,"key":"Mercury Hourglass"},{"floor":40,"key":"Regal Pillow"},{"floor":42,"key":"Turnip"},{"floor":43,"key":"Dodecahedron"}],"event_choices":[{"damage_healed":0.0,"max_hp_gain":0.0,"max_hp_loss":0.0,"gold_gain":0.0,"event_name":"Living Wall","player_choice":"Grow","floor":4.0,"gold_loss":0.0,"damage_taken":0.0,"cards_upgraded":["Whirlwind"]},{"damage_healed":0.0,"max_hp_gain":5.0,"max_hp_loss":0.0,"gold_gain":0.0,"event_name":"Big Fish","player_choice":"Donut","floor":5.0,"gold_loss":0.0,"damage_taken":0.0},{"damage_healed":0.0,"max_hp_gain":0.0,"max_hp_loss":0.0,"gold_gain":0.0,"event_name":"FaceTrader","player_choice":"Trade","floor":7.0,"gold_loss":0.0,"damage_taken":0.0,"relics_obtained":["SsserpentHead"]},{"damage_healed":0.0,"max_hp_gain":0.0,"max_hp_loss":0.0,"gold_gain":0.0,"event_name":"Match and Keep!","player_choice":"0 cards matched","floor":19.0,"gold_loss":0.0,"damage_taken":0.0,"cards_obtained":[]},{"damage_healed":0.0,"max_hp_gain":0.0,"max_hp_loss":0.0,"gold_gain":0.0,"event_name":"NoteForYourself","player_choice":"Ignored","floor":23.0,"gold_loss":0.0,"damage_taken":0.0},{"damage_healed":0.0,"max_hp_gain":0.0,"max_hp_loss":0.0,"gold_gain":0.0,"event_name":"The Woman in Blue","player_choice":"Bought 3 Potions","floor":36.0,"gold_loss":0.0,"damage_taken":0.0},{"damage_healed":0,"gold_gain":0,"player_choice":"Ignored","damage_taken":0,"max_hp_gain":0,"max_hp_loss":0,"event_name":"Mysterious Sphere","floor":39,"gold_loss":0},{"damage_healed":0,"gold_gain":0,"player_choice":"Fight","damage_taken":0,"max_hp_gain":0,"max_hp_loss":0,"event_name":"MindBloom","floor":42,"gold_loss":0},{"cards_removed":["Heavy Blade"],"damage_healed":0,"gold_gain":0,"player_choice":"Removed Attack","damage_taken":0,"max_hp_gain":0,"max_hp_loss":0,"event_name":"Falling","floor":44,"gold_loss":0}],"is_beta":false,"boss_relics":[{"not_picked":["Ectoplasm","Orrery"],"picked":"Busted Crown"},{"not_picked":["Calling Bell","Runic Cube"],"picked":"Astrolabe"}],"items_purged_floors":[22,38,48],"is_endless":false,"potions_floor_spawned":[3,10,14,16,18,25,29,33,42,46,47],"ascension_level":0}