{"gold_per_floor":[117,117,132,152,162,190,190,190,190,201,214,214,232,242,242,340,340,351,11,21,21,36,36,55,55,55,55,74,74],"floor_reached":29,"playtime":2184,"items_purged":["Strike_G"],"score":231,"play_id":"2c89e32b-0947-4a05-80bc-b9c03bab9f9f","local_time":"20180922165600","is_ascension_mode":false,"campfire_choices":[{"data":"Bouncing Flask","floor":7,"key":"SMITH"},{"floor":12,"key":"REST"},{"data":"Caltrops","floor":15,"key":"SMITH"},{"floor":23,"key":"REST"},{"floor":27,"key":"REST"}],"neow_cost":"NONE","seed_source_timestamp":33646976542043,"circlet_count":0,"master_deck":["Defend_G+1","Defend_G+1","Defend_G+1","Defend_G+1","Defend_G+1","Strike_G+1","Strike_G+1","Strike_G+1","Strike_G+1","Survivor","Neutralize","Envenom","Deadly Poison","Poisoned Stab","Dagger Spray","Bouncing Flask+1","Deadly Poison","Caltrops+1","PiercingWail","Underhanded Strike","Adrenaline","Dagger Throw+1","Bane","Noxious Fumes","Venomology","Dagger Spray+1","Bouncing Flask+1","PiercingWail","Deadly Poison","PiercingWail"],"relics":["Ring of the Snake","Pen Nib","Bag of Preparation","WristBlade","Potion Belt"],"potions_floor_usage":[6,6,11,16,16,22,22,28],"damage_taken":[{"damage":0,"enemies":"Cultist","floor":1,"turns":4},{"damage":2,"enemies":"2 Louse","floor":3,"turns":4},{"damage":0,"enemies":"Jaw Worm","floor":4,"turns":4},{"damage":0,"enemies":"Red Slaver","floor":5,"turns":4},{"damage":20,"enemies":"3 Sentries","floor":6,"turns":8},{"damage":7,"enemies":"2 Fungi Beasts","floor":10,"turns":4},{"damage":10,"enemies":"Large Slime","floor":11,"turns":4},{"damage":5,"enemies":"Exordium Wildlife","floor":13,"turns":4},{"damage":4,"enemies":"Blue Slaver","floor":14,"turns":3},{"damage":5,"enemies":"Hexaghost","floor":16,"turns":7},{"damage":37,"enemies":"Shell Parasite","floor":18,"turns":6},{"damage":0,"enemies":"Chosen","floor":20,"turns":3},{"damage":19,"enemies":"Centurion and Healer","floor":22,"turns":6},{"damage":15,"enemies":"Snake Plant","floor":24,"turns":3},{"damage":41,"enemies":"Sentry and Sphere","floor":28,"turns":6},{"damage":7,"enemies":"Slavers","floor":29,"turns":1}],"seed_played":"-8429186166261844191","potions_obtained":[{"floor":0,"key":"GamblersBrew"},{"floor":0,"key":"Weak Potion"},{"floor":0,"key":"Block Potion"},{"floor":11,"key":"Fruit Juice"},{"floor":13,"key":"SkillPotion"},{"floor":16,"key":"Explosive Potion"},{"floor":20,"key":"EssenceOfSteel"},{"floor":22,"key":"GamblersBrew"},{"floor":24,"key":"AttackPotion"}],"is_trial":false,"path_per_floor":["M","?","M","M","M","E","R","?","T","M","M","R","M","M","R","B",null,"M","$","M","?","M","R","M","?","T","R","M"],"character_chosen":"THE_SILENT","items_purchased":["Bane","Noxious Fumes","Venomology"],"campfire_rested":3,"item_purchase_floors":[19,19,19],"current_hp_per_floor":[70,70,68,68,68,48,48,70,70,63,58,75,70,66,66,61,75,38,38,38,38,19,41,26,26,26,48,7,0],"gold":74,"neow_bonus":"THREE_SMALL_POTIONS","is_prod":false,"is_daily":false,"chose_seed":false,"campfire_upgraded":2,"win_rate":0.0,"timestamp":1537628160,"path_taken":["M","?","M","M","?","E","R","?","T","M","M","R","M","M","R","BOSS","M","$","M","?","M","R","M","?","T","R","M","E"],"build_version":"2018-09-20","purchased_purges":1,"victory":false,"max_hp_per_floor":[70,70,70,70,70,70,70,70,70,70,75,75,75,75,75,75,75,75,75,75,75,75,75,75,75,75,75,75,75],"card_choices":[{"not_picked":["Bane","Dagger Throw"],"picked":"Envenom","floor":1},{"not_picked":["Choke","Calculated Gamble"],"picked":"Deadly Poison","floor":3},{"not_picked":["Quick Slash","Riddle With Holes"],"picked":"Poisoned Stab","floor":4},{"not_picked":["Adrenaline","Sucker Punch"],"picked":"Dagger Spray","floor":5},{"not_picked":["Dodge and Roll","Skewer"],"picked":"Bouncing Flask","floor":6},{"not_picked":["Acrobatics","All Out Attack"],"picked":"Deadly Poison","floor":10},{"not_picked":["Dagger Throw","Crippling Poison"],"picked":"Caltrops","floor":11},{"not_picked":["Dagger Throw","Distraction"],"picked":"PiercingWail","floor":13},{"not_picked":["Skewer","Expertise"],"picked":"Underhanded Strike","floor":14},{"not_picked":["Venomology","Unload"],"picked":"Adrenaline","floor":16},{"not_picked":["Caltrops","Underhanded Strike"],"picked":"Dagger Throw+1","floor":18},{"not_picked":["Dagger Throw","Expertise"],"picked":"Dagger Spray+1","floor":20},{"not_picked":["Slice+1","Dagger Throw"],"picked":"PiercingWail","floor":22},{"not_picked":["Quick Slash","Slice"],"picked":"Deadly Poison","floor":24},{"not_picked":["Escape Plan","Dagger Throw"],"picked":"PiercingWail","floor":28}],"player_experience":25473,"relics_obtained":[{"floor":6,"key":"Pen Nib"},{"floor":9,"key":"Bag of Preparation"},{"floor":26,"key":"Potion Belt"}],"event_choices":[{"event_name":"The Cleric","player_choice":"Leave","floor":2,"damage_taken":0},{"event_name":"Big Fish","player_choice":"Banana","floor":8,"damage_taken":0},{"event_name":"Duplicator","player_choice":"One dupe","floor":21,"damage_taken":0},{"event_name":"Back to Basics","player_choice":"Simplicity","floor":25,"damage_taken":0}],"is_beta":false,"boss_relics":[{"not_picked":["Eternal Feather","HoveringKite"],"picked":"WristBlade"}],"items_purged_floors":[19],"is_endless":false,"potions_floor_spawned":[3,5,11,13,16,20,22,24],"killed_by":"Slavers","ascension_level":0}