{"gold_per_floor":[110,127,141,20,37,37,65,65,65,84,97,97,97,115,115,210,210,222,240,257,269,169,169,189,189,243,443,454,454,178,28,28,124,124,144,144,163,6,17,17,28,28,28,28],"floor_reached":44,"playtime":2077,"items_purged":["Strike_R","Strike_R","Strike_R","Strike_R"],"score":414,"play_id":"2b04dfbf-0ced-4323-990d-fcf2bcb76605","local_time":"20190309203916","is_ascension_mode":false,"campfire_choices":[{"data":"Armaments","floor":6,"key":"SMITH"},{"data":"Juggernaut","floor":8,"key":"SMITH"},{"data":"True Grit","floor":13,"key":"SMITH"},{"data":"Juggernaut","floor":15,"key":"SMITH"},{"data":"Panacea","floor":23,"key":"SMITH"},{"data":"Seeing Red","floor":25,"key":"SMITH"},{"data":"Shrug It Off","floor":29,"key":"SMITH"},{"floor":32,"key":"REST"},{"data":"Pommel Strike","floor":40,"key":"SMITH"},{"data":"Immolate","floor":42,"key":"SMITH"}],"neow_cost":"NONE","seed_source_timestamp":1229621531446496,"circlet_count":0,"master_deck":["Strike_R","Defend_R","Defend_R","Defend_R","Defend_R+1","Bash","Panacea+1","Heavy Blade","Armaments+1","Thunderclap","Pommel Strike+1","Juggernaut+1","True Grit+1","Twin Strike","Juggernaut+1","Shrug It Off+1","Immolate+1","Seeing Red+1","Iron Wave","Impervious","Limit Break+1"],"relics":["Burning Blood","Letter Opener","StoneCalendar","Dead Branch","Busted Crown","Boot","Bag of Marbles","Orrery","War Paint","Bag of Preparation"],"potions_floor_usage":[14,19,33,39,41],"damage_taken":[{"damage":4,"enemies":"2 Louse","floor":1,"turns":3},{"damage":5,"enemies":"Cultist","floor":2,"turns":4},{"damage":0,"enemies":"Small Slimes","floor":3,"turns":3},{"damage":5,"enemies":"3 Louse","floor":5,"turns":3},{"damage":13,"enemies":"Lagavulin","floor":7,"turns":8},{"damage":9,"enemies":"Blue Slaver","floor":10,"turns":4},{"damage":18,"enemies":"Large Slime","floor":11,"turns":5},{"damage":13,"enemies":"Lots of Slimes","floor":14,"turns":5},{"damage":31,"enemies":"Slime Boss","floor":16,"turns":7},{"damage":7,"enemies":"Shell Parasite","floor":18,"turns":4},{"damage":20,"enemies":"2 Thieves","floor":19,"turns":3},{"damage":17,"enemies":"Snecko","floor":20,"turns":5},{"damage":1,"enemies":"Chosen and Byrds","floor":21,"turns":4},{"damage":21,"enemies":"Snake Plant","floor":24,"turns":3},{"damage":8,"enemies":"Snecko","floor":28,"turns":3},{"damage":21,"enemies":"Automaton","floor":33,"turns":7},{"damage":10,"enemies":"Orb Walker","floor":35,"turns":4},{"damage":0,"enemies":"3 Shapes","floor":37,"turns":3},{"damage":20,"enemies":"Spire Growth","floor":39,"turns":6},{"damage":1,"enemies":"Transient","floor":41,"turns":5},{"damage":73,"enemies":"Nemesis","floor":44,"turns":6}],"seed_played":"922226117289627923","potions_obtained":[{"floor":2,"key":"BloodPotion"},{"floor":7,"key":"GamblersBrew"},{"floor":10,"key":"SkillPotion"},{"floor":14,"key":"SpeedPotion"},{"floor":16,"key":"LiquidBronze"},{"floor":21,"key":"Ancient Potion"},{"floor":28,"key":"Dexterity Potion"},{"floor":33,"key":"Poison Potion"},{"floor":35,"key":"EssenceOfSteel"},{"floor":39,"key":"EssenceOfSteel"}],"is_trial":false,"path_per_floor":["M","M","M","$","M","R","E","R","T","M","M","?","R","M","R","B",null,"M","M","M","M","$","R","M","R","T","?","M","R","$","$","R","B",null,"M","$","M","$","M","R","M","R","T","E"],"character_chosen":"IRONCLAD","items_purchased":["Pommel Strike","Bag of Marbles","War Paint"],"campfire_rested":1,"item_purchase_floors":[4,30,38],"current_hp_per_floor":[80,80,80,80,80,80,73,73,73,70,58,58,58,59,59,34,80,79,65,54,59,59,59,44,44,44,44,42,42,42,42,66,51,80,76,76,80,80,66,66,71,71,71,0],"gold":28,"neow_bonus":"RANDOM_COLORLESS","is_prod":false,"is_daily":false,"chose_seed":false,"campfire_upgraded":9,"win_rate":0,"timestamp":1552135156,"path_taken":["M","M","M","$","M","R","E","R","T","M","M","?","R","M","R","BOSS","M","M","M","M","$","R","M","R","T","?","M","R","?","$","R","BOSS","M","$","M","$","M","R","M","R","T","E"],"build_version":"2019-01-23","purchased_purges":4,"victory":false,"max_hp_per_floor":[80,80,80,80,80,80,80,80,80,80,80,80,80,80,80,80,80,80,80,80,80,80,80,80,80,80,80,80,80,80,80,80,80,80,80,80,80,80,80,80,80,80,80,80],"card_choices":[{"not_picked":["Rupture","Wild Strike"],"picked":"Heavy Blade","floor":1},{"not_picked":["Headbutt","Havoc"],"picked":"Armaments","floor":2},{"not_picked":["True Grit","Body Slam"],"picked":"Thunderclap","floor":3},{"not_picked":["Dropkick","Twin Strike"],"picked":"Juggernaut","floor":5},{"not_picked":["Feel No Pain","Havoc"],"picked":"True Grit","floor":7},{"not_picked":["Second Wind","Reckless Charge"],"picked":"Twin Strike","floor":10},{"not_picked":["Seeing Red","Twin Strike"],"picked":"Juggernaut","floor":11},{"not_picked":["Seeing Red","Havoc"],"picked":"Shrug It Off","floor":14},{"not_picked":["Demon Form","Limit Break"],"picked":"Immolate","floor":16},{"not_picked":["Clothesline"],"picked":"SKIP","floor":18},{"not_picked":[],"picked":"Seeing Red","floor":19},{"not_picked":["Rage"],"picked":"SKIP","floor":20},{"not_picked":["Infernal Blade"],"picked":"SKIP","floor":21},{"not_picked":[],"picked":"Iron Wave","floor":24},{"not_picked":["Wild Strike+1"],"picked":"SKIP","floor":28},{"not_picked":[],"picked":"Impervious","floor":33},{"not_picked":[],"picked":"Limit Break","floor":34},{"not_picked":["Sword Boomerang+1"],"picked":"SKIP","floor":35},{"not_picked":["Heavy Blade+1"],"picked":"SKIP","floor":37},{"not_picked":["Cleave"],"picked":"SKIP","floor":39},{"not_picked":["Perfected Strike+1"],"picked":"SKIP","floor":41}],"player_experience":775890,"relics_obtained":[{"floor":7,"key":"Letter Opener"},{"floor":9,"key":"StoneCalendar"},{"floor":26,"key":"Boot"},{"floor":43,"key":"Bag of Preparation"}],"event_choices":[{"damage_healed":0,"gold_gain":0,"player_choice":"Gave Potion","damage_taken":0,"relics_obtained":["Dead Branch"],"max_hp_gain":0,"max_hp_loss":0,"event_name":"WeMeetAgain","floor":12,"gold_loss":0},{"damage_healed":0,"gold_gain":250,"player_choice":"Bet on Owner","damage_taken":0,"max_hp_gain":0,"max_hp_loss":0,"event_name":"The Joust","floor":27,"gold_loss":50}],"is_beta":false,"boss_relics":[{"not_picked":["Empty Cage","White Beast Statue"],"picked":"Busted Crown"},{"not_picked":["Runic Cube","Runic Pyramid"],"picked":"Orrery"}],"items_purged_floors":[4,22,30,31],"is_endless":false,"potions_floor_spawned":[2,7,10,14,16,21,28,33,35,39],"killed_by":"Nemesis","ascension_level":0}