{"path_per_floor":["M","$","?","M","?","R","M","R","T","R","M","M","$","?","R","B",null,"M","?","M","$","?","M","M"],"character_chosen":"IRONCLAD","items_purchased":["Inflame","Twin Strike","Heavy Blade"],"gold_per_floor":[215,100,100,112,187,187,207,207,234,234,253,264,114,114,114,217,217,205,205,215,64,0,19,31,31],"floor_reached":25,"campfire_rested":0,"playtime":752,"current_hp_per_floor":[80,80,80,80,69,69,75,75,75,75,73,79,79,79,79,41,80,61,61,68,68,68,33,23,0],"items_purged":["Strike_R","Strike_R","Strike_R"],"gold":31,"score":218,"play_id":"63bf4870-c248-4dda-aa7c-5145ef76e0db","local_time":"20180518000731","is_prod":false,"is_daily":false,"chose_seed":false,"is_ascension_mode":false,"campfire_upgraded":4,"timestamp":1526573251,"path_taken":["M","$","?","M","?","R","?","R","T","R","M","M","$","?","R","BOSS","M","?","M","$","?","M","M","M"],"build_version":"2018-05-10","seed_source_timestamp":19838229314882,"purchased_purges":3,"victory":false,"master_deck":["Strike_R","Defend_R","Defend_R","Defend_R","Defend_R","Bash+1","Shrug It Off+1","Inflame+1","Twin Strike","Armaments+1","Twin Strike","Whirlwind","Twin Strike","Disarm","Immolate","True Grit+1","Heavy Blade","Shrug It Off+1","Twin Strike"],"max_hp_per_floor":[80,80,80,80,80,80,80,80,80,80,80,80,80,80,80,80,80,80,80,80,80,80,80,80,80],"relics":["Black Blood"],"card_choices":[{"not_picked":["Infernal Blade","Rage"],"picked":"Shrug It Off","floor":1},{"not_picked":["Fire Breathing","Warcry"],"picked":"Twin Strike","floor":4},{"not_picked":["Havoc","Shrug It Off"],"picked":"Armaments","floor":7},{"not_picked":["Wild Strike","Blood for Blood"],"picked":"Twin Strike","floor":11},{"not_picked":["Disarm","Armaments"],"picked":"Whirlwind","floor":12},{"not_picked":["Exhume","Demon Form"],"picked":"Immolate","floor":16},{"not_picked":["Twin Strike","Corruption"],"picked":"True Grit","floor":20},{"not_picked":["Cleave","Wild Strike"],"picked":"Shrug It Off","floor":23},{"not_picked":["Sentinel","Sever Soul"],"picked":"Twin Strike","floor":24}],"player_experience":639826,"potions_floor_usage":[12,20],"damage_taken":[{"damage":3,"enemies":"2 Louse","floor":1,"turns":3},{"damage":1,"enemies":"Cultist","floor":4,"turns":4},{"damage":0,"enemies":"Small Slimes","floor":7,"turns":3},{"damage":8,"enemies":"2 Fungi Beasts","floor":11,"turns":4},{"damage":0,"enemies":"Lots of Slimes","floor":12,"turns":2},{"damage":44,"enemies":"Slime Boss","floor":16,"turns":10},{"damage":29,"enemies":"2 Thieves","floor":18,"turns":4},{"damage":3,"enemies":"Chosen","floor":20,"turns":4},{"damage":45,"enemies":"Sentry and Sphere","floor":23,"turns":6},{"damage":20,"enemies":"Centurion and Healer","floor":24,"turns":8},{"damage":30,"enemies":"Chosen and Byrds","floor":25,"turns":4}],"event_choices":[{"event_name":"The Lab","player_choice":"Got Potions","floor":3,"damage_taken":0},{"event_name":"World of Goop","player_choice":"Gather Gold","floor":5,"damage_taken":0},{"event_name":"Living Wall","player_choice":"Change","floor":14,"damage_taken":0},{"event_name":"Ghosts","player_choice":"Ignored","floor":19,"damage_taken":0},{"event_name":"Masked Bandits","player_choice":"Paid Bandits 64 gold","floor":22,"damage_taken":0}],"boss_relics":[{"not_picked":["Astrolabe","Eternal Feather"],"picked":"Black Blood"}],"potions_floor_spawned":[1],"seed_played":"-526946782015557107","killed_by":"Chosen and Byrds","ascension_level":0,"is_trial":false}