{"gold_per_floor":[111,122,122,122,142,142,161,186,259,282,292,304,304,322,322,420,420,433,35,55,75,75,86,46,71,71,71,89,69,81,96,96,194,194,211,227,243,259,259,278,308,308,333,333,345,355,3,21,21,21],"floor_reached":50,"playtime":3367,"items_purged":["Strike_R","Strike_R"],"score":579,"play_id":"e1b152c7-f121-4cb4-aaff-27553dc8a1f1","local_time":"20190222001433","is_ascension_mode":true,"campfire_choices":[{"data":"Bash","floor":6,"key":"SMITH"},{"floor":15,"key":"REST"},{"data":"Anger","floor":32,"key":"SMITH"},{"floor":42,"key":"REST"},{"data":"True Grit","floor":49,"key":"SMITH"}],"neow_cost":"NONE","seed_source_timestamp":348930718366200,"circlet_count":0,"master_deck":["Strike_R+1","Strike_R+1","Strike_R","Defend_R","Defend_R+1","Defend_R","Defend_R","Bash+1","Iron Wave","Heavy Blade","Anger+1","Disarm","Headbutt","Clothesline","Reaper+1","Cleave+1","Shockwave","Havoc+1","Flex+1","Flex+1","Inflame","Rampage","Shame","Reaper","Warcry+1","Exhume","Seeing Red+1","Seeing Red+1","Battle Trance","Flex+1","Thunderclap+1","True Grit+1","Demon Form","Rage","Seeing Red+1","Shame","Shrug It Off","Infernal Blade+1","Battle Trance+1"],"relics":["Burning Blood","Unceasing Top","Bronze Scales","Darkstone Periapt","Bag of Preparation","Vajra","Cursed Key","Anchor","Oddly Smooth Stone","Dream Catcher","Ancient Tea Set","Orrery","Whetstone","Boot","Shuriken"],"potions_floor_usage":[12,12,16,22,23,33,37,38,38,41,48],"damage_taken":[{"damage":15,"enemies":"Jaw Worm","floor":1,"turns":4},{"damage":1,"enemies":"Cultist","floor":2,"turns":4},{"damage":5,"enemies":"Small Slimes","floor":5,"turns":3},{"damage":33,"enemies":"Exordium Thugs","floor":7,"turns":6},{"damage":29,"enemies":"Lagavulin","floor":8,"turns":6},{"damage":8,"enemies":"Lots of Slimes","floor":11,"turns":4},{"damage":14,"enemies":"Exordium Wildlife","floor":12,"turns":4},{"damage":0,"enemies":"2 Fungi Beasts","floor":14,"turns":2},{"damage":21,"enemies":"Slime Boss","floor":16,"turns":8},{"damage":8,"enemies":"Shell Parasite","floor":18,"turns":3},{"damage":0,"enemies":"3 Byrds","floor":20,"turns":2},{"damage":3,"enemies":"Centurion and Healer","floor":21,"turns":5},{"damage":0,"enemies":"Snecko","floor":23,"turns":2},{"damage":6,"enemies":"Book of Stabbing","floor":25,"turns":4},{"damage":6,"enemies":"3 Cultists","floor":28,"turns":5},{"damage":0,"enemies":"Snake Plant","floor":30,"turns":3},{"damage":19,"enemies":"Centurion and Healer","floor":31,"turns":6},{"damage":97,"enemies":"Automaton","floor":33,"turns":10},{"damage":1,"enemies":"3 Shapes","floor":35,"turns":2},{"damage":23,"enemies":"3 Darklings","floor":36,"turns":6},{"damage":20,"enemies":"Jaw Worm Horde","floor":37,"turns":4},{"damage":40,"enemies":"Spire Growth","floor":38,"turns":4},{"damage":24,"enemies":"Sphere and 2 Shapes","floor":40,"turns":5},{"damage":82,"enemies":"Reptomancer","floor":41,"turns":7},{"damage":14,"enemies":"Jaw Worm Horde","floor":45,"turns":3},{"damage":46,"enemies":"Spire Growth","floor":46,"turns":5},{"damage":0,"enemies":"Transient","floor":48,"turns":5},{"damage":130,"enemies":"Time Eater","floor":50,"turns":10}],"seed_played":"-6216130085177304017","potions_obtained":[{"floor":7,"key":"EssenceOfSteel"},{"floor":8,"key":"Fire Potion"},{"floor":11,"key":"FearPotion"},{"floor":18,"key":"Fire Potion"},{"floor":20,"key":"Fruit Juice"},{"floor":22,"key":"Dexterity Potion"},{"floor":22,"key":"Dexterity Potion"},{"floor":29,"key":"SpeedPotion"},{"floor":33,"key":"Strength Potion"},{"floor":36,"key":"EssenceOfSteel"},{"floor":37,"key":"Regen Potion"},{"floor":40,"key":"EssenceOfSteel"},{"floor":46,"key":"Fire Potion"}],"is_trial":false,"path_per_floor":["M","M","?","?","M","R","M","E","T","T","M","M","?","M","R","B",null,"M","$","M","M","?","M","$","E","T","?","M","?","M","M","R","B",null,"M","M","M","M","?","M","E","R","T","?","M","M","$","M","R","B"],"character_chosen":"IRONCLAD","items_purchased":["Shockwave","Anchor","Oddly Smooth Stone","Inflame","Shuriken"],"campfire_rested":2,"item_purchase_floors":[19,19,19,24,47],"current_hp_per_floor":[79,84,66,66,67,67,40,17,17,17,15,7,7,13,39,24,88,86,86,88,88,93,93,93,93,99,99,99,99,99,95,95,22,99,99,82,68,46,46,56,9,38,44,44,86,58,58,93,93,0],"gold":21,"neow_bonus":"TEN_PERCENT_HP_BONUS","is_prod":false,"is_daily":false,"chose_seed":false,"campfire_upgraded":3,"win_rate":0,"timestamp":1550790873,"path_taken":["M","M","?","?","M","R","?","E","T","?","M","M","?","M","R","BOSS","M","$","M","M","?","?","$","E","T","?","M","?","M","?","R","BOSS","M","M","?","M","?","M","E","R","T","?","?","M","$","M","R","BOSS"],"build_version":"2019-01-23","purchased_purges":2,"victory":false,"max_hp_per_floor":[88,88,88,88,88,88,88,88,88,88,88,88,88,88,88,88,88,88,88,88,88,93,93,93,93,99,99,99,99,99,99,99,99,99,99,99,99,99,99,99,99,99,105,105,105,105,105,105,105,105],"card_choices":[{"not_picked":["Clothesline","Thunderclap"],"picked":"Iron Wave","floor":1},{"not_picked":["Flex","Warcry"],"picked":"Heavy Blade","floor":2},{"not_picked":["Burning Pact","Perfected Strike","Twin Strike"],"picked":"SKIP","floor":5},{"not_picked":["Reckless Charge","Blood for Blood"],"picked":"Anger","floor":7},{"not_picked":["Sword Boomerang","Bludgeon"],"picked":"Disarm","floor":8},{"not_picked":["Fire Breathing","Iron Wave"],"picked":"Headbutt","floor":11},{"not_picked":["Twin Strike","Wild Strike","Disarm"],"picked":"SKIP","floor":12},{"not_picked":["Headbutt","Sword Boomerang"],"picked":"Clothesline","floor":14},{"not_picked":["Brutality","Exhume"],"picked":"Reaper","floor":16},{"not_picked":["Searing Blow","Body Slam+1"],"picked":"Cleave+1","floor":18},{"not_picked":["Cleave+1","Corruption"],"picked":"Havoc+1","floor":20},{"not_picked":["Clash","Sword Boomerang"],"picked":"Flex+1","floor":21},{"not_picked":["Blood for Blood","Pummel+1"],"picked":"Flex+1","floor":23},{"not_picked":["Sentinel","Clash+1"],"picked":"Rampage","floor":25},{"not_picked":["True Grit","Twin Strike"],"picked":"Reaper","floor":28},{"not_picked":["Perfected Strike","Headbutt","Flex"],"picked":"SKIP","floor":30},{"not_picked":["Iron Wave","Perfected Strike"],"picked":"Warcry+1","floor":31},{"not_picked":["Feed","Juggernaut"],"picked":"Exhume","floor":33},{"not_picked":["Metallicize","Wild Strike+1"],"picked":"Seeing Red+1","floor":34},{"not_picked":["True Grit","Cleave+1"],"picked":"Seeing Red+1","floor":34},{"not_picked":["Clash","Anger"],"picked":"Battle Trance","floor":34},{"not_picked":["Warcry+1","Havoc"],"picked":"Flex+1","floor":34},{"not_picked":["Dark Embrace","Searing Blow+1"],"picked":"Thunderclap+1","floor":34},{"not_picked":["Fire Breathing+1","Heavy Blade","Warcry"],"picked":"SKIP","floor":35},{"not_picked":["Twin Strike+1","Iron Wave"],"picked":"True Grit","floor":36},{"not_picked":["Twin Strike+1","Pummel+1"],"picked":"Demon Form","floor":37},{"not_picked":["Combust","True Grit"],"picked":"Rage","floor":38},{"not_picked":["Perfected Strike","Disarm","Warcry"],"picked":"SKIP","floor":40},{"not_picked":["Thunderclap+1","Sever Soul+1","Anger"],"picked":"SKIP","floor":41},{"not_picked":["Dark Embrace","Rupture+1"],"picked":"Seeing Red+1","floor":42},{"not_picked":["Pommel Strike+1","Fire Breathing"],"picked":"Shrug It Off","floor":45},{"not_picked":["Perfected Strike+1","Flame Barrier"],"picked":"Infernal Blade+1","floor":46},{"not_picked":["Havoc+1","Wild Strike+1"],"picked":"Battle Trance+1","floor":48}],"player_experience":199895,"relics_obtained":[{"floor":4,"key":"Unceasing Top"},{"floor":8,"key":"Bronze Scales"},{"floor":9,"key":"Darkstone Periapt"},{"floor":10,"key":"Bag of Preparation"},{"floor":25,"key":"Dream Catcher"},{"floor":26,"key":"Ancient Tea Set"},{"floor":41,"key":"Whetstone"},{"floor":43,"key":"Boot"}],"event_choices":[{"damage_healed":0,"gold_gain":0,"player_choice":"Entered Light","damage_taken":18,"max_hp_gain":0,"max_hp_loss":0,"event_name":"Shining Light","floor":3,"gold_loss":0,"cards_upgraded":["Defend_R","Strike_R"]},{"damage_healed":0,"gold_gain":0,"player_choice":"Relic","damage_taken":0,"max_hp_gain":0,"max_hp_loss":0,"event_name":"Wheel of Change","floor":4,"gold_loss":0},{"damage_healed":0,"gold_gain":0,"player_choice":"Searched \u00271\u0027 times","damage_taken":0,"relics_obtained":["Vajra"],"max_hp_gain":0,"max_hp_loss":0,"event_name":"Dead Adventurer","floor":13,"gold_loss":0},{"damage_healed":0,"gold_gain":0,"player_choice":"Got Potions","damage_taken":0,"max_hp_gain":0,"max_hp_loss":0,"event_name":"Lab","floor":22,"gold_loss":0},{"damage_healed":0,"gold_gain":0,"player_choice":"Ignored","damage_taken":0,"max_hp_gain":0,"max_hp_loss":0,"event_name":"Beggar","floor":27,"gold_loss":0},{"damage_healed":0,"gold_gain":0,"player_choice":"Bought 1 Potion","damage_taken":0,"max_hp_gain":0,"max_hp_loss":0,"event_name":"The Woman in Blue","floor":29,"gold_loss":0},{"damage_healed":0,"gold_gain":0,"player_choice":"Ignored","damage_taken":0,"max_hp_gain":0,"max_hp_loss":0,"event_name":"Tomb of Lord Red Mask","floor":39,"gold_loss":0},{"damage_healed":0,"gold_gain":0,"player_choice":"Ignored","damage_taken":0,"max_hp_gain":0,"max_hp_loss":0,"event_name":"SecretPortal","floor":44,"gold_loss":0}],"is_beta":false,"boss_relics":[{"not_picked":["Tiny House","Runic Dome"],"picked":"Cursed Key"},{"not_picked":["White Beast Statue","Lizard Tail"],"picked":"Orrery"}],"items_purged_floors":[19,47],"is_endless":false,"potions_floor_spawned":[7,8,11,18,20,30,31,33,36,37,40,46],"killed_by":"Time Eater","ascension_level":1}