{"gold_per_floor":[114,127,141,155,168,168,200,200,200,200],"floor_reached":10,"playtime":368,"items_purged":[],"score":137,"play_id":"e75ee8c3-47e5-4960-b0c7-de05554b55c8","local_time":"20190302202342","is_ascension_mode":true,"campfire_choices":[{"floor":6,"key":"REST"},{"floor":8,"key":"REST"}],"neow_cost":"NONE","seed_source_timestamp":390114787929600,"circlet_count":0,"master_deck":["AscendersBane","Defend_G","Defend_G","Defend_G","Defend_G","Defend_G","Strike_G","Strike_G","Strike_G","Strike_G","Strike_G","Survivor","Neutralize","Deadly Poison","Bane","Well Laid Plans","PiercingWail","Bane","Cloak And Dagger"],"relics":["Ring of the Snake","NeowsBlessing","Mummified Hand","Toxic Egg 2"],"potions_floor_usage":[],"damage_taken":[{"damage":0,"enemies":"Cultist","floor":1,"turns":1},{"damage":0,"enemies":"2 Louse","floor":2,"turns":1},{"damage":0,"enemies":"Small Slimes","floor":3,"turns":1},{"damage":34,"enemies":"Gremlin Gang","floor":4,"turns":6},{"damage":14,"enemies":"Large Slime","floor":5,"turns":10},{"damage":54,"enemies":"Gremlin Nob","floor":7,"turns":5},{"damage":27,"enemies":"Lagavulin","floor":10,"turns":4}],"seed_played":"2247425401824968991","potions_obtained":[{"floor":3,"key":"FairyPotion"}],"is_trial":false,"path_per_floor":["M","M","M","M","M","R","E","R","T","E"],"character_chosen":"THE_SILENT","items_purchased":[],"campfire_rested":2,"item_purchase_floors":[],"current_hp_per_floor":[59,59,59,25,11,30,6,25,25,0],"gold":200,"neow_bonus":"THREE_ENEMY_KILL","is_prod":false,"is_daily":false,"chose_seed":false,"campfire_upgraded":0,"win_rate":0,"timestamp":1551554622,"path_taken":["M","?","M","M","M","R","E","R","T","E"],"build_version":"2019-01-23","purchased_purges":0,"victory":false,"max_hp_per_floor":[66,66,66,66,66,66,66,66,66,66],"card_choices":[{"not_picked":["Backflip","Sucker Punch"],"picked":"Deadly Poison","floor":1},{"not_picked":["Accuracy","Backflip"],"picked":"Bane","floor":2},{"not_picked":["Acrobatics","Underhanded Strike"],"picked":"Well Laid Plans","floor":3},{"not_picked":["Deflect","Acrobatics"],"picked":"PiercingWail","floor":4},{"not_picked":["Cloak And Dagger","Finisher"],"picked":"Bane","floor":5},{"not_picked":["Distraction","Wraith Form v2"],"picked":"Cloak And Dagger","floor":7}],"player_experience":534418,"relics_obtained":[{"floor":7,"key":"Mummified Hand"},{"floor":9,"key":"Toxic Egg 2"}],"event_choices":[],"is_beta":false,"boss_relics":[],"items_purged_floors":[],"is_endless":false,"potions_floor_spawned":[3],"killed_by":"Lagavulin","ascension_level":19}