{"gold_per_floor":[117,127,142,155,175,175,250,250,250,278,278,305,28,45,45,149,149,164,164,124,144,162,62,62,62],"floor_reached":25,"playtime":1137,"items_purged":["Strike_B","Strike_B"],"score":277,"play_id":"fe7f2fa2-bd18-4d7c-8834-fa071005522f","local_time":"20181219124303","is_ascension_mode":true,"campfire_choices":[{"data":"Genetic Algorithm","floor":6,"key":"SMITH"},{"floor":11,"key":"REST"},{"data":"Capacitor","floor":15,"key":"SMITH"},{"floor":24,"key":"REST"}],"neow_cost":"NONE","seed_source_timestamp":143897313459300,"circlet_count":0,"master_deck":["Strike_B","Strike_B","Defend_B+1","Defend_B","Defend_B+1","Defend_B+1","Zap","Dualcast","Loop","Coolheaded","Cold Snap","Genetic Algorithm+1","Capacitor+1","Coolheaded","Echo Form+1","Writhe","FTL"],"relics":["Cracked Core","War Paint","Letter Opener","Blue Candle","Kunai","Sundial","Happy Flower","Nuclear Battery","Shuriken"],"potions_floor_usage":[9,10,16,25],"damage_taken":[{"damage":0,"enemies":"Cultist","floor":1,"turns":3},{"damage":0,"enemies":"2 Louse","floor":2,"turns":2},{"damage":2,"enemies":"Small Slimes","floor":3,"turns":3},{"damage":9,"enemies":"Gremlin Gang","floor":4,"turns":7},{"damage":1,"enemies":"Looter","floor":5,"turns":3},{"damage":14,"enemies":"Lagavulin","floor":10,"turns":9},{"damage":9,"enemies":"3 Sentries","floor":12,"turns":8},{"damage":0,"enemies":"Blue Slaver","floor":14,"turns":4},{"damage":45,"enemies":"Hexaghost","floor":16,"turns":16},{"damage":25,"enemies":"Chosen","floor":18,"turns":7},{"damage":1,"enemies":"3 Byrds","floor":21,"turns":5},{"damage":20,"enemies":"Snake Plant","floor":22,"turns":9},{"damage":52,"enemies":"Gremlin Leader","floor":25,"turns":8}],"seed_played":"-1095913104619843897","potions_obtained":[{"floor":1,"key":"FocusPotion"},{"floor":5,"key":"Fruit Juice"},{"floor":12,"key":"PowerPotion"},{"floor":16,"key":"EssenceOfSteel"}],"is_trial":false,"path_per_floor":["M","M","M","M","M","R","?","?","T","E","R","E","$","M","R","B",null,"M","?","?","M","M","$","R","E"],"character_chosen":"DEFECT","items_purchased":["Happy Flower","Coolheaded"],"campfire_rested":2,"item_purchase_floors":[13,13],"current_hp_per_floor":[68,68,66,57,56,56,45,45,50,36,60,51,51,51,51,6,62,37,37,37,36,16,16,40,0],"gold":62,"neow_bonus":"RANDOM_COMMON_RELIC","is_prod":false,"is_daily":false,"chose_seed":false,"campfire_upgraded":2,"win_rate":0,"timestamp":1545219783,"path_taken":["M","M","M","M","M","R","?","?","T","E","R","E","$","M","R","BOSS","M","?","?","?","M","$","R","E"],"build_version":"2018-12-13","purchased_purges":2,"victory":false,"max_hp_per_floor":[75,75,75,75,75,75,75,75,80,80,80,80,80,80,80,80,80,80,80,80,80,80,80,80,80],"card_choices":[{"not_picked":["Static Discharge","Scrape","Turbo"],"picked":"SKIP","floor":1},{"not_picked":["Rip and Tear","Turbo"],"picked":"Loop","floor":2},{"not_picked":["Sweeping Beam","Redo"],"picked":"Coolheaded","floor":3},{"not_picked":["Coolheaded","Reprogram"],"picked":"Cold Snap","floor":4},{"not_picked":["Leap","Reinforced Body"],"picked":"Genetic Algorithm","floor":5},{"not_picked":["Sweeping Beam","Compile Driver","Scrape"],"picked":"SKIP","floor":10},{"not_picked":["Double Energy","Genetic Algorithm"],"picked":"Capacitor","floor":12},{"not_picked":["Auto Shields","Hello World","Genetic Algorithm"],"picked":"SKIP","floor":14},{"not_picked":["Amplify","Thunder Strike"],"picked":"Echo Form","floor":16},{"not_picked":["Beam Cell","Steam","Leap"],"picked":"SKIP","floor":18},{"not_picked":["Static Discharge","Beam Cell+1","Rebound"],"picked":"SKIP","floor":21},{"not_picked":["Doom and Gloom","Rebound"],"picked":"FTL","floor":22}],"player_experience":277747,"relics_obtained":[{"floor":8,"key":"Letter Opener"},{"floor":9,"key":"Blue Candle"},{"floor":10,"key":"Kunai"},{"floor":12,"key":"Sundial"}],"event_choices":[{"damage_healed":0,"gold_gain":75,"player_choice":"Gather Gold","damage_taken":11,"max_hp_gain":0,"max_hp_loss":0,"event_name":"World of Goop","floor":7,"gold_loss":0},{"damage_healed":0,"gold_gain":0,"player_choice":"Relic","damage_taken":0,"max_hp_gain":0,"max_hp_loss":0,"event_name":"Wheel of Change","floor":8,"gold_loss":0},{"damage_healed":0,"gold_gain":0,"player_choice":"Opened","damage_taken":0,"relics_obtained":["Shuriken"],"max_hp_gain":0,"max_hp_loss":0,"event_name":"The Mausoleum","floor":19,"gold_loss":0,"cards_obtained":["Writhe"]},{"damage_healed":0,"gold_gain":0,"player_choice":"Upgraded Two","damage_taken":0,"max_hp_gain":0,"max_hp_loss":0,"event_name":"Designer","floor":20,"gold_loss":40,"cards_upgraded":["Defend_B","Echo Form"]}],"is_beta":false,"boss_relics":[{"not_picked":["Orrery","Pandora\u0027s Box"],"picked":"Nuclear Battery"}],"items_purged_floors":[13,23],"is_endless":false,"potions_floor_spawned":[1,5,12,16],"killed_by":"Gremlin Leader","ascension_level":6}