{"gold_per_floor":[112,131,149,162,180,180,30,30,30,30,30,30,47,75,75,170,170,170,170,92,47,47,47,47,47,47,47,47,47,47,47,47,47,47,47,47,47,47,47,47,47,47,47,47,47,47,47,47,47,47,47,47,47,47,47],"floor_reached":55,"playtime":2430,"items_purged":["Strike_R"],"score":749,"play_id":"e357e453-0435-49ac-aa92-3cdd0d3d5e38","local_time":"20190309233831","is_ascension_mode":false,"campfire_choices":[{"data":"Flex","floor":6,"key":"SMITH"},{"data":"Limit Break","floor":8,"key":"SMITH"},{"data":"Shockwave","floor":10,"key":"SMITH"},{"data":"Thunderclap","floor":12,"key":"SMITH"},{"floor":15,"key":"RECALL"},{"data":"Double Tap","floor":23,"key":"SMITH"},{"data":"Flex","floor":27,"key":"SMITH"},{"data":"Inflame","floor":32,"key":"SMITH"},{"data":"Metamorphosis","floor":40,"key":"SMITH"},{"data":"Offering","floor":45,"key":"SMITH"},{"data":"Inflame","floor":47,"key":"SMITH"},{"data":"Bite","floor":49,"key":"SMITH"},{"data":"Brutality","floor":52,"key":"SMITH"}],"neow_cost":"NONE","seed_source_timestamp":1240024762396178,"circlet_count":0,"master_deck":["Defend_R","Defend_R","Defend_R","Defend_R","Bash+1","Thunderclap+1","Flex+1","Shockwave+1","Limit Break+1","Twin Strike","Brutality+1","Double Tap+1","Twin Strike","Bite+1","Bite","Bite","Bite","Inflame+1","Flex+1","Shame","Pommel Strike+1","Heavy Blade+1","Pommel Strike+1","Offering+1","Seeing Red+1","Headbutt+1","Metamorphosis+1","Sword Boomerang","Inflame+1","Parasite","Armaments+1","Shrug It Off+1"],"relics":["Burning Blood","Dodecahedron","Bag of Preparation","Torii","Ectoplasm","Turnip","Incense Burner","Red Skull","Sozu","FossilizedHelix","Bottled Flame","Pen Nib","Sundial"],"potions_floor_usage":[5,13,14,33,33,55,55],"damage_taken":[{"damage":6,"enemies":"Jaw Worm","floor":1,"turns":5},{"damage":5,"enemies":"Cultist","floor":2,"turns":4},{"damage":0,"enemies":"2 Louse","floor":3,"turns":2},{"damage":12,"enemies":"Looter","floor":4,"turns":5},{"damage":6,"enemies":"Exordium Thugs","floor":5,"turns":4},{"damage":12,"enemies":"Gremlin Gang","floor":13,"turns":3},{"damage":18,"enemies":"Gremlin Nob","floor":14,"turns":4},{"damage":14,"enemies":"Hexaghost","floor":16,"turns":8},{"damage":11,"enemies":"Spheric Guardian","floor":18,"turns":4},{"damage":19,"enemies":"2 Thieves","floor":21,"turns":3},{"damage":19,"enemies":"Snake Plant","floor":22,"turns":4},{"damage":45,"enemies":"Book of Stabbing","floor":25,"turns":6},{"damage":14,"enemies":"Shelled Parasite and Fungi","floor":29,"turns":3},{"damage":1,"enemies":"Centurion and Healer","floor":30,"turns":2},{"damage":0,"enemies":"Snake Plant","floor":31,"turns":1},{"damage":29,"enemies":"Champ","floor":33,"turns":5},{"damage":17,"enemies":"3 Darklings","floor":35,"turns":5},{"damage":6,"enemies":"Orb Walker","floor":36,"turns":1},{"damage":19,"enemies":"2 Orb Walkers","floor":37,"turns":3},{"damage":37,"enemies":"Nemesis","floor":41,"turns":5},{"damage":0,"enemies":"Transient","floor":42,"turns":5},{"damage":16,"enemies":"Writhing Mass","floor":44,"turns":3},{"damage":3,"enemies":"Sphere and 2 Shapes","floor":46,"turns":3},{"damage":8,"enemies":"Giant Head","floor":48,"turns":5},{"damage":62,"enemies":"Awakened One","floor":50,"turns":7},{"damage":23,"enemies":"Shield and Spear","floor":54,"turns":4},{"damage":45,"enemies":"The Heart","floor":55,"turns":5}],"seed_played":"-6504280756578850176","potions_obtained":[{"floor":2,"key":"AttackPotion"},{"floor":3,"key":"Fire Potion"},{"floor":13,"key":"Dexterity Potion"},{"floor":16,"key":"GamblersBrew"},{"floor":18,"key":"BloodPotion"},{"floor":29,"key":"Fire Potion"},{"floor":31,"key":"PowerPotion"},{"floor":33,"key":"Poison Potion"}],"is_trial":false,"path_per_floor":["M","M","M","M","M","R","$","R","T","R","?","R","M","E","R","B",null,"M","?","$","M","M","R","?","E","T","R","?","M","M","M","R","B",null,"M","M","?","$","?","R","E","M","T","M","R","M","R","E","R","B",null,"R","$","E","B"],"character_chosen":"IRONCLAD","items_purchased":["Limit Break","Inflame"],"campfire_rested":0,"item_purchase_floors":[7,20],"current_hp_per_floor":[80,80,80,74,74,74,74,74,74,74,74,74,68,56,56,48,80,75,56,56,51,47,47,47,18,18,18,18,12,23,33,33,29,56,55,55,46,46,46,46,27,41,41,31,31,38,38,55,55,17,56,56,56,39,0],"gold":47,"neow_bonus":"UPGRADE_CARD","is_prod":false,"is_daily":false,"chose_seed":false,"campfire_upgraded":12,"win_rate":0,"timestamp":1552145911,"path_taken":["M","M","M","M","M","R","$","R","T","R","?","R","M","E","R","BOSS","M","?","$","M","M","R","?","E","T","R","?","M","M","M","R","BOSS","M","M","?","$","?","R","E","M","T","M","R","?","R","E","R","BOSS","R","$","E","BOSS"],"build_version":"2019-01-23","purchased_purges":1,"victory":false,"max_hp_per_floor":[80,80,80,80,80,80,80,80,80,80,80,80,80,80,80,80,80,80,56,56,56,56,56,56,56,56,56,56,56,56,56,56,56,56,56,56,56,56,56,56,56,56,56,56,56,56,56,56,56,56,56,56,56,56,56],"card_choices":[{"not_picked":["Perfected Strike","Infernal Blade"],"picked":"Thunderclap","floor":1},{"not_picked":["Sword Boomerang","Iron Wave"],"picked":"Flex","floor":2},{"not_picked":["Infernal Blade","Anger","Clothesline"],"picked":"SKIP","floor":3},{"not_picked":["Rupture","Fire Breathing"],"picked":"Iron Wave","floor":4},{"not_picked":["Sentinel","Feel No Pain"],"picked":"Shockwave","floor":5},{"not_picked":["Armaments","Heavy Blade"],"picked":"Twin Strike","floor":13},{"not_picked":["Thunderclap","True Grit"],"picked":"Brutality","floor":14},{"not_picked":["Feed","Brutality"],"picked":"Double Tap","floor":16},{"not_picked":["Anger","Iron Wave+1"],"picked":"Twin Strike","floor":18},{"not_picked":["Body Slam+1","Infernal Blade"],"picked":"Flex","floor":21},{"not_picked":["Havoc","Perfected Strike","Clash"],"picked":"SKIP","floor":22},{"not_picked":["Uppercut","Cleave"],"picked":"Pommel Strike+1","floor":25},{"not_picked":["Sword Boomerang","Shrug It Off"],"picked":"Heavy Blade+1","floor":29},{"not_picked":["Thunderclap","Fiend Fire"],"picked":"Pommel Strike+1","floor":30},{"not_picked":["Clothesline+1","Flex","Combust+1"],"picked":"SKIP","floor":31},{"not_picked":["Fiend Fire","Juggernaut"],"picked":"Offering","floor":33},{"not_picked":["Flex","Havoc"],"picked":"Seeing Red+1","floor":35},{"not_picked":["Disarm","Twin Strike"],"picked":"Headbutt+1","floor":36},{"not_picked":["Evolve","Rampage"],"picked":"Sword Boomerang","floor":41},{"not_picked":["Perfected Strike+1","Corruption"],"picked":"Inflame","floor":42},{"not_picked":["Double Tap","Perfected Strike+1"],"picked":"Armaments+1","floor":44},{"not_picked":["Ghostly Armor+1","Bloodletting","Iron Wave"],"picked":"SKIP","floor":46},{"not_picked":["Headbutt","Perfected Strike+1"],"picked":"Shrug It Off+1","floor":48},{"not_picked":["Perfected Strike","Havoc","Thunderclap+1"],"picked":"SKIP","floor":54}],"player_experience":786225,"relics_obtained":[{"floor":9,"key":"Dodecahedron"},{"floor":14,"key":"Torii"},{"floor":25,"key":"Incense Burner"},{"floor":26,"key":"Red Skull"},{"floor":37,"key":"FossilizedHelix"},{"floor":41,"key":"Bottled Flame"},{"floor":48,"key":"Pen Nib"},{"floor":54,"key":"Sundial"}],"event_choices":[{"cards_removed":["Iron Wave"],"damage_healed":0,"gold_gain":0,"player_choice":"Gave Card","damage_taken":0,"relics_obtained":["Bag of Preparation"],"max_hp_gain":0,"max_hp_loss":0,"event_name":"WeMeetAgain","floor":11,"gold_loss":0},{"damage_healed":0,"gold_gain":0,"player_choice":"Became a vampire","damage_taken":0,"max_hp_gain":0,"max_hp_loss":24,"event_name":"Vampires","floor":19,"gold_loss":0,"cards_obtained":["Bite","Bite","Bite","Bite","Bite"]},{"damage_healed":0,"gold_gain":0,"player_choice":"Stole Relic","damage_taken":0,"relics_obtained":["Turnip"],"max_hp_gain":0,"max_hp_loss":0,"event_name":"Addict","floor":24,"gold_loss":0,"cards_obtained":["Shame"]},{"damage_healed":0,"gold_gain":99,"player_choice":"Stole From Cult","damage_taken":0,"max_hp_gain":0,"max_hp_loss":0,"event_name":"Nest","floor":28,"gold_loss":0},{"damage_healed":0,"gold_gain":0,"player_choice":"Fight","damage_taken":0,"max_hp_gain":0,"max_hp_loss":0,"event_name":"Mysterious Sphere","floor":37,"gold_loss":0},{"damage_healed":0,"gold_gain":0,"cards_transformed":["Bite"],"player_choice":"Transformed","damage_taken":0,"max_hp_gain":0,"max_hp_loss":0,"event_name":"Transmorgrifier","floor":39,"gold_loss":0,"cards_obtained":["Metamorphosis"]}],"is_beta":false,"boss_relics":[{"not_picked":["Orrery","Snecko Eye"],"picked":"Ectoplasm"},{"not_picked":["Black Star","White Beast Statue"],"picked":"Sozu"}],"items_purged_floors":[7],"is_endless":false,"potions_floor_spawned":[2,3,13,16,18,29,31,33,37,41,44,54],"killed_by":"The Heart","ascension_level":0}