{"gold_per_floor":[119,194,205,215,229,229,229,240,263,274,294,329,329,504,504,607,607,617,632,632,632,647,647,647,662,711,219,219,229,244,278,278,278],"floor_reached":33,"playtime":1219,"items_purged":["Doubt"],"score":325,"play_id":"13bdba24-abab-47c6-8ba2-976186f3d950","local_time":"20190407232221","is_ascension_mode":true,"campfire_choices":[{"data":"Dagger Spray","floor":6,"key":"SMITH"},{"data":"Neutralize","floor":13,"key":"SMITH"},{"data":"All Out Attack","floor":15,"key":"SMITH"},{"data":"Phantasmal Killer","floor":23,"key":"SMITH"},{"data":"Calculated Gamble","floor":28,"key":"SMITH"},{"floor":32,"key":"REST"}],"neow_cost":"NONE","seed_source_timestamp":113170484644366,"circlet_count":0,"master_deck":["Defend_G","Defend_G","Defend_G","Defend_G","Defend_G","Strike_G","Strike_G","Survivor","Neutralize+1","Flying Knee","Dagger Spray+1","Poisoned Stab","All Out Attack+1","Backflip+1","Unload","Backflip","Phantasmal Killer+1","Finisher+1","Noxious Fumes+1","Caltrops+1","Poisoned Stab+1","Cloak And Dagger+1","Expertise+1","Slice+1","Blind","Calculated Gamble+1","Burst","Corpse Explosion","Backstab"],"relics":["Ring of the Snake","Dream Catcher","Bag of Marbles","Pen Nib","Astrolabe","MutagenicStrength","Art of War","Letter Opener","Torii"],"potions_floor_usage":[3,12,19,22,25,33,33],"damage_taken":[{"damage":2,"enemies":"Small Slimes","floor":1,"turns":4},{"damage":1,"enemies":"2 Louse","floor":3,"turns":5},{"damage":0,"enemies":"Jaw Worm","floor":4,"turns":4},{"damage":9,"enemies":"Exordium Wildlife","floor":5,"turns":5},{"damage":2,"enemies":"Large Slime","floor":8,"turns":5},{"damage":0,"enemies":"2 Fungi Beasts","floor":10,"turns":1},{"damage":0,"enemies":"Lots of Slimes","floor":11,"turns":1},{"damage":8,"enemies":"Gremlin Nob","floor":12,"turns":3},{"damage":21,"enemies":"Slime Boss","floor":16,"turns":8},{"damage":0,"enemies":"3 Byrds","floor":18,"turns":4},{"damage":5,"enemies":"2 Thieves","floor":19,"turns":2},{"damage":0,"enemies":"Centurion and Healer","floor":22,"turns":1},{"damage":8,"enemies":"Sentry and Sphere","floor":25,"turns":3},{"damage":6,"enemies":"Chosen and Byrds","floor":29,"turns":3},{"damage":8,"enemies":"Cultist and Chosen","floor":30,"turns":4},{"damage":20,"enemies":"Book of Stabbing","floor":31,"turns":6},{"damage":63,"enemies":"Champ","floor":33,"turns":12}],"seed_played":"-4218126381205240849","potions_obtained":[{"floor":0,"key":"Regen Potion"},{"floor":0,"key":"SkillPotion"},{"floor":0,"key":"Regen Potion"},{"floor":3,"key":"Swift Potion"},{"floor":12,"key":"Explosive Potion"},{"floor":16,"key":"SteroidPotion"},{"floor":19,"key":"GhostInAJar"},{"floor":31,"key":"GhostInAJar"}],"is_trial":false,"path_per_floor":["M","?","M","M","M","R","?","M","T","M","M","E","R","?","R","B",null,"M","M","?","?","M","R","?","M","T","$","R","M","M","E","R","B"],"character_chosen":"THE_SILENT","items_purchased":["Blind","Letter Opener","Calculated Gamble"],"campfire_rested":1,"item_purchase_floors":[27,27,27],"current_hp_per_floor":[68,57,70,70,61,61,61,59,59,59,59,56,56,56,56,35,70,70,65,65,65,65,65,65,57,57,57,57,51,43,23,44,0],"gold":278,"neow_bonus":"THREE_SMALL_POTIONS","is_prod":false,"is_daily":false,"chose_seed":false,"campfire_upgraded":5,"win_rate":0,"timestamp":1554650541,"path_taken":["M","?","M","M","M","R","?","M","T","M","M","E","R","?","R","BOSS","M","M","?","?","?","R","?","?","T","$","R","?","M","E","R","BOSS"],"build_version":"2019-01-23","purchased_purges":1,"victory":false,"max_hp_per_floor":[70,70,70,70,70,70,70,70,70,70,70,70,70,70,70,70,70,70,70,70,70,70,70,70,70,70,70,70,70,70,70,70,70],"card_choices":[{"not_picked":["Bane","Sucker Punch"],"picked":"Flying Knee","floor":1},{"not_picked":["Terror","Accuracy"],"picked":"Dagger Spray","floor":3},{"not_picked":["Flying Knee","Bane"],"picked":"Poisoned Stab","floor":4},{"not_picked":["Flechettes","Bane"],"picked":"All Out Attack","floor":5},{"not_picked":["Setup","Heel Hook","Flying Knee"],"picked":"SKIP","floor":8},{"not_picked":["Dodge and Roll","Distraction"],"picked":"Backflip","floor":10},{"not_picked":["Sucker Punch","Dodge and Roll"],"picked":"Unload","floor":11},{"not_picked":["Acrobatics","Bane"],"picked":"Backflip","floor":12},{"not_picked":["Wraith Form v2","Unload"],"picked":"Phantasmal Killer","floor":16},{"not_picked":["Dagger Spray","Outmaneuver"],"picked":"Poisoned Stab+1","floor":18},{"not_picked":["Slice","Dodge and Roll"],"picked":"Cloak And Dagger+1","floor":19},{"not_picked":["Predator","Skewer"],"picked":"Expertise+1","floor":22},{"not_picked":["Setup","Backflip"],"picked":"Slice+1","floor":25},{"not_picked":["Terror","Reflex","Dash"],"picked":"SKIP","floor":29},{"not_picked":["Outmaneuver","Backflip"],"picked":"Burst","floor":30},{"not_picked":["Grand Finale","Slice"],"picked":"Corpse Explosion","floor":31},{"not_picked":["Dagger Throw+1","Quick Slash"],"picked":"Backstab","floor":32}],"player_experience":950154,"relics_obtained":[{"floor":9,"key":"Bag of Marbles"},{"floor":12,"key":"Pen Nib"},{"floor":26,"key":"Art of War"},{"floor":31,"key":"Torii"}],"event_choices":[{"damage_healed":0,"gold_gain":75,"player_choice":"Gather Gold","damage_taken":11,"max_hp_gain":0,"max_hp_loss":0,"event_name":"World of Goop","floor":2,"gold_loss":0},{"damage_healed":0,"gold_gain":0,"player_choice":"Searched \u00271\u0027 times","damage_taken":0,"relics_obtained":["Dream Catcher"],"max_hp_gain":0,"max_hp_loss":0,"event_name":"Dead Adventurer","floor":7,"gold_loss":0},{"damage_healed":0,"gold_gain":175,"player_choice":"AGREE","damage_taken":0,"max_hp_gain":0,"max_hp_loss":0,"event_name":"Liars Game","floor":14,"gold_loss":0,"cards_obtained":["Doubt"]},{"damage_healed":0,"gold_gain":0,"player_choice":"Inject Mutagens","damage_taken":0,"relics_obtained":["MutagenicStrength"],"max_hp_gain":0,"max_hp_loss":0,"event_name":"Drug Dealer","floor":20,"gold_loss":0},{"damage_healed":0,"gold_gain":0,"player_choice":"Ignored","damage_taken":0,"max_hp_gain":0,"max_hp_loss":0,"event_name":"Vampires","floor":21,"gold_loss":0},{"damage_healed":0,"gold_gain":0,"player_choice":"Forge","damage_taken":0,"max_hp_gain":0,"max_hp_loss":0,"event_name":"Accursed Blacksmith","floor":24,"gold_loss":0,"cards_upgraded":["Backflip"]}],"is_beta":false,"boss_relics":[{"not_picked":["Snecko Eye","Velvet Choker"],"picked":"Astrolabe"}],"items_purged_floors":[27],"is_endless":false,"potions_floor_spawned":[3,8,12,16,19,31],"killed_by":"Champ","ascension_level":4}