{"gold_per_floor":[117,128,146,170,186,186,218,218,218,218,179,194,369,128,128,231,231,251,265,277,19,19,19,29,29,29,29],"floor_reached":27,"playtime":707,"items_purged":["Doubt","Strike_B"],"score":330,"play_id":"d6a7d872-0a0f-480f-8e55-2b77e9be9a6c","local_time":"20181221174324","is_ascension_mode":true,"campfire_choices":[{"data":"Zap","floor":6,"key":"SMITH"},{"data":"Dualcast","floor":8,"key":"SMITH"},{"data":"Ball Lightning","floor":10,"key":"SMITH"},{"data":"Go for the Eyes","floor":15,"key":"SMITH"},{"floor":23,"key":"REST"}],"neow_cost":"NONE","seed_source_timestamp":32841253104199,"circlet_count":0,"master_deck":["AscendersBane","Strike_B","Strike_B","Defend_B","Defend_B","Defend_B","Defend_B","Zap+1","Dualcast+1","Go for the Eyes+1","Ball Lightning+1","Barrage","Cold Snap","Loop","Dramatic Entrance","Cold Snap+1","Consume+1","Cold Snap","Self Repair","Blizzard","Barrage","Leap"],"relics":["Cracked Core","Dream Catcher","Boot","DataDisk","Sozu","Pocketwatch"],"potions_floor_usage":[7,19,27],"damage_taken":[{"damage":0,"enemies":"Cultist","floor":1,"turns":4},{"damage":0,"enemies":"Small Slimes","floor":2,"turns":3},{"damage":2,"enemies":"Jaw Worm","floor":3,"turns":3},{"damage":3,"enemies":"Exordium Thugs","floor":5,"turns":5},{"damage":25,"enemies":"Gremlin Nob","floor":7,"turns":4},{"damage":15,"enemies":"Gremlin Gang","floor":12,"turns":3},{"damage":10,"enemies":"Hexaghost","floor":16,"turns":9},{"damage":6,"enemies":"3 Byrds","floor":18,"turns":3},{"damage":17,"enemies":"2 Thieves","floor":19,"turns":3},{"damage":25,"enemies":"Snecko","floor":20,"turns":6},{"damage":31,"enemies":"Snake Plant","floor":24,"turns":4},{"damage":13,"enemies":"Shelled Parasite and Fungi","floor":27,"turns":2}],"seed_played":"-2928833564186170397","potions_obtained":[{"floor":2,"key":"PowerPotion"},{"floor":5,"key":"SteroidPotion"},{"floor":7,"key":"Ancient Potion"}],"is_trial":false,"path_per_floor":["M","M","M","T","M","R","E","R","T","R","?","M","?","$","R","B",null,"M","M","M","$","?","R","M","$","T","M"],"character_chosen":"DEFECT","items_purchased":["Cold Snap","Loop","Dramatic Entrance","Self Repair","Blizzard","Barrage"],"campfire_rested":1,"item_purchase_floors":[14,14,14,21,21,21],"current_hp_per_floor":[68,68,66,66,63,63,38,38,38,38,38,23,23,23,23,13,60,54,37,12,12,12,34,3,3,3,0],"gold":29,"neow_bonus":"REMOVE_CARD","is_prod":false,"is_daily":false,"chose_seed":false,"campfire_upgraded":4,"win_rate":0,"timestamp":1545410604,"path_taken":["M","?","M","?","M","R","E","R","T","R","?","M","?","$","R","BOSS","M","M","M","$","?","R","M","?","T","M"],"build_version":"2018-12-20","purchased_purges":2,"victory":false,"max_hp_per_floor":[75,75,75,75,75,75,75,75,75,75,75,75,75,75,75,75,75,75,75,75,75,75,75,75,75,75,75],"card_choices":[{"not_picked":["Steam","Scrape"],"picked":"Go for the Eyes","floor":1},{"not_picked":["Turbo","Rip and Tear"],"picked":"Ball Lightning","floor":2},{"not_picked":["Gash","Redo"],"picked":"Barrage","floor":3},{"not_picked":["Stack","Beam Cell","Turbo"],"picked":"SKIP","floor":5},{"not_picked":["Hologram","Heatsinks","Hello World"],"picked":"SKIP","floor":7},{"not_picked":["Force Field","Fusion","Compile Driver"],"picked":"SKIP","floor":12},{"not_picked":["Turbo","Darkness"],"picked":"Cold Snap+1","floor":18},{"not_picked":["Cold Snap","Streamline+1"],"picked":"Consume+1","floor":19},{"not_picked":["Go for the Eyes","Sunder"],"picked":"Cold Snap","floor":20},{"not_picked":["Hologram","Stack"],"picked":"Leap","floor":23},{"not_picked":["Scrape+1","Hello World+1","Blizzard"],"picked":"SKIP","floor":24}],"player_experience":302199,"relics_obtained":[{"floor":4,"key":"Dream Catcher"},{"floor":7,"key":"Boot"},{"floor":9,"key":"DataDisk"},{"floor":26,"key":"Pocketwatch"}],"event_choices":[{"damage_healed":0,"gold_gain":0,"player_choice":"Left Gold","damage_taken":0,"max_hp_gain":0,"max_hp_loss":0,"event_name":"World of Goop","floor":11,"gold_loss":39},{"damage_healed":0,"gold_gain":175,"player_choice":"AGREE","damage_taken":0,"max_hp_gain":0,"max_hp_loss":0,"event_name":"Liars Game","floor":13,"gold_loss":0,"cards_obtained":["Doubt"]}],"is_beta":false,"boss_relics":[{"not_picked":["Velvet Choker","Runic Pyramid"],"picked":"Sozu"}],"items_purged_floors":[14,21],"is_endless":false,"potions_floor_spawned":[2,5,7,18,20,24],"killed_by":"Shelled Parasite and Fungi","ascension_level":11}