{"gold_per_floor":[112,131,142,157,176,176,126,126,126,157,179,209,238,21,21,126,126,136,155,105,11,11,11,25,25,25,59,59,70,89,89,89,190,190,205,225,280,280,297,297,297,28,28,28,38,38,38,63,63,63,63,63,14,48,48],"floor_reached":55,"playtime":6995,"items_purged":["Normality"],"score":727,"play_id":"acb3c290-edcb-4067-8817-079984e95b45","local_time":"20190402143534","is_ascension_mode":true,"campfire_choices":[{"floor":6.0,"key":"REST"},{"floor":15.0,"key":"REST"},{"data":"1","floor":23.0,"key":"LIFT"},{"floor":25.0,"key":"REST"},{"data":"2","floor":28.0,"key":"LIFT"},{"floor":32.0,"key":"REST"},{"floor":40.0,"key":"RECALL"},{"floor":44.0,"key":"REST"},{"data":"Wraith Form v2","floor":46.0,"key":"SMITH"},{"data":"Noxious Fumes","floor":49.0,"key":"SMITH"},{"data":"Wraith Form v2","floor":52.0,"key":"SMITH"}],"neow_cost":"PERCENT_DAMAGE","seed_source_timestamp":0,"circlet_count":0,"master_deck":["Defend_G","Defend_G","Defend_G","Defend_G","Defend_G","Strike_G","Strike_G","Strike_G","Survivor","Neutralize","Choke","Blur","Backstab","Backflip","Well Laid Plans","Noxious Fumes+1","Adrenaline","Endless Agony","Blur","After Image","Backstab","Wraith Form v2+1","Deadly Poison","Dodge and Roll+1","Deadly Poison","Caltrops","Backflip","Dash","Riddle With Holes+1","After Image","Wraith Form v2+1","Dagger Spray","Noxious Fumes+1","Leg Sweep+1","Madness","Madness","Well Laid Plans","Backstab","Doubt","Escape Plan","Cloak And Dagger+1"],"special_seed":0,"relics":["Ring of the Serpent","Girya","MawBank","Cursed Key","Torii","Bottled Flame","MutagenicStrength","Ice Cream","Anchor","Bronze Scales","Snake Skull"],"potions_floor_usage":[],"damage_taken":[{"damage":0.0,"enemies":"Jaw Worm","floor":1.0,"turns":4.0},{"damage":2.0,"enemies":"Small Slimes","floor":2.0,"turns":3.0},{"damage":0.0,"enemies":"2 Louse","floor":3.0,"turns":2.0},{"damage":8.0,"enemies":"Exordium Thugs","floor":4.0,"turns":7.0},{"damage":6.0,"enemies":"Exordium Wildlife","floor":5.0,"turns":8.0},{"damage":40.0,"enemies":"Gremlin Nob","floor":10.0,"turns":6.0},{"damage":0.0,"enemies":"Large Slime","floor":11.0,"turns":7.0},{"damage":0.0,"enemies":"2 Fungi Beasts","floor":12.0,"turns":4.0},{"damage":0.0,"enemies":"Looter","floor":13.0,"turns":1.0},{"damage":27.0,"enemies":"Slime Boss","floor":16.0,"turns":13.0},{"damage":7.0,"enemies":"Chosen","floor":18.0,"turns":8.0},{"damage":7.0,"enemies":"Shell Parasite","floor":19.0,"turns":6.0},{"damage":26.0,"enemies":"Shelled Parasite and Fungi","floor":24.0,"turns":6.0},{"damage":26.0,"enemies":"Gremlin Leader","floor":27.0,"turns":8.0},{"damage":2.0,"enemies":"Chosen and Byrds","floor":29.0,"turns":8.0},{"damage":1.0,"enemies":"Centurion and Healer","floor":30.0,"turns":6.0},{"damage":31.0,"enemies":"Champ","floor":33.0,"turns":14.0},{"damage":1.0,"enemies":"3 Darklings","floor":35.0,"turns":6.0},{"damage":1.0,"enemies":"Orb Walker","floor":36.0,"turns":3.0},{"damage":38.0,"enemies":"2 Orb Walkers","floor":37.0,"turns":5.0},{"damage":0.0,"enemies":"Maw","floor":39.0,"turns":9.0},{"damage":10.0,"enemies":"Transient","floor":45.0,"turns":5.0},{"damage":7.0,"enemies":"Reptomancer","floor":48.0,"turns":8.0},{"damage":20.0,"enemies":"Awakened One","floor":50.0,"turns":18.0},{"damage":12.0,"enemies":"Shield and Spear","floor":54.0,"turns":8.0},{"damage":58,"enemies":"The Heart","floor":55,"turns":2}],"seed_played":"-3158749968760936178","potions_obtained":[{"floor":1.0,"key":"Block Potion"},{"floor":3.0,"key":"PowerPotion"},{"floor":10.0,"key":"Dexterity Potion"},{"floor":12.0,"key":"Energy Potion"},{"floor":16.0,"key":"FearPotion"},{"floor":24.0,"key":"SpeedPotion"},{"floor":29.0,"key":"PowerPotion"},{"floor":33.0,"key":"Poison Potion"},{"floor":37.0,"key":"Dexterity Potion"},{"floor":45.0,"key":"Weak Potion"},{"floor":48.0,"key":"Poison Potion"}],"is_trial":false,"path_per_floor":["M","M","M","M","M","R","?","?","T","E","M","M","M","$","R","B",null,"M","M","?","$","T","R","M","R","T","E","R","M","M","?","R","B",null,"M","M","?","?","M","R","?","$","T","R","M","R","?","E","R","B",null,"R","$","E","B"],"character_chosen":"THE_SILENT","items_purchased":["After Image","Backstab","SkillPotion","Deadly Poison","Caltrops","Anchor","Well Laid Plans","PowerPotion"],"campfire_rested":5,"item_purchase_floors":[14,14,14,21,21,42,42,53],"current_hp_per_floor":[49,47,47,39,33,54,54,54,54,14,14,14,14,14,35,8,70,63,56,56,56,56,56,30,51,51,25,25,23,22,22,43,12,70,69,68,30,30,30,30,21,21,21,42,32,32,70,63,63,43,70,70,70,58,0],"gold":48,"neow_bonus":"ONE_RARE_RELIC","is_prod":false,"is_daily":false,"chose_seed":false,"campfire_upgraded":3,"win_rate":0,"timestamp":1554240934,"path_taken":["M","M","M","M","M","R","?","?","T","E","M","M","M","$","R","BOSS","M","M","?","?","?","R","M","R","T","E","R","M","M","?","R","BOSS","M","M","?","?","M","R","?","$","T","R","M","R","?","E","R","BOSS","R","$","E","BOSS"],"build_version":"2019-01-23","purchased_purges":1,"victory":false,"max_hp_per_floor":[70,70,70,70,70,70,70,70,70,70,70,70,70,70,70,70,70,70,70,70,70,70,70,70,70,70,70,70,70,70,70,70,70,70,70,70,70,70,70,70,70,70,70,70,70,70,70,70,70,70,70,70,70,70,70],"card_choices":[{"not_picked":["Reflex","Tactician"],"picked":"Choke","floor":1.0},{"not_picked":["Acrobatics","Cloak And Dagger"],"picked":"Blur","floor":2.0},{"not_picked":["Choke","Deflect"],"picked":"Backstab","floor":3.0},{"not_picked":["PiercingWail","Dodge and Roll"],"picked":"Backflip","floor":4.0},{"not_picked":["Poisoned Stab","Backflip"],"picked":"Well Laid Plans","floor":5.0},{"not_picked":["Dagger Throw","Poisoned Stab"],"picked":"Noxious Fumes","floor":10.0},{"not_picked":["Skewer","Tactician"],"picked":"Adrenaline","floor":11.0},{"not_picked":["Quick Slash","Outmaneuver"],"picked":"Endless Agony","floor":12.0},{"not_picked":["Bane","Prepared"],"picked":"Blur","floor":13.0},{"not_picked":["Night Terror","Doppelganger"],"picked":"Wraith Form v2","floor":16.0},{"not_picked":["Prepared","Backflip"],"picked":"Deadly Poison","floor":18.0},{"not_picked":["Deflect","Quick Slash"],"picked":"Dodge and Roll+1","floor":19.0},{"not_picked":["All Out Attack+1","Dodge and Roll"],"picked":"Backflip","floor":24.0},{"not_picked":["Acrobatics","Blade Dance"],"picked":"Dash","floor":27.0},{"not_picked":["Dagger Spray","Flying Knee"],"picked":"Riddle With Holes+1","floor":29.0},{"not_picked":["Dagger Spray","Slice"],"picked":"After Image","floor":30.0},{"not_picked":["Night Terror","Venomology"],"picked":"Wraith Form v2","floor":33.0},{"not_picked":["Choke","Deadly Poison"],"picked":"Dagger Spray","floor":35.0},{"not_picked":["Deadly Poison+1","Quick Slash"],"picked":"Noxious Fumes+1","floor":36.0},{"not_picked":["Dash+1","Blade Dance"],"picked":"Leg Sweep+1","floor":37.0},{"not_picked":["Poisoned Stab","Sucker Punch","Masterful Stab"],"picked":"SKIP","floor":39.0},{"not_picked":["Corpse Explosion","Sucker Punch+1"],"picked":"Backstab","floor":45.0},{"not_picked":["Sucker Punch","Expertise"],"picked":"Escape Plan","floor":48.0},{"not_picked":["Dodge and Roll","Skewer+1"],"picked":"Cloak And Dagger+1","floor":54.0}],"player_experience":360616,"relics_obtained":[{"floor":10.0,"key":"MawBank"},{"floor":26.0,"key":"Torii"},{"floor":27.0,"key":"Bottled Flame"},{"floor":37.0,"key":"Ice Cream"},{"floor":48.0,"key":"Bronze Scales"},{"floor":54.0,"key":"Snake Skull"}],"event_choices":[{"cards_removed":["Strike_G"],"damage_healed":0.0,"max_hp_gain":0.0,"max_hp_loss":0.0,"gold_gain":0.0,"event_name":"The Cleric","player_choice":"Card Removal","floor":7.0,"gold_loss":50.0,"damage_taken":0.0},{"damage_healed":0.0,"max_hp_gain":0.0,"max_hp_loss":0.0,"gold_gain":0.0,"event_name":"Dead Adventurer","player_choice":"Searched \u00271\u0027 times","floor":8.0,"gold_loss":0.0,"damage_taken":0.0},{"damage_healed":0.0,"max_hp_gain":0.0,"max_hp_loss":0.0,"gold_gain":0.0,"event_name":"The Joust","player_choice":"Bet on Murderer","floor":20.0,"gold_loss":50.0,"damage_taken":0.0},{"damage_healed":0.0,"max_hp_gain":0.0,"max_hp_loss":0.0,"gold_gain":0.0,"event_name":"Drug Dealer","player_choice":"Inject Mutagens","floor":31.0,"gold_loss":0.0,"damage_taken":0.0,"relics_obtained":["MutagenicStrength"]},{"damage_healed":0.0,"max_hp_gain":0.0,"max_hp_loss":0.0,"gold_gain":0.0,"event_name":"Mysterious Sphere","player_choice":"Fight","floor":37.0,"gold_loss":0.0,"damage_taken":0.0},{"cards_removed":["Strike_G"],"damage_healed":0.0,"max_hp_gain":0.0,"max_hp_loss":0.0,"gold_gain":0.0,"event_name":"Falling","player_choice":"Removed Attack","floor":38.0,"gold_loss":0.0,"damage_taken":0.0},{"damage_healed":0.0,"max_hp_gain":0.0,"max_hp_loss":0.0,"gold_gain":0.0,"event_name":"Winding Halls","player_choice":"Embrace Madness","floor":41.0,"gold_loss":0.0,"damage_taken":9.0,"cards_obtained":["Madness","Madness"]},{"damage_healed":38.0,"max_hp_gain":0.0,"max_hp_loss":0.0,"gold_gain":0.0,"event_name":"MindBloom","player_choice":"Heal","floor":47.0,"gold_loss":0.0,"damage_taken":0.0,"cards_obtained":["Doubt"]}],"is_beta":false,"boss_relics":[{"not_picked":["Snecko Eye","Philosopher\u0027s Stone"],"picked":"Cursed Key"},{"not_picked":["Empty Cage","Lizard Tail"],"picked":"Ring of the Serpent"}],"items_purged_floors":[42],"is_endless":false,"potions_floor_spawned":[1,3,10,12,16,24,29,33,37,45,48],"killed_by":"The Heart","ascension_level":1}