{"gold_per_floor":[109,121,196,11,26,52,63,49,130,130,95,95,71,71,71,175,175,189,206,220,220,231,231,247,247,247,247,264,140,140,215,215,314,314,327,3,22,38,38],"floor_reached":39,"playtime":3342,"items_purged":["Defend_R"],"score":383,"play_id":"53939746-9afb-4931-a1de-44c0bee7e6fd","local_time":"20190211000821","is_ascension_mode":false,"campfire_choices":[{"floor":10,"key":"REST"},{"data":"Reaper","floor":12,"key":"SMITH"},{"data":"Dual Wield","floor":15,"key":"SMITH"},{"data":"Bash","floor":23,"key":"SMITH"},{"data":"Shrug It Off","floor":25,"key":"SMITH"},{"floor":27,"key":"REST"},{"data":"Armaments","floor":32,"key":"SMITH"}],"neow_cost":"PERCENT_DAMAGE","seed_source_timestamp":1067019291851799,"circlet_count":0,"master_deck":["Strike_R","Strike_R","Defend_R","Defend_R","Defend_R","Bash+1","Berserk","Anger","Flex","Reaper+1","Inflame","Heavy Blade","Dropkick","Anger","Clothesline","Shrug It Off+1","Dual Wield+1","Immolate","Metallicize+1","Anger+1","Pommel Strike+1","Carnage+1","Shrug It Off+1","Armaments+1","Dark Embrace","Shockwave","Enlightenment","Rupture+1","Disarm"],"relics":["Black Blood","Happy Flower","Ornamental Fan","Empty Cage","Kunai","Potion Belt"],"potions_floor_usage":[5,7,20,20,22,33,33,33,38],"damage_taken":[{"damage":7,"enemies":"2 Louse","floor":1,"turns":4},{"damage":7,"enemies":"Small Slimes","floor":2,"turns":4},{"damage":5,"enemies":"Cultist","floor":5,"turns":4},{"damage":50,"enemies":"Lagavulin","floor":6,"turns":7},{"damage":20,"enemies":"3 Louse","floor":7,"turns":4},{"damage":10,"enemies":"Exordium Thugs","floor":8,"turns":4},{"damage":44,"enemies":"The Guardian","floor":16,"turns":10},{"damage":6,"enemies":"Chosen","floor":18,"turns":4},{"damage":11,"enemies":"Shell Parasite","floor":19,"turns":4},{"damage":38,"enemies":"Snecko","floor":20,"turns":9},{"damage":37,"enemies":"Shelled Parasite and Fungi","floor":22,"turns":7},{"damage":18,"enemies":"Chosen and Byrds","floor":24,"turns":6},{"damage":17,"enemies":"Snake Plant","floor":28,"turns":4},{"damage":49,"enemies":"Collector","floor":33,"turns":8},{"damage":39,"enemies":"Orb Walker","floor":35,"turns":7},{"damage":40,"enemies":"3 Shapes","floor":37,"turns":3},{"damage":49,"enemies":"Writhing Mass","floor":38,"turns":7},{"damage":18,"enemies":"4 Shapes","floor":39,"turns":1}],"seed_played":"8847366669295047666","potions_obtained":[{"floor":1,"key":"Block Potion"},{"floor":6,"key":"Swift Potion"},{"floor":16,"key":"Weak Potion"},{"floor":19,"key":"Regen Potion"},{"floor":20,"key":"FearPotion"},{"floor":24,"key":"Strength Potion"},{"floor":28,"key":"Energy Potion"},{"floor":35,"key":"Energy Potion"},{"floor":37,"key":"FearPotion"}],"is_trial":false,"path_per_floor":["M","M","?","$","M","E","M","M","T","R","?","R","$","?","R","B",null,"M","M","M","?","M","R","M","R","T","R","M","$","?","?","R","B",null,"M","$","M","M","M"],"character_chosen":"IRONCLAD","items_purchased":["Reaper","Inflame","Shrug It Off","Regen Potion","Armaments","Enlightenment","Potion Belt"],"campfire_rested":2,"item_purchase_floors":[4,4,13,29,29,36,36],"current_hp_per_floor":[55,54,43,43,48,10,8,8,8,32,52,52,52,52,52,21,80,80,79,62,62,31,31,25,25,25,49,38,38,38,30,30,9,80,60,60,50,15,0],"gold":38,"neow_bonus":"THREE_RARE_CARDS","is_prod":false,"is_daily":false,"chose_seed":false,"campfire_upgraded":5,"win_rate":0.0,"timestamp":1549840101,"path_taken":["M","M","?","$","M","E","M","M","T","R","?","R","$","?","R","BOSS","M","M","M","?","M","R","M","R","T","R","M","$","?","?","R","BOSS","M","$","M","M","M"],"build_version":"2019-01-23","purchased_purges":1,"victory":false,"max_hp_per_floor":[80,80,80,80,80,80,80,80,80,80,80,80,80,80,80,80,80,80,80,80,80,80,80,80,80,80,80,80,80,80,80,80,80,80,80,80,80,80,80],"card_choices":[{"not_picked":["Limit Break","Fiend Fire"],"picked":"Berserk","floor":0},{"not_picked":["Blood for Blood","Wild Strike"],"picked":"Anger","floor":1},{"not_picked":["Warcry","Body Slam"],"picked":"Flex","floor":2},{"not_picked":["Warcry","Berserk"],"picked":"Heavy Blade","floor":5},{"not_picked":["Shrug It Off","Carnage"],"picked":"Dropkick","floor":6},{"not_picked":["Perfected Strike","Armaments"],"picked":"Anger","floor":7},{"not_picked":["Sword Boomerang","Perfected Strike"],"picked":"Clothesline","floor":8},{"not_picked":["Berserk","Brutality"],"picked":"Immolate","floor":16},{"not_picked":["Flex","Shrug It Off"],"picked":"Metallicize+1","floor":18},{"not_picked":["Perfected Strike","True Grit"],"picked":"Body Slam","floor":19},{"not_picked":["Thunderclap+1","Heavy Blade"],"picked":"Anger+1","floor":20},{"not_picked":["Rage","Burning Pact"],"picked":"Pommel Strike+1","floor":22},{"not_picked":["Iron Wave","Shrug It Off"],"picked":"Carnage+1","floor":24},{"not_picked":["Entrench+1","Dropkick+1"],"picked":"Shrug It Off+1","floor":28},{"not_picked":["Brutality","Feed"],"picked":"Dark Embrace","floor":33},{"not_picked":["Metallicize","Battle Trance"],"picked":"Shockwave","floor":35},{"not_picked":["Flex","Evolve"],"picked":"Rupture+1","floor":37},{"not_picked":["Pommel Strike","Twin Strike+1"],"picked":"Disarm","floor":38}],"player_experience":33642,"relics_obtained":[{"floor":6,"key":"Happy Flower"},{"floor":9,"key":"Ornamental Fan"},{"floor":26,"key":"Kunai"}],"event_choices":[{"damage_healed":0,"gold_gain":75,"player_choice":"Gather Gold","damage_taken":11,"max_hp_gain":0,"max_hp_loss":0,"event_name":"World of Goop","floor":3,"gold_loss":0},{"damage_healed":20,"gold_gain":0,"player_choice":"Healed","damage_taken":0,"max_hp_gain":0,"max_hp_loss":0,"event_name":"The Cleric","floor":11,"gold_loss":35},{"damage_healed":0,"gold_gain":0,"cards_transformed":["Strike_R"],"player_choice":"Change","damage_taken":0,"max_hp_gain":0,"max_hp_loss":0,"event_name":"Living Wall","floor":14,"gold_loss":0,"cards_obtained":["Dual Wield"]},{"cards_removed":["Body Slam"],"damage_healed":0,"gold_gain":0,"player_choice":"Purged","damage_taken":0,"max_hp_gain":0,"max_hp_loss":0,"event_name":"Purifier","floor":21,"gold_loss":0},{"damage_healed":0,"gold_gain":0,"player_choice":"Ignored","damage_taken":0,"max_hp_gain":0,"max_hp_loss":0,"event_name":"Ghosts","floor":30,"gold_loss":0},{"damage_healed":0,"gold_gain":75,"player_choice":"Touch","damage_taken":8,"max_hp_gain":0,"max_hp_loss":0,"event_name":"FaceTrader","floor":31,"gold_loss":0}],"is_beta":false,"boss_relics":[{"not_picked":["Fusion Hammer","Velvet Choker"],"picked":"Empty Cage"},{"not_picked":["Black Star","White Beast Statue"],"picked":"Black Blood"}],"items_purged_floors":[36],"is_endless":false,"potions_floor_spawned":[1,6,16,19,20,24,28,35,37],"killed_by":"4 Shapes","ascension_level":0}