{"gold_per_floor":[111,286,185,198,198,198,225,225,278,296,296,324,340,360,360,461,461,479,496,167,167,186,220,232,232,232,266,276,276,306,18,18,119,119,129,142,142,142,142,142,477,477,477,505,517,328,328,57,57,57],"floor_reached":51,"playtime":4450,"items_purged":["Doubt","Strike_R","Defend_R","Bloodletting+1"],"score":846,"play_id":"161ac7df-37ba-4695-b718-0ddb2152c266","local_time":"20190223180051","is_ascension_mode":true,"campfire_choices":[{"data":"Armaments","floor":6,"key":"SMITH"},{"data":"Anger","floor":8,"key":"SMITH"},{"data":"Bloodletting","floor":15,"key":"SMITH"},{"data":"Intimidate","floor":25,"key":"SMITH"},{"data":"Demon Form","floor":32,"key":"SMITH"},{"data":"Barricade","floor":40,"key":"SMITH"},{"data":"Exhume","floor":42,"key":"SMITH"},{"floor":49,"key":"REST"}],"neow_cost":"NONE","seed_source_timestamp":498204200942200,"circlet_count":0,"master_deck":["Strike_R","Defend_R","Defend_R","Defend_R","Bash","Clash","Clothesline","Armaments+1","Anger+1","Power Through","Headbutt","Battle Trance","Exhume+1","Carnage+1","True Grit+1","Metamorphosis","Flex","Pommel Strike+1","Shrug It Off","Intimidate+1","Metallicize","Heavy Blade+1","Demon Form+1","Inflame","Discovery","Barricade+1","Entrench","PanicButton","Discovery","Uppercut+1","Spot Weakness","Battle Trance","Flex"],"relics":["Burning Blood","Boot","Nunchaku","Juzu Bracelet","Anchor","Velvet Choker","Du-Vu Doll","Mercury Hourglass","Ice Cream","Potion Belt","Black Star","Oddly Smooth Stone","Old Coin","Champion Belt","Art of War","Regal Pillow","Bottled Tornado"],"potions_floor_usage":[13,16,28,30,30,41,45,45,50,50],"damage_taken":[{"damage":12,"enemies":"Small Slimes","floor":1,"turns":4},{"damage":2,"enemies":"Jaw Worm","floor":4,"turns":3},{"damage":23,"enemies":"Lagavulin","floor":7,"turns":7},{"damage":0,"enemies":"2 Louse","floor":10,"turns":3},{"damage":7,"enemies":"Gremlin Nob","floor":12,"turns":4},{"damage":0,"enemies":"Looter","floor":13,"turns":4},{"damage":6,"enemies":"Exordium Wildlife","floor":14,"turns":5},{"damage":54,"enemies":"Hexaghost","floor":16,"turns":13},{"damage":11,"enemies":"Spheric Guardian","floor":18,"turns":4},{"damage":4,"enemies":"Shell Parasite","floor":19,"turns":4},{"damage":22,"enemies":"Shelled Parasite and Fungi","floor":22,"turns":5},{"damage":5,"enemies":"Gremlin Leader","floor":23,"turns":5},{"damage":7,"enemies":"Snake Plant","floor":24,"turns":4},{"damage":10,"enemies":"Book of Stabbing","floor":27,"turns":4},{"damage":0,"enemies":"Centurion and Healer","floor":28,"turns":4},{"damage":8,"enemies":"Slavers","floor":30,"turns":5},{"damage":47,"enemies":"Automaton","floor":33,"turns":10},{"damage":8,"enemies":"3 Darklings","floor":35,"turns":5},{"damage":0,"enemies":"3 Shapes","floor":36,"turns":3},{"damage":27,"enemies":"Reptomancer","floor":41,"turns":9},{"damage":20,"enemies":"Nemesis","floor":44,"turns":7},{"damage":23,"enemies":"Jaw Worm Horde","floor":45,"turns":5},{"damage":39,"enemies":"Time Eater","floor":50,"turns":16}],"seed_played":"3692981764062132071","potions_obtained":[{"floor":10,"key":"Poison Potion"},{"floor":12,"key":"Fruit Juice"},{"floor":19,"key":"EssenceOfSteel"},{"floor":27,"key":"Explosive Potion"},{"floor":28,"key":"Poison Potion"},{"floor":30,"key":"Fire Potion"},{"floor":33,"key":"Weak Potion"},{"floor":41,"key":"SkillPotion"},{"floor":44,"key":"GamblersBrew"},{"floor":45,"key":"SpeedPotion"}],"is_trial":false,"path_per_floor":["M","?","$","M","?","R","E","R","T","M","?","E","M","M","R","B",null,"M","M","$","?","M","E","M","R","T","E","M","?","E","$","R","B",null,"M","M","$","?","?","R","E","R","T","E","M","$","?","$","R","B",null],"character_chosen":"IRONCLAD","items_purchased":["Clothesline","Metamorphosis","Flex","Inflame","Discovery","Battle Trance","Flex","Bottled Tornado"],"campfire_rested":1,"item_purchase_floors":[3,20,20,31,31,46,48,48],"current_hp_per_floor":[74,74,74,78,75,75,58,58,58,64,64,63,74,74,74,26,85,80,82,82,82,66,67,66,66,66,62,68,68,66,66,66,25,85,83,85,85,85,80,80,59,59,59,45,28,28,28,28,68,35],"gold":57,"neow_bonus":"REMOVE_CARD","is_prod":false,"is_daily":false,"chose_seed":false,"campfire_upgraded":7,"win_rate":0,"timestamp":1550941251,"path_taken":["M","?","$","M","?","R","E","R","T","M","?","E","M","M","R","BOSS","M","M","$","?","M","E","M","R","T","E","M","?","E","$","R","BOSS","M","M","$","?","?","R","E","R","T","E","M","$","?","$","R","BOSS"],"build_version":"2019-01-23","purchased_purges":4,"victory":true,"max_hp_per_floor":[80,80,80,80,80,80,80,80,80,80,80,80,85,85,85,85,85,85,85,85,85,85,85,85,85,85,85,85,85,85,85,85,85,85,85,85,85,85,85,85,85,85,85,85,85,85,85,85,85,85],"card_choices":[{"not_picked":["Power Through","Feel No Pain"],"picked":"Clash","floor":1},{"not_picked":["Clothesline","Clash"],"picked":"Armaments","floor":4},{"not_picked":["Heavy Blade","Bludgeon"],"picked":"Anger","floor":7},{"not_picked":["Sword Boomerang","Iron Wave","Twin Strike"],"picked":"SKIP","floor":10},{"not_picked":["Rage","Rupture"],"picked":"Headbutt","floor":12},{"not_picked":["Warcry","Rampage"],"picked":"Battle Trance","floor":13},{"not_picked":["Sever Soul","Second Wind"],"picked":"Bloodletting","floor":14},{"not_picked":["Feed","Limit Break"],"picked":"Exhume","floor":16},{"not_picked":["Body Slam","Feel No Pain"],"picked":"Carnage+1","floor":18},{"not_picked":["Body Slam","Battle Trance"],"picked":"True Grit+1","floor":19},{"not_picked":["Power Through","Shrug It Off"],"picked":"Pommel Strike+1","floor":22},{"not_picked":["Feel No Pain","Blood for Blood"],"picked":"Shrug It Off","floor":23},{"not_picked":["Twin Strike","True Grit"],"picked":"Intimidate","floor":24},{"not_picked":["Reckless Charge+1","Headbutt"],"picked":"Metallicize","floor":27},{"not_picked":["Anger","Sword Boomerang+1"],"picked":"Heavy Blade+1","floor":28},{"not_picked":["Blood for Blood","Thunderclap"],"picked":"Demon Form","floor":30},{"not_picked":["Fiend Fire","Exhume"],"picked":"Barricade","floor":33},{"not_picked":["Sword Boomerang+1","Burning Pact","Havoc"],"picked":"SKIP","floor":35},{"not_picked":["Cleave","Heavy Blade"],"picked":"Entrench","floor":36},{"not_picked":["Swift Strike","Jack Of All Trades"],"picked":"PanicButton","floor":39},{"not_picked":["Trip","Good Instincts"],"picked":"Discovery","floor":39},{"not_picked":["Anger+1","True Grit+1"],"picked":"Uppercut+1","floor":41},{"not_picked":["Burning Pact","Combust+1","Wild Strike"],"picked":"SKIP","floor":44},{"not_picked":["Rupture","Perfected Strike+1"],"picked":"Spot Weakness","floor":45}],"player_experience":230412,"relics_obtained":[{"floor":7,"key":"Nunchaku"},{"floor":9,"key":"Juzu Bracelet"},{"floor":12,"key":"Anchor"},{"floor":23,"key":"Du-Vu Doll"},{"floor":26,"key":"Mercury Hourglass"},{"floor":27,"key":"Ice Cream"},{"floor":30,"key":"Potion Belt"},{"floor":41,"key":"Oddly Smooth Stone"},{"floor":41,"key":"Old Coin"},{"floor":43,"key":"Champion Belt"},{"floor":44,"key":"Art of War"},{"floor":44,"key":"Regal Pillow"}],"event_choices":[{"damage_healed":0,"gold_gain":175,"player_choice":"AGREE","damage_taken":0,"max_hp_gain":0,"max_hp_loss":0,"event_name":"Liars Game","floor":2,"gold_loss":0,"cards_obtained":["Doubt"]},{"damage_healed":0,"gold_gain":0,"player_choice":"Success","damage_taken":3,"relics_obtained":["Boot"],"max_hp_gain":0,"max_hp_loss":0,"event_name":"Scrap Ooze","floor":5,"gold_loss":0},{"damage_healed":0,"gold_gain":0,"cards_transformed":["Strike_R"],"player_choice":"Change","damage_taken":0,"max_hp_gain":0,"max_hp_loss":0,"event_name":"Living Wall","floor":11,"gold_loss":0,"cards_obtained":["Power Through"]},{"damage_healed":0,"gold_gain":0,"player_choice":"Ignored","damage_taken":0,"max_hp_gain":0,"max_hp_loss":0,"event_name":"Vampires","floor":21,"gold_loss":0},{"cards_removed":["Strike_R"],"damage_healed":0,"gold_gain":0,"player_choice":"Elegance","damage_taken":0,"max_hp_gain":0,"max_hp_loss":0,"event_name":"Back to Basics","floor":29,"gold_loss":0},{"damage_healed":0,"gold_gain":0,"player_choice":"Ignored","damage_taken":0,"max_hp_gain":0,"max_hp_loss":0,"event_name":"Mysterious Sphere","floor":38,"gold_loss":0},{"damage_healed":0,"gold_gain":0,"player_choice":"Memory 2","damage_taken":5,"max_hp_gain":0,"max_hp_loss":0,"event_name":"SensoryStone","floor":39,"gold_loss":0},{"damage_healed":0,"gold_gain":0,"player_choice":"Ignored","damage_taken":0,"max_hp_gain":0,"max_hp_loss":0,"event_name":"Tomb of Lord Red Mask","floor":47,"gold_loss":0}],"is_beta":false,"boss_relics":[{"not_picked":["Lizard Tail","Empty Cage"],"picked":"Velvet Choker"},{"not_picked":["Mark of Pain","Fusion Hammer"],"picked":"Black Star"}],"items_purged_floors":[3,20,31,46],"is_endless":false,"potions_floor_spawned":[10,12,19,27,28,30,33,41,44,45],"ascension_level":2}