{"gold_per_floor":[111,111,123,73,92,92,127,127,127,142,161,45,45,61,61,157,157,168,30,130,130,142,142,155,155,155,185,197,213,223,248,248,343,343,360,360,380,394,394,394,464,132,132,151,151,251,251,266,266,266],"floor_reached":51,"playtime":1715,"items_purged":["Strike_R","Strike_R","Parasite"],"score":799,"play_id":"a6df5b4d-4c98-4460-8222-d0c35cc80f5a","local_time":"20190421172842","is_ascension_mode":false,"campfire_choices":[{"data":"Bash","floor":6,"key":"SMITH"},{"data":"Rage","floor":13,"key":"SMITH"},{"data":"True Grit","floor":15,"key":"SMITH"},{"data":"Demon Form","floor":23,"key":"SMITH"},{"data":"Feed","floor":25,"key":"SMITH"},{"data":"Double Tap","floor":32,"key":"SMITH"},{"data":"Metallicize","floor":40,"key":"SMITH"},{"data":"Sword Boomerang","floor":45,"key":"SMITH"},{"floor":47,"key":"REST"},{"data":"Disarm","floor":49,"key":"SMITH"}],"neow_cost":"NONE","seed_source_timestamp":860715610447500,"circlet_count":0,"master_deck":["Strike_R","Strike_R","Strike_R","Defend_R","Defend_R","Defend_R","Bash+1","Double Tap+1","Disarm+1","True Grit+1","Whirlwind+1","Rage+1","Feed+1","Demon Form+1","Metallicize+1","Sword Boomerang+1","Pummel","Thunderclap+1","Dropkick","Barricade+1"],"relics":["Burning Blood","The Courier","Gremlin Horn","Busted Crown","Turnip","Frozen Egg 2","MutagenicStrength","Mummified Hand","Tiny Chest","Red Mask","Orrery","Meat on the Bone","Sundial","Centennial Puzzle","Magic Flower"],"potions_floor_usage":[7,7,16,16,20,31,33,33,33,38,38,42,44,50,50,50],"damage_taken":[{"damage":6,"enemies":"Cultist","floor":1,"turns":4},{"damage":8,"enemies":"Jaw Worm","floor":3,"turns":5},{"damage":0,"enemies":"2 Louse","floor":5,"turns":3},{"damage":14,"enemies":"Gremlin Nob","floor":7,"turns":3},{"damage":8,"enemies":"Looter","floor":10,"turns":3},{"damage":8,"enemies":"Blue Slaver","floor":11,"turns":4},{"damage":0,"enemies":"3 Louse","floor":14,"turns":3},{"damage":35,"enemies":"Slime Boss","floor":16,"turns":7},{"damage":6,"enemies":"3 Byrds","floor":18,"turns":2},{"damage":15,"enemies":"Colosseum Slavers","floor":20,"turns":6},{"damage":22,"enemies":"Colosseum Nobs","floor":20,"turns":4},{"damage":10,"enemies":"Spheric Guardian","floor":22,"turns":7},{"damage":3,"enemies":"3 Cultists","floor":24,"turns":3},{"damage":6,"enemies":"Centurion and Healer","floor":28,"turns":5},{"damage":1,"enemies":"Chosen and Byrds","floor":29,"turns":6},{"damage":13,"enemies":"Shelled Parasite and Fungi","floor":30,"turns":5},{"damage":0,"enemies":"Masked Bandits","floor":31,"turns":2},{"damage":14,"enemies":"Champ","floor":33,"turns":9},{"damage":61,"enemies":"3 Shapes","floor":35,"turns":3},{"damage":4,"enemies":"3 Darklings","floor":37,"turns":3},{"damage":19,"enemies":"Writhing Mass","floor":38,"turns":9},{"damage":4,"enemies":"Spire Growth","floor":44,"turns":3},{"damage":27,"enemies":"Mind Bloom Boss Battle","floor":46,"turns":5},{"damage":21,"enemies":"Jaw Worm Horde","floor":48,"turns":3},{"damage":47,"enemies":"Awakened One","floor":50,"turns":9}],"seed_played":"-202605686905680568","potions_obtained":[{"floor":1,"key":"PowerPotion"},{"floor":3,"key":"Energy Potion"},{"floor":5,"key":"FearPotion"},{"floor":10,"key":"Dexterity Potion"},{"floor":16,"key":"Energy Potion"},{"floor":24,"key":"BloodPotion"},{"floor":28,"key":"PowerPotion"},{"floor":29,"key":"Poison Potion"},{"floor":30,"key":"PowerPotion"},{"floor":31,"key":"EntropicBrew"},{"floor":46,"key":"Explosive Potion"}],"is_trial":false,"path_per_floor":["M","?","M","?","M","R","E","?","T","M","M","$","R","M","R","B",null,"M","$","?","?","M","R","M","R","T","?","M","M","M","?","R","B",null,"M","?","M","M","T","R","T","$","T","M","R","?","R","M","R","B",null],"character_chosen":"IRONCLAD","items_purchased":["Feed","Metallicize","Dropkick","GamblersBrew","Fruit Juice","Swift Potion"],"campfire_rested":1,"item_purchase_floors":[12,19,42,42,42,42],"current_hp_per_floor":[80,80,78,78,80,80,72,72,72,70,68,68,68,77,77,51,86,86,86,64,64,63,63,69,69,69,69,73,78,75,95,95,87,107,56,56,58,74,74,74,74,79,79,85,85,64,98,86,86,66],"gold":266,"neow_bonus":"ONE_RANDOM_RARE_CARD","is_prod":false,"is_daily":false,"chose_seed":false,"campfire_upgraded":9,"win_rate":0,"timestamp":1555860522,"path_taken":["M","?","M","?","M","R","E","?","T","M","M","$","R","M","R","BOSS","M","$","?","?","M","R","M","R","T","?","?","?","?","?","R","BOSS","M","?","M","M","?","R","?","$","T","M","R","?","R","M","R","BOSS"],"build_version":"2019-01-23","purchased_purges":3,"victory":true,"max_hp_per_floor":[80,80,80,80,80,80,80,80,80,80,80,80,80,83,83,86,86,86,86,89,89,92,92,95,95,95,95,99,99,103,107,107,107,107,111,105,105,109,109,109,109,111,111,115,115,115,115,115,115,115],"card_choices":[{"not_picked":["Entrench","Cleave"],"picked":"Disarm","floor":1},{"not_picked":["Clash","Armaments"],"picked":"True Grit","floor":3},{"not_picked":["Headbutt","Reckless Charge"],"picked":"Whirlwind","floor":5},{"not_picked":["Carnage","Body Slam"],"picked":"Rage","floor":7},{"not_picked":["Clash","Iron Wave","Thunderclap"],"picked":"SKIP","floor":10},{"not_picked":["Feel No Pain","Clash","Anger"],"picked":"SKIP","floor":11},{"not_picked":["Fiend Fire","Clash","Anger"],"picked":"SKIP","floor":14},{"not_picked":["Reaper","Double Tap"],"picked":"Demon Form","floor":16},{"not_picked":["Iron Wave"],"picked":"SKIP","floor":18},{"not_picked":["Cleave"],"picked":"SKIP","floor":22},{"not_picked":["Entrench"],"picked":"SKIP","floor":24},{"not_picked":[],"picked":"Sword Boomerang","floor":28},{"not_picked":["Cleave+1"],"picked":"SKIP","floor":29},{"not_picked":["Wild Strike+1"],"picked":"SKIP","floor":30},{"not_picked":[],"picked":"Pummel","floor":31},{"not_picked":[],"picked":"Thunderclap+1","floor":34},{"not_picked":["Clash"],"picked":"SKIP","floor":35},{"not_picked":["Body Slam+1"],"picked":"SKIP","floor":37},{"not_picked":["Corruption+1"],"picked":"SKIP","floor":38},{"not_picked":["Iron Wave"],"picked":"SKIP","floor":44},{"not_picked":[],"picked":"Barricade+1","floor":46},{"not_picked":["Perfected Strike+1"],"picked":"SKIP","floor":48}],"player_experience":620791,"relics_obtained":[{"floor":7,"key":"The Courier"},{"floor":9,"key":"Gremlin Horn"},{"floor":20,"key":"Turnip"},{"floor":20,"key":"Frozen Egg 2"},{"floor":26,"key":"Mummified Hand"},{"floor":31,"key":"Red Mask"},{"floor":39,"key":"Meat on the Bone"},{"floor":41,"key":"Sundial"},{"floor":43,"key":"Centennial Puzzle"},{"floor":46,"key":"Magic Flower"}],"event_choices":[{"damage_healed":0,"gold_gain":0,"player_choice":"Ignored","damage_taken":0,"max_hp_gain":0,"max_hp_loss":0,"event_name":"Liars Game","floor":2,"gold_loss":0},{"cards_removed":["Defend_R"],"damage_healed":0,"gold_gain":0,"player_choice":"Card Removal","damage_taken":0,"max_hp_gain":0,"max_hp_loss":0,"event_name":"The Cleric","floor":4,"gold_loss":50},{"damage_healed":0,"gold_gain":0,"player_choice":"Grow","damage_taken":0,"max_hp_gain":0,"max_hp_loss":0,"event_name":"Living Wall","floor":8,"gold_loss":0,"cards_upgraded":["Whirlwind"]},{"damage_healed":0,"gold_gain":0,"player_choice":"Fight","damage_taken":0,"max_hp_gain":0,"max_hp_loss":0,"event_name":"Colosseum","floor":20,"gold_loss":0},{"damage_healed":0,"gold_gain":0,"player_choice":"Fought Nobs","damage_taken":0,"max_hp_gain":0,"max_hp_loss":0,"event_name":"Colosseum","floor":20,"gold_loss":0},{"damage_healed":0,"gold_gain":0,"player_choice":"Inject Mutagens","damage_taken":0,"relics_obtained":["MutagenicStrength"],"max_hp_gain":0,"max_hp_loss":0,"event_name":"Drug Dealer","floor":21,"gold_loss":0},{"damage_healed":0,"gold_gain":0,"player_choice":"Opened","damage_taken":0,"relics_obtained":["Tiny Chest"],"max_hp_gain":0,"max_hp_loss":0,"event_name":"The Mausoleum","floor":27,"gold_loss":0},{"damage_healed":0,"gold_gain":0,"player_choice":"Fought Bandits","damage_taken":0,"max_hp_gain":0,"max_hp_loss":0,"event_name":"Masked Bandits","floor":31,"gold_loss":0},{"damage_healed":0,"gold_gain":0,"player_choice":"Max HP","damage_taken":0,"max_hp_gain":0,"max_hp_loss":6,"event_name":"Winding Halls","floor":36,"gold_loss":0},{"damage_healed":0,"gold_gain":0,"player_choice":"Fight","damage_taken":0,"max_hp_gain":0,"max_hp_loss":0,"event_name":"MindBloom","floor":46,"gold_loss":0}],"is_beta":false,"boss_relics":[{"not_picked":["Lizard Tail","Pandora\u0027s Box"],"picked":"Busted Crown"},{"not_picked":["Fusion Hammer","Coffee Dripper"],"picked":"Orrery"}],"items_purged_floors":[12,19,42],"is_endless":false,"potions_floor_spawned":[1,3,5,10,16,24,28,29,30,31,35,37,46],"ascension_level":0}