{"gold_per_floor":[116,116,130,147,147,176,176,186,186,186,186,111,111,129,129,129],"floor_reached":16,"playtime":274,"items_purged":["Strike_R"],"score":150,"play_id":"6b98d95b-1c14-488a-b6a3-b773361a3b8b","local_time":"20190417131205","is_ascension_mode":false,"campfire_choices":[{"data":"Uppercut","floor":7,"key":"SMITH"},{"data":"Bash","floor":11,"key":"SMITH"},{"data":"Defend_R","floor":15,"key":"SMITH"}],"neow_cost":"NONE","seed_source_timestamp":6272265367333,"circlet_count":0,"master_deck":["Strike_R","Strike_R","Strike_R","Defend_R+1","Defend_R","Defend_R","Defend_R","Bash+1","Thunderclap","Uppercut+1","Headbutt","Heavy Blade"],"relics":["Burning Blood","NeowsBlessing","Omamori","FossilizedHelix","Pear","Golden Idol"],"potions_floor_usage":[6,16],"damage_taken":[{"damage":0,"enemies":"2 Louse","floor":1,"turns":1},{"damage":0,"enemies":"Jaw Worm","floor":3,"turns":1},{"damage":0,"enemies":"Small Slimes","floor":4,"turns":1},{"damage":40,"enemies":"Lagavulin","floor":6,"turns":8},{"damage":1,"enemies":"Red Slaver","floor":8,"turns":3},{"damage":0,"enemies":"Looter","floor":14,"turns":2}],"seed_played":"-2356795799080981412","potions_obtained":[{"floor":4,"key":"Weak Potion"},{"floor":6,"key":"SpeedPotion"},{"floor":8,"key":"Weak Potion"}],"is_trial":false,"path_per_floor":["M","?","M","M","$","E","R","M","T","?","R","$","?","M","R","B"],"character_chosen":"IRONCLAD","items_purchased":[],"campfire_rested":0,"item_purchase_floors":[],"current_hp_per_floor":[80,68,74,80,80,46,46,51,61,39,39,39,32,38,38,0],"gold":129,"neow_bonus":"THREE_ENEMY_KILL","is_prod":false,"is_daily":false,"chose_seed":false,"campfire_upgraded":3,"win_rate":0,"timestamp":1555528325,"path_taken":["M","?","M","M","$","E","R","M","T","?","R","$","?","M","R","BOSS"],"build_version":"2019-01-23","purchased_purges":1,"victory":false,"max_hp_per_floor":[80,80,80,80,80,80,80,80,90,90,90,90,90,90,90,90],"card_choices":[{"not_picked":["Armaments","Entrench"],"picked":"Thunderclap","floor":1},{"not_picked":["Feel No Pain","Twin Strike"],"picked":"Uppercut","floor":3},{"not_picked":["Reckless Charge","Corruption","Clash"],"picked":"SKIP","floor":4},{"not_picked":["Iron Wave","Havoc","Cleave"],"picked":"SKIP","floor":6},{"not_picked":["Cleave","Perfected Strike"],"picked":"Headbutt","floor":8},{"not_picked":["Pommel Strike","Evolve"],"picked":"Heavy Blade","floor":14}],"player_experience":1242157,"relics_obtained":[{"floor":6,"key":"FossilizedHelix"},{"floor":9,"key":"Pear"}],"event_choices":[{"damage_healed":0,"gold_gain":0,"player_choice":"Success","damage_taken":12,"relics_obtained":["Omamori"],"max_hp_gain":0,"max_hp_loss":0,"event_name":"Scrap Ooze","floor":2,"gold_loss":0},{"damage_healed":0,"gold_gain":0,"player_choice":"Take Damage","damage_taken":22,"relics_obtained":["Golden Idol"],"max_hp_gain":0,"max_hp_loss":0,"event_name":"Golden Idol","floor":10,"gold_loss":0},{"cards_removed":["Strike_R"],"damage_healed":0,"gold_gain":0,"player_choice":"Card Removal","damage_taken":7,"max_hp_gain":0,"max_hp_loss":0,"event_name":"Golden Wing","floor":13,"gold_loss":0}],"is_beta":false,"boss_relics":[],"items_purged_floors":[12],"is_endless":false,"potions_floor_spawned":[4,6,8],"killed_by":"The Guardian","ascension_level":0}