{"gold_per_floor":[117,117,117,129,153,196,208,250,310,339,312,324,336,365,377,492,504,526,453,465,489,516,528,558,583,666,691,803,829,841,321,321,321],"floor_reached":33,"playtime":1006,"items_purged":["Strike_R"],"score":423,"play_id":"b4a17abb-81da-40c6-a9cb-416e4078b91b","local_time":"20190131214607","is_ascension_mode":true,"campfire_choices":[{"data":"Sword Boomerang","floor":7,"key":"SMITH"},{"data":"Rampage","floor":12,"key":"SMITH"},{"data":"Spot Weakness","floor":15,"key":"SMITH"},{"floor":23,"key":"REST"},{"floor":30,"key":"REST"},{"floor":32,"key":"REST"}],"neow_cost":"NONE","seed_source_timestamp":626099942907500,"circlet_count":0,"master_deck":["AscendersBane","Strike_R","Strike_R","Strike_R","Strike_R","Defend_R","Defend_R","Defend_R","Defend_R","Bash","Carnage","Sword Boomerang+1","Headbutt","Rampage+1","Spot Weakness+1","Immolate","Headbutt","Panacea","Body Slam+1","Battle Trance","Armaments+1"],"relics":["Burning Blood","NeowsBlessing","MawBank","Blue Candle","Omamori","Art of War","Busted Crown","Gremlin Horn","Bottled Lightning","Du-Vu Doll","Toxic Egg 2","Medical Kit","Anchor"],"potions_floor_usage":[8,8,16,28,28,33,33],"damage_taken":[{"damage":0,"enemies":"2 Louse","floor":1,"turns":1},{"damage":0,"enemies":"Small Slimes","floor":5,"turns":1},{"damage":0,"enemies":"Gremlin Nob","floor":6,"turns":1},{"damage":33,"enemies":"Lagavulin","floor":8,"turns":5},{"damage":1,"enemies":"Cultist","floor":10,"turns":3},{"damage":17,"enemies":"Exordium Wildlife","floor":14,"turns":4},{"damage":45,"enemies":"Hexaghost","floor":16,"turns":9},{"damage":11,"enemies":"Spheric Guardian","floor":18,"turns":3},{"damage":22,"enemies":"2 Thieves","floor":21,"turns":2},{"damage":21,"enemies":"Centurion and Healer","floor":22,"turns":6},{"damage":9,"enemies":"Snake Plant","floor":24,"turns":4},{"damage":2,"enemies":"Chosen and Byrds","floor":25,"turns":4},{"damage":6,"enemies":"Sentry and Sphere","floor":27,"turns":3},{"damage":25,"enemies":"Colosseum Slavers","floor":28,"turns":3},{"damage":31,"enemies":"Colosseum Nobs","floor":28,"turns":4},{"damage":8,"enemies":"Cultist and Chosen","floor":29,"turns":3},{"damage":72,"enemies":"Automaton","floor":33,"turns":6}],"seed_played":"-6474069440330461008","potions_obtained":[{"floor":5,"key":"AttackPotion"},{"floor":6,"key":"PowerPotion"},{"floor":10,"key":"Poison Potion"},{"floor":18,"key":"PowerPotion"},{"floor":21,"key":"GamblersBrew"},{"floor":25,"key":"BloodPotion"},{"floor":29,"key":"SteroidPotion"}],"is_trial":false,"path_per_floor":["M","?","?","$","M","E","R","E","T","M","?","R","$","M","R","B",null,"M","?","?","M","M","R","M","M","T","M","?","M","R","$","R","B"],"character_chosen":"IRONCLAD","items_purchased":["Medical Kit","Armaments+1","Anchor","SteroidPotion"],"campfire_rested":3,"item_purchase_floors":[31,31,31,31],"current_hp_per_floor":[78,78,75,75,80,80,80,53,53,58,58,58,58,47,47,8,62,57,57,57,41,26,50,47,51,51,51,15,13,37,37,61,0],"gold":321,"neow_bonus":"THREE_ENEMY_KILL","is_prod":false,"is_daily":false,"chose_seed":false,"campfire_upgraded":3,"win_rate":0,"timestamp":1548967567,"path_taken":["M","?","?","$","M","E","R","E","T","M","?","R","$","M","R","BOSS","M","?","?","M","?","R","M","M","T","M","?","M","R","$","R","BOSS"],"build_version":"2019-01-23","purchased_purges":1,"victory":false,"max_hp_per_floor":[80,80,80,80,80,80,80,80,80,80,80,80,80,80,80,80,80,80,80,80,80,80,80,80,80,80,80,80,80,80,80,80,80],"card_choices":[{"not_picked":["Clash","Wild Strike"],"picked":"Carnage","floor":1},{"not_picked":["Sever Soul","Warcry","Fire Breathing"],"picked":"SKIP","floor":5},{"not_picked":["Bloodletting","Carnage"],"picked":"Sword Boomerang","floor":6},{"not_picked":["Anger","Blood for Blood"],"picked":"Headbutt","floor":8},{"not_picked":["Reckless Charge","Flex"],"picked":"Rampage","floor":10},{"not_picked":["Combust","Shrug It Off"],"picked":"Spot Weakness","floor":14},{"not_picked":["Offering","Demon Form"],"picked":"Immolate","floor":16},{"not_picked":[],"picked":"Headbutt","floor":18},{"not_picked":[],"picked":"Body Slam+1","floor":21},{"not_picked":["Twin Strike"],"picked":"SKIP","floor":22},{"not_picked":["Wild Strike"],"picked":"SKIP","floor":24},{"not_picked":["Wild Strike"],"picked":"SKIP","floor":25},{"not_picked":[],"picked":"Battle Trance","floor":27},{"not_picked":["Cleave+1"],"picked":"SKIP","floor":29}],"player_experience":425679,"relics_obtained":[{"floor":6,"key":"Blue Candle"},{"floor":8,"key":"Omamori"},{"floor":9,"key":"Art of War"},{"floor":26,"key":"Bottled Lightning"},{"floor":28,"key":"Du-Vu Doll"},{"floor":28,"key":"Toxic Egg 2"}],"event_choices":[{"damage_healed":0,"gold_gain":0,"player_choice":"Leave","damage_taken":0,"max_hp_gain":0,"max_hp_loss":0,"event_name":"The Cleric","floor":2,"gold_loss":0},{"damage_healed":0,"gold_gain":0,"player_choice":"Success","damage_taken":3,"relics_obtained":["MawBank"],"max_hp_gain":0,"max_hp_loss":0,"event_name":"Scrap Ooze","floor":3,"gold_loss":0},{"damage_healed":0,"gold_gain":0,"player_choice":"Left Gold","damage_taken":0,"max_hp_gain":0,"max_hp_loss":0,"event_name":"World of Goop","floor":11,"gold_loss":39},{"damage_healed":0,"gold_gain":0,"player_choice":"Obtained Relic","damage_taken":0,"relics_obtained":["Gremlin Horn"],"max_hp_gain":0,"max_hp_loss":0,"event_name":"Addict","floor":19,"gold_loss":85},{"damage_healed":0,"gold_gain":0,"player_choice":"1 cards matched","damage_taken":0,"max_hp_gain":0,"max_hp_loss":0,"event_name":"Match and Keep!","floor":20,"gold_loss":0,"cards_obtained":["Panacea"]},{"damage_healed":0,"gold_gain":0,"player_choice":"Fight","damage_taken":0,"max_hp_gain":0,"max_hp_loss":0,"event_name":"Colosseum","floor":28,"gold_loss":0},{"damage_healed":0,"gold_gain":0,"player_choice":"Fought Nobs","damage_taken":0,"max_hp_gain":0,"max_hp_loss":0,"event_name":"Colosseum","floor":28,"gold_loss":0}],"is_beta":false,"boss_relics":[{"not_picked":["Runic Cube","Pandora\u0027s Box"],"picked":"Busted Crown"}],"items_purged_floors":[31],"is_endless":false,"potions_floor_spawned":[5,6,10,18,21,25,29],"killed_by":"Automaton","ascension_level":10}