{"gold_per_floor":[112,125,125,125,141,141,151,151,219,253,253,287,306,316,316,418,418,428,447,463,378,391,419,431,431,485,511,159,194,194,194,194,291,291,309,322,342,352,372,406,406,418,466,498,510,548,570,582,594,606,618,630,11,38,38],"floor_reached":55,"playtime":3569,"items_purged":["Defend_G"],"score":896,"play_id":"e51c1f25-7a59-4622-a58b-4725f1a63452","local_time":"20190405005435","is_ascension_mode":true,"campfire_choices":[{"data":"Neutralize","floor":6.0,"key":"SMITH"},{"data":"Leg Sweep","floor":8.0,"key":"SMITH"},{"floor":11.0,"key":"REST"},{"floor":15.0,"key":"RECALL"},{"floor":32.0,"key":"REST"},{"floor":41.0,"key":"REST"},{"floor":45.0,"key":"REST"},{"floor":49.0,"key":"REST"},{"data":"After Image","floor":52,"key":"SMITH"}],"neow_cost":"NONE","seed_source_timestamp":89796518632818,"circlet_count":0,"master_deck":["Defend_G","Defend_G","Defend_G","Strike_G","Strike_G","Strike_G","Survivor","Neutralize+1","Deadly Poison","Deflect","Backflip","Leg Sweep+1","Quick Slash","PiercingWail","Blade Dance","After Image+1","Die Die Die","Deadly Poison+1","Deflect+1","PiercingWail","Die Die Die","Escape Plan","Adrenaline","Dagger Spray","Leg Sweep+1","Envenom","Crippling Poison","Dash","Malaise","Dash+1","Endless Agony+1","Escape Plan+1","Noxious Fumes","Caltrops+1","Dodge and Roll+1","Burst","Writhe","Metamorphosis","Predator+1"],"special_seed":0,"relics":["Ring of the Snake","Mercury Hourglass","Bronze Scales","Ninja Scroll","White Beast Statue","Anchor","Pen Nib","Omamori","Vajra","Matryoshka","Cursed Key","Happy Flower","PreservedInsect","Potion Belt","MawBank","Juzu Bracelet","Strange Spoon","Shuriken","Bag of Marbles"],"potions_floor_usage":[50,50,50,50,50,50,55,55,55,55],"damage_taken":[{"damage":0.0,"enemies":"Small Slimes","floor":1.0,"turns":3.0},{"damage":3.0,"enemies":"Jaw Worm","floor":2.0,"turns":5.0},{"damage":5.0,"enemies":"2 Louse","floor":5.0,"turns":3.0},{"damage":6.0,"enemies":"2 Fungi Beasts","floor":7.0,"turns":5.0},{"damage":17.0,"enemies":"3 Sentries","floor":10.0,"turns":9.0},{"damage":3.0,"enemies":"Gremlin Nob","floor":12.0,"turns":4.0},{"damage":0.0,"enemies":"Lots of Slimes","floor":13.0,"turns":2.0},{"damage":0.0,"enemies":"Blue Slaver","floor":14.0,"turns":3.0},{"damage":23.0,"enemies":"Slime Boss","floor":16.0,"turns":13.0},{"damage":2.0,"enemies":"Spheric Guardian","floor":18.0,"turns":4.0},{"damage":18.0,"enemies":"Shell Parasite","floor":19.0,"turns":4.0},{"damage":3.0,"enemies":"Centurion and Healer","floor":20.0,"turns":5.0},{"damage":3.0,"enemies":"Cultist and Chosen","floor":22.0,"turns":7.0},{"damage":26.0,"enemies":"Gremlin Leader","floor":23.0,"turns":6.0},{"damage":0.0,"enemies":"Snecko","floor":24.0,"turns":4.0},{"damage":0.0,"enemies":"Slavers","floor":27.0,"turns":4.0},{"damage":9.0,"enemies":"Gremlin Leader","floor":29.0,"turns":4.0},{"damage":23.0,"enemies":"Collector","floor":33.0,"turns":9.0},{"damage":0.0,"enemies":"3 Darklings","floor":35.0,"turns":3.0},{"damage":0.0,"enemies":"Orb Walker","floor":36.0,"turns":2.0},{"damage":1.0,"enemies":"Sphere and 2 Shapes","floor":37.0,"turns":6.0},{"damage":0.0,"enemies":"Transient","floor":38.0,"turns":5.0},{"damage":10.0,"enemies":"Jaw Worm Horde","floor":39.0,"turns":2.0},{"damage":38.0,"enemies":"Nemesis","floor":40.0,"turns":7.0},{"damage":0.0,"enemies":"4 Shapes","floor":42.0,"turns":1.0},{"damage":2.0,"enemies":"Reptomancer","floor":44.0,"turns":4.0},{"damage":12.0,"enemies":"Giant Head","floor":46.0,"turns":9.0},{"damage":19.0,"enemies":"Spire Growth","floor":47.0,"turns":5.0},{"damage":16,"enemies":"Donu and Deca","floor":50,"turns":10},{"damage":17,"enemies":"Shield and Spear","floor":54,"turns":4},{"damage":59,"enemies":"The Heart","floor":55,"turns":6}],"seed_played":"6117114487018910817","potions_obtained":[{"floor":0.0,"key":"AttackPotion"},{"floor":0.0,"key":"GhostInAJar"},{"floor":0.0,"key":"SpeedPotion"},{"floor":5.0,"key":"AttackPotion"},{"floor":10.0,"key":"Poison Potion"},{"floor":13.0,"key":"Swift Potion"},{"floor":14.0,"key":"GhostInAJar"},{"floor":18.0,"key":"GamblersBrew"},{"floor":19.0,"key":"Fruit Juice"},{"floor":20.0,"key":"GamblersBrew"},{"floor":22.0,"key":"Energy Potion"},{"floor":23.0,"key":"SpeedPotion"},{"floor":24.0,"key":"GamblersBrew"},{"floor":27.0,"key":"Poison Potion"},{"floor":29.0,"key":"EssenceOfSteel"},{"floor":31.0,"key":"PowerPotion"},{"floor":33.0,"key":"SkillPotion"},{"floor":35.0,"key":"Ancient Potion"},{"floor":36.0,"key":"FearPotion"},{"floor":37.0,"key":"Ancient Potion"},{"floor":38.0,"key":"FearPotion"},{"floor":39.0,"key":"Poison Potion"},{"floor":40.0,"key":"EssenceOfSteel"},{"floor":42.0,"key":"AttackPotion"},{"floor":44.0,"key":"EssenceOfSteel"},{"floor":46.0,"key":"EntropicBrew"},{"floor":47.0,"key":"PowerPotion"},{"floor":54,"key":"EssenceOfSteel"}],"is_trial":false,"path_per_floor":["M","M","?","?","M","R","M","R","T","E","R","E","M","M","R","B",null,"M","M","M","?","M","E","M","?","T","E","$","E","?","?","R","B",null,"M","M","M","M","M","E","R","M","T","E","R","E","M","?","R","B",null,"R","$","E","B"],"character_chosen":"THE_SILENT","items_purchased":["Envenom","Crippling Poison","GhostInAJar","Strange Spoon","Shuriken","Metamorphosis"],"campfire_rested":5,"item_purchase_floors":[28,28,28,53,53,53],"current_hp_per_floor":[70,67,67,67,62,62,56,56,56,39,60,57,57,57,57,34,70,68,55,52,52,49,23,23,23,23,23,23,14,14,14,36,13,75,75,75,74,74,64,26,48,48,48,46,68,56,37,56,75,62,75,75,75,58,0],"gold":38,"neow_bonus":"THREE_SMALL_POTIONS","is_prod":false,"is_daily":false,"chose_seed":false,"campfire_upgraded":3,"win_rate":0,"timestamp":1554443675,"path_taken":["M","M","?","?","M","R","M","R","T","E","R","E","M","M","R","BOSS","M","M","M","?","M","E","M","?","T","E","$","E","?","?","R","BOSS","M","M","M","M","M","E","R","M","T","E","R","E","M","?","R","BOSS","R","$","E","BOSS"],"build_version":"2019-01-23","purchased_purges":1,"victory":false,"max_hp_per_floor":[70,70,70,70,70,70,70,70,70,70,70,70,70,70,70,70,70,70,75,75,75,75,75,75,75,75,75,75,75,75,75,75,75,75,75,75,75,75,75,75,75,75,75,75,75,75,75,75,75,75,75,75,75,75,75],"card_choices":[{"not_picked":["Sucker Punch","Deflect"],"picked":"Deadly Poison","floor":1.0},{"not_picked":["All Out Attack","Eviscerate","Dagger Throw"],"picked":"SKIP","floor":2.0},{"not_picked":["Dagger Spray","Outmaneuver"],"picked":"Backflip","floor":5.0},{"not_picked":["Finisher","Expertise"],"picked":"Leg Sweep","floor":7.0},{"not_picked":["Dagger Spray","Burst"],"picked":"Quick Slash","floor":10.0},{"not_picked":["Slice","All Out Attack"],"picked":"PiercingWail","floor":12.0},{"not_picked":["Acrobatics","Poisoned Stab"],"picked":"Blade Dance","floor":13.0},{"not_picked":["Choke","Dodge and Roll"],"picked":"After Image","floor":14.0},{"not_picked":["Night Terror","Grand Finale"],"picked":"Die Die Die","floor":16.0},{"not_picked":["Underhanded Strike","Bane"],"picked":"Deadly Poison+1","floor":18.0},{"not_picked":["Sucker Punch","Outmaneuver"],"picked":"Deflect+1","floor":19.0},{"not_picked":["Sucker Punch","Poisoned Stab"],"picked":"PiercingWail","floor":20.0},{"not_picked":["Choke+1","Dodge and Roll","Bane"],"picked":"SKIP","floor":22.0},{"not_picked":["Expertise","Outmaneuver"],"picked":"Die Die Die","floor":23.0},{"not_picked":["Slice+1","Sucker Punch"],"picked":"Escape Plan","floor":24.0},{"not_picked":["Heel Hook","Prepared"],"picked":"Leg Sweep+1","floor":27.0},{"not_picked":["Backflip","Dagger Throw+1"],"picked":"Dash","floor":29.0},{"not_picked":["Wraith Form v2","Storm of Steel"],"picked":"Malaise","floor":33.0},{"not_picked":["PiercingWail+1","Predator","Sucker Punch+1"],"picked":"SKIP","floor":35.0},{"not_picked":["Prepared","Flying Knee","Backflip+1"],"picked":"SKIP","floor":36.0},{"not_picked":["Blade Dance","Malaise"],"picked":"Dash+1","floor":37.0},{"not_picked":["Underhanded Strike+1","Prepared+1"],"picked":"Endless Agony+1","floor":38.0},{"not_picked":["Sucker Punch","Acrobatics"],"picked":"Escape Plan+1","floor":39.0},{"not_picked":["Deflect","Quick Slash"],"picked":"Noxious Fumes","floor":40.0},{"not_picked":["Skewer+1","Riddle With Holes"],"picked":"Caltrops+1","floor":42.0},{"not_picked":["PiercingWail","Outmaneuver"],"picked":"Dodge and Roll+1","floor":44.0},{"not_picked":["Concentrate","Underhanded Strike+1","Leg Sweep"],"picked":"SKIP","floor":46.0},{"not_picked":["All Out Attack","Backflip"],"picked":"Burst","floor":47.0},{"not_picked":["Poisoned Stab","Blade Dance"],"picked":"Predator+1","floor":54}],"player_experience":405614,"relics_obtained":[{"floor":9.0,"key":"Mercury Hourglass"},{"floor":10.0,"key":"Bronze Scales"},{"floor":12.0,"key":"Ninja Scroll"},{"floor":23.0,"key":"Pen Nib"},{"floor":27.0,"key":"Omamori"},{"floor":29.0,"key":"Vajra"},{"floor":40.0,"key":"Happy Flower"},{"floor":43.0,"key":"PreservedInsect"},{"floor":43.0,"key":"Potion Belt"},{"floor":44.0,"key":"MawBank"},{"floor":46.0,"key":"Juzu Bracelet"},{"floor":54,"key":"Bag of Marbles"}],"event_choices":[{"damage_healed":0.0,"max_hp_gain":0.0,"max_hp_loss":0.0,"gold_gain":0.0,"event_name":"Shining Light","player_choice":"Ignored","floor":3.0,"gold_loss":0.0,"damage_taken":0.0},{"damage_healed":0.0,"max_hp_gain":0.0,"max_hp_loss":0.0,"gold_gain":0.0,"cards_transformed":["Strike_G"],"event_name":"Living Wall","player_choice":"Change","floor":4.0,"gold_loss":0.0,"damage_taken":0.0,"cards_obtained":["Deflect"]},{"damage_healed":0.0,"max_hp_gain":0.0,"max_hp_loss":0.0,"gold_gain":0.0,"event_name":"Addict","player_choice":"Obtained Relic","floor":21.0,"gold_loss":85.0,"damage_taken":0.0,"relics_obtained":["Anchor"]},{"damage_healed":0.0,"max_hp_gain":0.0,"max_hp_loss":0.0,"gold_gain":0.0,"cards_transformed":["Defend_G","Strike_G"],"event_name":"Drug Dealer","player_choice":"Became Test Subject","floor":25.0,"gold_loss":0.0,"damage_taken":0.0,"cards_obtained":["Adrenaline","Dagger Spray"]},{"damage_healed":0.0,"max_hp_gain":0.0,"max_hp_loss":0.0,"gold_gain":0.0,"event_name":"The Mausoleum","player_choice":"Opened","floor":30.0,"gold_loss":0.0,"damage_taken":0.0,"relics_obtained":["Matryoshka"],"cards_obtained":["Writhe"]},{"damage_healed":0.0,"max_hp_gain":0.0,"max_hp_loss":0.0,"gold_gain":0.0,"event_name":"Lab","player_choice":"Got Potions","floor":31.0,"gold_loss":0.0,"damage_taken":0.0},{"damage_healed":19.0,"max_hp_gain":0.0,"max_hp_loss":0.0,"gold_gain":0.0,"event_name":"Winding Halls","player_choice":"Writhe","floor":48.0,"gold_loss":0.0,"damage_taken":0.0,"cards_obtained":["Writhe"]}],"is_beta":false,"boss_relics":[{"not_picked":["Coffee Dripper","Runic Dome"],"picked":"White Beast Statue"},{"not_picked":["Fusion Hammer","Philosopher\u0027s Stone"],"picked":"Cursed Key"}],"items_purged_floors":[28],"is_endless":false,"potions_floor_spawned":[5,7,10,13,14,18,19,20,22,23,24,27,29,33,35,36,37,38,39,40,42,44,46,47,54],"killed_by":"The Heart","ascension_level":1}