{"gold_per_floor":[114,32,46,61,76,102,102,130,153,168,168,186,186,205,205,309,309,323,166,200,69,87,87,122,221,221,237,237,254,254,273,273,376,376,394,412,426,426,2,2],"floor_reached":40,"playtime":3409,"items_purged":["Strike_G","Strike_G","Defend_G"],"score":485,"play_id":"4f425b47-5b0f-44b3-8b74-fa84b4b4e283","local_time":"20190309170834","is_ascension_mode":true,"campfire_choices":[{"data":"Glass Knife","floor":7,"key":"SMITH"},{"floor":13,"key":"REST"},{"data":"All Out Attack","floor":15,"key":"SMITH"},{"data":"A Thousand Cuts","floor":23,"key":"SMITH"},{"floor":28,"key":"REST"},{"floor":30,"key":"REST"},{"floor":32,"key":"REST"}],"neow_cost":"NONE","seed_source_timestamp":582907519718100,"circlet_count":0,"master_deck":["Defend_G","Defend_G","Defend_G","Survivor","Neutralize","Quick Slash","Dodge and Roll","Endless Agony","Cloak And Dagger","Glass Knife+1","Backflip","Flying Knee","All Out Attack+1","Noxious Fumes","Endless Agony","A Thousand Cuts+1","Prepared+1","PiercingWail","Noxious Fumes","Well Laid Plans","Catalyst","Expertise","Leg Sweep","Bane+1","A Thousand Cuts","Unload+1","Dagger Spray+1","Glass Knife+1","Backstab","Envenom","Footwork"],"relics":["Ring of the Serpent","Torii","Ancient Tea Set","Smiling Mask","Red Mask","Juzu Bracelet","Mummified Hand","Astrolabe","Mercury Hourglass"],"potions_floor_usage":[6,18,24,35,38,40,40],"damage_taken":[{"damage":12,"enemies":"Jaw Worm","floor":1,"turns":7},{"damage":0,"enemies":"Cultist","floor":3,"turns":3},{"damage":0,"enemies":"Small Slimes","floor":4,"turns":4},{"damage":1,"enemies":"3 Louse","floor":5,"turns":5},{"damage":22,"enemies":"Lagavulin","floor":6,"turns":8},{"damage":12,"enemies":"3 Sentries","floor":8,"turns":9},{"damage":1,"enemies":"Large Slime","floor":10,"turns":5},{"damage":0,"enemies":"2 Fungi Beasts","floor":12,"turns":2},{"damage":0,"enemies":"Red Slaver","floor":14,"turns":2},{"damage":17,"enemies":"Slime Boss","floor":16,"turns":9},{"damage":1,"enemies":"Spheric Guardian","floor":18,"turns":3},{"damage":27,"enemies":"Masked Bandits","floor":20,"turns":4},{"damage":1,"enemies":"Chosen","floor":22,"turns":5},{"damage":9,"enemies":"Gremlin Leader","floor":24,"turns":7},{"damage":12,"enemies":"Centurion and Healer","floor":27,"turns":6},{"damage":6,"enemies":"Sentry and Sphere","floor":29,"turns":4},{"damage":14,"enemies":"Snake Plant","floor":31,"turns":4},{"damage":42,"enemies":"Automaton","floor":33,"turns":9},{"damage":28,"enemies":"3 Darklings","floor":35,"turns":4},{"damage":2,"enemies":"Orb Walker","floor":36,"turns":4},{"damage":17,"enemies":"3 Darklings","floor":37,"turns":4},{"damage":15,"enemies":"Sphere and 2 Shapes","floor":38,"turns":3},{"damage":13,"enemies":"Giant Head","floor":40,"turns":6}],"seed_played":"-3487599299029766750","potions_obtained":[{"floor":1,"key":"Poison Potion"},{"floor":8,"key":"SmokeBomb"},{"floor":16,"key":"SteroidPotion"},{"floor":22,"key":"Block Potion"},{"floor":27,"key":"SteroidPotion"},{"floor":33,"key":"Block Potion"},{"floor":35,"key":"SteroidPotion"}],"is_trial":false,"path_per_floor":["M","$","M","M","M","E","R","E","T","M","?","M","R","M","R","B",null,"M","$","?","$","M","R","E","?","T","M","R","M","R","M","R","B",null,"M","M","M","M","$","E"],"character_chosen":"THE_SILENT","items_purchased":["Dodge and Roll","Endless Agony","PiercingWail","Noxious Fumes","Well Laid Plans","Mercury Hourglass","Footwork","Block Potion"],"campfire_rested":4,"item_purchase_floors":[2,2,19,19,21,39,39,39],"current_hp_per_floor":[58,58,58,58,57,35,35,23,23,22,22,22,43,43,43,26,70,69,69,42,42,41,41,32,32,32,20,41,35,56,42,63,21,70,42,40,23,8,8,0],"gold":2,"neow_bonus":"REMOVE_CARD","is_prod":false,"is_daily":false,"chose_seed":false,"campfire_upgraded":3,"win_rate":0,"timestamp":1552147714,"path_taken":["M","$","M","M","M","E","R","E","T","M","?","?","R","M","R","BOSS","M","$","?","$","M","R","E","?","T","M","R","M","R","M","R","BOSS","M","M","M","M","$","E"],"build_version":"2019-01-23","purchased_purges":3,"victory":false,"max_hp_per_floor":[70,70,70,70,70,70,70,70,70,70,70,70,70,70,70,70,70,70,70,70,70,70,70,70,70,70,70,70,70,70,70,70,70,70,70,70,70,70,70,70],"card_choices":[{"not_picked":["Flechettes","Choke"],"picked":"Quick Slash","floor":1},{"not_picked":["Underhanded Strike","Dodge and Roll"],"picked":"Deadly Poison","floor":3},{"not_picked":["Terror","Dagger Spray"],"picked":"Cloak And Dagger","floor":4},{"not_picked":["Sucker Punch","Blade Dance","Dagger Throw"],"picked":"SKIP","floor":5},{"not_picked":["Prepared","Quick Slash"],"picked":"Glass Knife","floor":6},{"not_picked":["Outmaneuver","Dagger Spray"],"picked":"Backflip","floor":8},{"not_picked":["Slice","Concentrate"],"picked":"Flying Knee","floor":10},{"not_picked":["Leg Sweep","Blade Dance"],"picked":"Noxious Fumes","floor":12},{"not_picked":["Finisher","Choke"],"picked":"Endless Agony","floor":14},{"not_picked":["Storm of Steel","Night Terror"],"picked":"A Thousand Cuts","floor":16},{"not_picked":["Flying Knee+1","Poisoned Stab+1"],"picked":"Prepared+1","floor":18},{"not_picked":["Underhanded Strike","Dash+1"],"picked":"Catalyst","floor":22},{"not_picked":["Predator","Blade Dance"],"picked":"Expertise","floor":24},{"not_picked":["Sucker Punch+1","Acrobatics"],"picked":"Leg Sweep","floor":27},{"not_picked":["Backflip+1","Sucker Punch"],"picked":"Bane+1","floor":29},{"not_picked":["All Out Attack+1","Deadly Poison","Dodge and Roll"],"picked":"SKIP","floor":31},{"not_picked":["Night Terror","Phantasmal Killer"],"picked":"A Thousand Cuts","floor":33},{"not_picked":["PiercingWail","Blade Dance","Dodge and Roll"],"picked":"SKIP","floor":35},{"not_picked":["Skewer+1","Leg Sweep+1"],"picked":"Backstab","floor":36},{"not_picked":["Dagger Throw","Acrobatics+1"],"picked":"Envenom","floor":37}],"player_experience":353166,"relics_obtained":[{"floor":6,"key":"Torii"},{"floor":8,"key":"Ancient Tea Set"},{"floor":9,"key":"Smiling Mask"},{"floor":20,"key":"Red Mask"},{"floor":24,"key":"Juzu Bracelet"},{"floor":26,"key":"Mummified Hand"}],"event_choices":[{"damage_healed":0,"gold_gain":0,"cards_transformed":["Strike_G"],"player_choice":"Transformed","damage_taken":0,"max_hp_gain":0,"max_hp_loss":0,"event_name":"Transmorgrifier","floor":11,"gold_loss":0,"cards_obtained":["All Out Attack"]},{"damage_healed":0,"gold_gain":0,"player_choice":"Fought Bandits","damage_taken":0,"max_hp_gain":0,"max_hp_loss":0,"event_name":"Masked Bandits","floor":20,"gold_loss":0},{"damage_healed":0,"gold_gain":99,"player_choice":"Stole From Cult","damage_taken":0,"max_hp_gain":0,"max_hp_loss":0,"event_name":"Nest","floor":25,"gold_loss":0}],"is_beta":false,"boss_relics":[{"not_picked":["Lizard Tail","Calling Bell"],"picked":"Ring of the Serpent"},{"not_picked":["Philosopher\u0027s Stone","Tiny House"],"picked":"Astrolabe"}],"items_purged_floors":[19,21,39],"is_endless":false,"potions_floor_spawned":[1,8,16,22,27,33,35],"killed_by":"Giant Head","ascension_level":3}