{"gold_per_floor":[115,115,115,129,82,82,95,95,120,145,155,171,201,211,211,307,307,320,29,29,40,57,57,147,147,218,218,244,257,257,257,257,257],"floor_reached":33,"playtime":1345,"items_purged":[],"score":465,"play_id":"440e2f4c-0e57-4d93-bc15-12d6d5b0ef69","local_time":"20190203202009","is_ascension_mode":true,"campfire_choices":[{"data":"Neutralize","floor":6,"key":"SMITH"},{"data":"Bullet Time","floor":8,"key":"SMITH"},{"floor":15,"key":"REST"},{"data":"Catalyst","floor":23,"key":"SMITH"},{"data":"Sucker Punch","floor":25,"key":"SMITH"},{"floor":27,"key":"REST"},{"data":"Well Laid Plans","floor":30,"key":"SMITH"},{"floor":32,"key":"REST"}],"neow_cost":"NONE","seed_source_timestamp":879877386269200,"circlet_count":0,"master_deck":["AscendersBane","Defend_G","Defend_G","Defend_G","Defend_G","Defend_G","Survivor","Neutralize+1","Bullet Time+1","Sucker Punch+1","Deadly Poison","Flying Knee+1","Catalyst+1","Quick Slash","Crippling Poison","Deadly Poison","Well Laid Plans+1","Die Die Die","Bite","Bite","Bite","Bite","Bite","Deflect+1","Writhe"],"relics":["Ring of the Snake","Bag of Marbles","Regal Pillow","Juzu Bracelet","Kunai","Whetstone","Busted Crown","Gambling Chip","Meat on the Bone","Shovel","Peace Pipe"],"potions_floor_usage":[10,16,16,28,28,29,33],"damage_taken":[{"damage":0,"enemies":"2 Louse","floor":1,"turns":3},{"damage":0,"enemies":"Jaw Worm","floor":4,"turns":4},{"damage":4,"enemies":"Cultist","floor":7,"turns":3},{"damage":18,"enemies":"3 Sentries","floor":10,"turns":10},{"damage":10,"enemies":"Exordium Thugs","floor":11,"turns":6},{"damage":0,"enemies":"3 Louse","floor":12,"turns":3},{"damage":15,"enemies":"Gremlin Nob","floor":13,"turns":4},{"damage":0,"enemies":"Blue Slaver","floor":14,"turns":4},{"damage":30,"enemies":"Slime Boss","floor":16,"turns":10},{"damage":8,"enemies":"Spheric Guardian","floor":18,"turns":4},{"damage":12,"enemies":"Shell Parasite","floor":21,"turns":5},{"damage":6,"enemies":"Centurion and Healer","floor":22,"turns":5},{"damage":14,"enemies":"Book of Stabbing","floor":28,"turns":5},{"damage":14,"enemies":"3 Cultists","floor":29,"turns":4},{"damage":65,"enemies":"Collector","floor":33,"turns":5}],"seed_played":"-122101047710643354","potions_obtained":[{"floor":4,"key":"AttackPotion"},{"floor":10,"key":"Strength Potion"},{"floor":13,"key":"AttackPotion"},{"floor":16,"key":"LiquidBronze"},{"floor":18,"key":"EntropicBrew"},{"floor":29,"key":"FearPotion"}],"is_trial":false,"path_per_floor":["M","?","?","M","$","R","M","R","T","E","M","M","E","M","R","B",null,"M","$","?","M","M","R","?","R","T","R","E","M","R","?","R","B"],"character_chosen":"THE_SILENT","items_purchased":["Deadly Poison","Gambling Chip"],"campfire_rested":3,"item_purchase_floors":[5,19],"current_hp_per_floor":[63,56,56,56,56,56,52,52,52,34,24,24,9,9,45,15,56,48,48,48,41,49,49,37,37,37,49,39,35,35,35,49,0],"gold":257,"neow_bonus":"ONE_RANDOM_RARE_CARD","is_prod":false,"is_daily":false,"chose_seed":false,"campfire_upgraded":5,"win_rate":0,"timestamp":1549221609,"path_taken":["M","?","?","?","?","R","M","R","T","E","M","M","E","M","R","BOSS","M","$","?","M","M","R","?","R","T","R","E","M","R","?","R","BOSS"],"build_version":"2019-01-23","purchased_purges":0,"victory":false,"max_hp_per_floor":[70,70,70,70,70,70,70,70,70,70,70,70,70,70,70,70,70,70,70,49,49,49,49,49,49,49,49,49,49,49,49,49,49],"card_choices":[{"not_picked":["Accuracy","Infinite Blades"],"picked":"Backflip","floor":1},{"not_picked":["Dagger Throw","Quick Slash"],"picked":"Sucker Punch","floor":4},{"not_picked":["Cloak And Dagger","Slice"],"picked":"Flying Knee","floor":7},{"not_picked":["Dodge and Roll","Distraction"],"picked":"Catalyst","floor":10},{"not_picked":["Skewer","Reflex"],"picked":"Quick Slash","floor":11},{"not_picked":["Slice","Outmaneuver"],"picked":"Crippling Poison","floor":12},{"not_picked":["Tactician","Skewer"],"picked":"Deadly Poison","floor":13},{"not_picked":["Cloak And Dagger","Finisher"],"picked":"Well Laid Plans","floor":14},{"not_picked":["Tools of the Trade","Grand Finale"],"picked":"Die Die Die","floor":16},{"not_picked":["Acrobatics"],"picked":"SKIP","floor":18},{"not_picked":["Endless Agony"],"picked":"SKIP","floor":21},{"not_picked":["Acrobatics"],"picked":"SKIP","floor":22},{"not_picked":["Outmaneuver+1"],"picked":"SKIP","floor":28},{"not_picked":[],"picked":"Deflect+1","floor":29}],"player_experience":458756,"relics_obtained":[{"floor":9,"key":"Juzu Bracelet"},{"floor":10,"key":"Kunai"},{"floor":13,"key":"Whetstone"},{"floor":26,"key":"Meat on the Bone"},{"floor":28,"key":"Shovel"}],"event_choices":[{"damage_healed":0,"gold_gain":0,"player_choice":"Success","damage_taken":7,"relics_obtained":["Bag of Marbles"],"max_hp_gain":0,"max_hp_loss":0,"event_name":"Scrap Ooze","floor":2,"gold_loss":0},{"cards_removed":["Backflip"],"damage_healed":0,"gold_gain":0,"player_choice":"Gave Card","damage_taken":0,"relics_obtained":["Regal Pillow"],"max_hp_gain":0,"max_hp_loss":0,"event_name":"WeMeetAgain","floor":3,"gold_loss":0},{"damage_healed":0,"gold_gain":0,"player_choice":"Became a vampire","damage_taken":0,"max_hp_gain":0,"max_hp_loss":21,"event_name":"Vampires","floor":20,"gold_loss":0,"cards_obtained":["Bite","Bite","Bite","Bite","Bite"]},{"damage_healed":0,"gold_gain":90,"player_choice":"GOLD ","damage_taken":12,"max_hp_gain":0,"max_hp_loss":0,"event_name":"Knowing Skull","floor":24,"potions_obtained":[],"gold_loss":0,"cards_obtained":[]},{"damage_healed":0,"gold_gain":0,"player_choice":"Opened","damage_taken":0,"relics_obtained":["Peace Pipe"],"max_hp_gain":0,"max_hp_loss":0,"event_name":"The Mausoleum","floor":31,"gold_loss":0,"cards_obtained":["Writhe"]}],"is_beta":false,"boss_relics":[{"not_picked":["Sozu","Snecko Eye"],"picked":"Busted Crown"}],"items_purged_floors":[],"is_endless":false,"potions_floor_spawned":[4,10,13,16,18,29],"killed_by":"Collector","ascension_level":12}