{"gold_per_floor":[117,132,82,93,93,128,128,142,188,205,80,92,92,103,103,203,203,222,233,233,233,233,233,37,37,37,64,78,78,95,110,110,208,208,226,239,139,153,28,28,0,47,47,47,74,22,22,36,36,36],"floor_reached":51,"playtime":2445,"items_purged":["Defend_R","Strike_R+1","Strike_R+1"],"score":822,"play_id":"b14011da-b086-498c-a1ae-cdd2906a9078","local_time":"20190418200127","is_ascension_mode":false,"campfire_choices":[{"data":"Bash","floor":7.0,"key":"SMITH"},{"data":"Pommel Strike","floor":13.0,"key":"SMITH"},{"data":"Clash","floor":15.0,"key":"SMITH"},{"data":"Clash","floor":23,"key":"SMITH"},{"floor":25,"key":"REST"},{"floor":29,"key":"REST"},{"data":"Clash","floor":32,"key":"SMITH"},{"floor":40,"key":"RECALL"},{"floor":44,"key":"REST"},{"floor":49,"key":"REST"}],"neow_cost":"NONE","seed_source_timestamp":668525153410018,"circlet_count":0,"master_deck":["Strike_R+1","Strike_R+1","Defend_R+1","Defend_R+1","Bash+1","Clash+1","Pommel Strike+1","Clash+1","Flex+1","Warcry+1","Clash+1","Pommel Strike+1","Warcry+1","Flex+1"],"special_seed":0,"relics":["Burning Blood","Ancient Tea Set","Gremlin Horn","Bag of Preparation","Lizard Tail","Enchiridion","ClockworkSouvenir","Dodecahedron","Lantern","Runic Dome","Red Mask","Turnip","Toxic Egg 2","Peace Pipe","Boot"],"potions_floor_usage":[16,33,33,50,50,50],"damage_taken":[{"damage":10.0,"enemies":"Jaw Worm","floor":1.0,"turns":4.0},{"damage":5.0,"enemies":"2 Louse","floor":2.0,"turns":3.0},{"damage":1.0,"enemies":"Cultist","floor":4.0,"turns":3.0},{"damage":14.0,"enemies":"Gremlin Nob","floor":6.0,"turns":3.0},{"damage":8.0,"enemies":"3 Louse","floor":8.0,"turns":3.0},{"damage":9.0,"enemies":"Blue Slaver","floor":10.0,"turns":3.0},{"damage":6.0,"enemies":"Large Slime","floor":12.0,"turns":2.0},{"damage":0.0,"enemies":"Lots of Slimes","floor":14.0,"turns":1.0},{"damage":0,"enemies":"Slime Boss","floor":16,"turns":3},{"damage":22,"enemies":"Spheric Guardian","floor":18,"turns":4},{"damage":8,"enemies":"3 Byrds","floor":19,"turns":3},{"damage":7,"enemies":"Slavers","floor":27,"turns":3},{"damage":1,"enemies":"Centurion and Healer","floor":28,"turns":3},{"damage":0,"enemies":"Snecko","floor":30,"turns":1},{"damage":13,"enemies":"Snake Plant","floor":31,"turns":2},{"damage":22,"enemies":"Automaton","floor":33,"turns":5},{"damage":0,"enemies":"Orb Walker","floor":35,"turns":1},{"damage":0,"enemies":"3 Darklings","floor":36,"turns":2},{"damage":0,"enemies":"Writhing Mass","floor":38,"turns":2},{"damage":0,"enemies":"2 Orb Walkers","floor":42,"turns":1},{"damage":0,"enemies":"Reptomancer","floor":45,"turns":2},{"damage":17,"enemies":"Maw","floor":48,"turns":3},{"damage":26,"enemies":"Awakened One","floor":50,"turns":6}],"seed_played":"-2227243540352131692","potions_obtained":[{"floor":1.0,"key":"SpeedPotion"},{"floor":4.0,"key":"BloodPotion"},{"floor":6.0,"key":"BloodPotion"},{"floor":12.0,"key":"SteroidPotion"},{"floor":19,"key":"SteroidPotion"},{"floor":27,"key":"PowerPotion"},{"floor":35,"key":"SteroidPotion"},{"floor":42,"key":"Weak Potion"}],"is_trial":false,"path_per_floor":["M","M","?","M","?","E","R","M","T","M","$","M","R","M","R","B",null,"M","M","?","?","?","R","$","R","T","E","M","R","M","M","R","B",null,"M","M","$","M","$","R","?","?","T","R","E","$","T","M","R","B",null],"character_chosen":"IRONCLAD","items_purchased":["Clash","ClockworkSouvenir","Flex+1"],"campfire_rested":4,"item_purchase_floors":[11,24,46],"current_hp_per_floor":[76,77,77,80,80,72,72,70,70,67,67,67,67,73,73,79,80,64,62,62,62,46,46,46,70,70,69,74,80,80,73,73,64,80,80,80,80,80,80,80,80,80,80,80,80,80,80,69,80,60],"gold":36,"neow_bonus":"RANDOM_COMMON_RELIC","is_prod":false,"is_daily":false,"chose_seed":false,"campfire_upgraded":5,"win_rate":0,"timestamp":1555635687,"path_taken":["M","M","?","M","?","E","R","M","T","?","$","M","R","M","R","BOSS","M","M","?","?","?","R","?","R","T","E","M","R","?","M","R","BOSS","M","M","$","M","$","R","?","?","T","R","E","?","?","M","R","BOSS"],"build_version":"2019-01-23","purchased_purges":3,"victory":true,"max_hp_per_floor":[80,80,80,80,80,80,80,80,80,80,80,80,80,80,80,80,80,80,80,80,80,80,80,80,80,80,80,80,80,80,80,80,80,80,80,80,80,80,80,80,80,80,80,80,80,80,80,80,80,80],"card_choices":[{"not_picked":["Cleave","True Grit","Fire Breathing"],"picked":"SKIP","floor":1.0},{"not_picked":["Sentinel","Armaments"],"picked":"Clash","floor":2.0},{"not_picked":["Anger","Dropkick","Sword Boomerang"],"picked":"SKIP","floor":4.0},{"not_picked":["Anger","Dropkick","Sword Boomerang"],"picked":"SKIP","floor":4.0},{"not_picked":["Power Through","Whirlwind","Burning Pact"],"picked":"SKIP","floor":6.0},{"not_picked":["Immolate","Clothesline"],"picked":"Pommel Strike","floor":8.0},{"not_picked":["Heavy Blade","Second Wind","Warcry"],"picked":"SKIP","floor":10.0},{"not_picked":["Flex","Heavy Blade","True Grit"],"picked":"SKIP","floor":12.0},{"not_picked":["Wild Strike","Blood for Blood","Flame Barrier"],"picked":"SKIP","floor":14.0},{"not_picked":["Iron Wave","Shockwave"],"picked":"Flex+1","floor":18},{"not_picked":["Sentinel","Body Slam","Disarm"],"picked":"SKIP","floor":19},{"not_picked":["True Grit","Intimidate+1","Burning Pact+1"],"picked":"SKIP","floor":27},{"not_picked":["True Grit","Intimidate+1","Burning Pact+1"],"picked":"SKIP","floor":27},{"not_picked":["Sentinel","Flex"],"picked":"Warcry+1","floor":28},{"not_picked":["Cleave+1","Intimidate"],"picked":"Clash","floor":30},{"not_picked":["Blood for Blood","Rupture+1","Reaper"],"picked":"SKIP","floor":31},{"not_picked":["Thunderclap","Twin Strike+1","Sword Boomerang"],"picked":"SKIP","floor":35},{"not_picked":["Twin Strike+1","Havoc"],"picked":"Pommel Strike+1","floor":36},{"not_picked":["Rupture","Battle Trance+1","Warcry"],"picked":"SKIP","floor":38},{"not_picked":["Wild Strike+1","Entrench+1"],"picked":"Warcry+1","floor":42},{"not_picked":["Iron Wave","Blood for Blood","Wild Strike+1"],"picked":"SKIP","floor":45},{"not_picked":["Spot Weakness+1","Metallicize+1","Rupture"],"picked":"SKIP","floor":48}],"player_experience":477805,"relics_obtained":[{"floor":6.0,"key":"Gremlin Horn"},{"floor":9.0,"key":"Bag of Preparation"},{"floor":22,"key":"Enchiridion"},{"floor":26,"key":"Dodecahedron"},{"floor":27,"key":"Lantern"},{"floor":42,"key":"Turnip"},{"floor":43,"key":"Toxic Egg 2"},{"floor":45,"key":"Peace Pipe"},{"floor":47,"key":"Boot"}],"event_choices":[{"cards_removed":["Defend_R"],"damage_healed":0.0,"max_hp_gain":0.0,"max_hp_loss":0.0,"gold_gain":0.0,"event_name":"The Cleric","player_choice":"Card Removal","floor":3.0,"gold_loss":50.0,"damage_taken":0.0},{"cards_removed":["Strike_R"],"damage_healed":0.0,"max_hp_gain":0.0,"max_hp_loss":0.0,"gold_gain":0.0,"event_name":"Purifier","player_choice":"Purged","floor":5.0,"gold_loss":0.0,"damage_taken":0.0},{"damage_healed":0,"gold_gain":0,"player_choice":"Ignored","damage_taken":0,"max_hp_gain":0,"max_hp_loss":0,"event_name":"Ghosts","floor":20,"gold_loss":0},{"damage_healed":0,"gold_gain":0,"player_choice":"Simplicity","damage_taken":0,"max_hp_gain":0,"max_hp_loss":0,"event_name":"Back to Basics","floor":21,"gold_loss":0,"cards_upgraded":["Strike_R","Strike_R","Strike_R","Strike_R","Defend_R","Defend_R"]},{"damage_healed":0,"gold_gain":0,"player_choice":"Obtained Book","damage_taken":16,"max_hp_gain":0,"max_hp_loss":0,"event_name":"Cursed Tome","floor":22,"gold_loss":0},{"damage_healed":0,"gold_gain":0,"player_choice":"Paid","damage_taken":0,"relics_obtained":["Red Mask"],"max_hp_gain":0,"max_hp_loss":0,"event_name":"Tomb of Lord Red Mask","floor":41,"gold_loss":28},{"damage_healed":0,"gold_gain":0,"player_choice":"Fight","damage_taken":0,"max_hp_gain":0,"max_hp_loss":0,"event_name":"Mysterious Sphere","floor":42,"gold_loss":0}],"is_beta":false,"boss_relics":[{"not_picked":["Fusion Hammer","Black Star"],"picked":"Lizard Tail"},{"not_picked":["Black Blood","Philosopher\u0027s Stone"],"picked":"Runic Dome"}],"items_purged_floors":[11,37,39],"is_endless":false,"potions_floor_spawned":[1,4,6,12,19,27,35,42,48],"ascension_level":0}