{"gold_per_floor":[110,121,296,326,146,177,177,76,144,144,163,5,25,39,39,134,134,144,60,73,88,98,109,109,121,121,155,155],"floor_reached":28,"playtime":2739,"items_purged":["Doubt"],"score":292,"play_id":"03678fcf-7d76-43fb-8eee-f10d73ba1cd6","local_time":"20190301185250","is_ascension_mode":false,"campfire_choices":[{"data":"Cloak And Dagger","floor":7,"key":"SMITH"},{"floor":10,"key":"REST"},{"data":"Accuracy","floor":15,"key":"SMITH"},{"floor":24,"key":"REST"}],"neow_cost":"NONE","seed_source_timestamp":52567438228900,"circlet_count":0,"master_deck":["Survivor","Neutralize+1","Backstab","Cloak And Dagger+1","Acrobatics","Discovery","Accuracy+1","PiercingWail","Backflip","Cloak And Dagger","Panache","Terror","After Image","Backflip","Escape Plan","Footwork","Envenom","Footwork","Reflex","Tactician","Accuracy","Dagger Throw","Eviscerate+1","All Out Attack+1","Caltrops","Well Laid Plans","Caltrops+1","Prepared","Underhanded Strike+1","Prepared+1"],"relics":["Ring of the Snake","Tiny Chest","Ninja Scroll","The Courier","Pandora\u0027s Box","Frozen Egg 2","Whetstone"],"potions_floor_usage":[16,16,16,23,27,28],"damage_taken":[{"damage":0,"enemies":"Small Slimes","floor":1,"turns":3},{"damage":0,"enemies":"Jaw Worm","floor":2,"turns":5},{"damage":25,"enemies":"3 Sentries","floor":6,"turns":11},{"damage":0,"enemies":"Cultist","floor":11,"turns":2},{"damage":4,"enemies":"Gremlin Gang","floor":13,"turns":5},{"damage":0,"enemies":"Looter","floor":14,"turns":1},{"damage":0,"enemies":"Hexaghost","floor":16,"turns":6},{"damage":2,"enemies":"Shell Parasite","floor":18,"turns":6},{"damage":16,"enemies":"2 Thieves","floor":20,"turns":3},{"damage":20,"enemies":"Chosen and Byrds","floor":21,"turns":6},{"damage":0,"enemies":"Shelled Parasite and Fungi","floor":22,"turns":2},{"damage":5,"enemies":"Snake Plant","floor":23,"turns":4},{"damage":10,"enemies":"Centurion and Healer","floor":25,"turns":5},{"damage":37,"enemies":"Gremlin Leader","floor":27,"turns":6},{"damage":7,"enemies":"Sentry and Sphere","floor":28,"turns":3}],"seed_played":"6313360774874384989","potions_obtained":[{"floor":1,"key":"PowerPotion"},{"floor":13,"key":"Strength Potion"},{"floor":14,"key":"EssenceOfSteel"},{"floor":21,"key":"GamblersBrew"},{"floor":23,"key":"Explosive Potion"},{"floor":27,"key":"Strength Potion"}],"is_trial":false,"path_per_floor":["M","M","?","?","$","E","R","$","T","R","M","$","M","M","R","B",null,"M","$","M","M","M","M","R","M","T","E","M"],"character_chosen":"THE_SILENT","items_purchased":["Acrobatics","Discovery","Accuracy","PiercingWail","Cloak And Dagger","Panache","Caltrops","Well Laid Plans"],"campfire_rested":2,"item_purchase_floors":[5,5,8,8,12,12,19,19],"current_hp_per_floor":[70,70,70,52,52,27,27,27,27,48,48,48,44,44,44,44,70,68,68,52,32,32,27,48,38,38,1,0],"gold":155,"neow_bonus":"UPGRADE_CARD","is_prod":false,"is_daily":false,"chose_seed":false,"campfire_upgraded":2,"win_rate":0,"timestamp":1551462770,"path_taken":["M","M","?","?","?","E","R","$","T","R","M","?","M","M","R","BOSS","M","$","?","?","M","M","R","M","T","E","M"],"build_version":"2019-01-23","purchased_purges":1,"victory":false,"max_hp_per_floor":[70,70,70,70,70,70,70,70,70,70,70,70,70,70,70,70,70,70,70,70,70,70,70,70,70,70,70,70],"card_choices":[{"not_picked":["Calculated Gamble","Flechettes"],"picked":"Backstab","floor":1},{"not_picked":["Deflect","Slice"],"picked":"Cloak And Dagger","floor":2},{"not_picked":["Heel Hook","Dodge and Roll","Grand Finale"],"picked":"SKIP","floor":6},{"not_picked":["Expertise","Outmaneuver"],"picked":"Backflip","floor":11},{"not_picked":["Heel Hook","Dagger Spray"],"picked":"Terror","floor":13},{"not_picked":["PiercingWail","Setup","Prepared"],"picked":"SKIP","floor":14},{"not_picked":["Wraith Form v2","Bullet Time"],"picked":"After Image","floor":16},{"not_picked":["Flying Knee","Deadly Poison"],"picked":"All Out Attack","floor":18},{"not_picked":["Setup+1","Dagger Spray"],"picked":"Caltrops+1","floor":20},{"not_picked":["Dagger Throw","Dodge and Roll","Deflect"],"picked":"SKIP","floor":21},{"not_picked":["Caltrops","Corpse Explosion"],"picked":"Prepared","floor":22},{"not_picked":["Bane+1","Finisher"],"picked":"Underhanded Strike+1","floor":23},{"not_picked":["Masterful Stab","Acrobatics"],"picked":"Prepared+1","floor":25},{"not_picked":["Dagger Throw+1","Tactician","All Out Attack+1"],"picked":"SKIP","floor":27}],"player_experience":301493,"relics_obtained":[{"floor":6,"key":"Ninja Scroll"},{"floor":9,"key":"The Courier"},{"floor":26,"key":"Frozen Egg 2"},{"floor":27,"key":"Whetstone"}],"event_choices":[{"damage_healed":0,"gold_gain":175,"player_choice":"AGREE","damage_taken":0,"max_hp_gain":0,"max_hp_loss":0,"event_name":"Liars Game","floor":3,"gold_loss":0,"cards_obtained":["Doubt"]},{"damage_healed":0,"gold_gain":0,"player_choice":"Success","damage_taken":18,"relics_obtained":["Tiny Chest"],"max_hp_gain":0,"max_hp_loss":0,"event_name":"Scrap Ooze","floor":4,"gold_loss":0}],"is_beta":false,"boss_relics":[{"not_picked":["Runic Pyramid","White Beast Statue"],"picked":"Pandora\u0027s Box"}],"items_purged_floors":[5],"is_endless":false,"potions_floor_spawned":[1,13,14,21,23,27],"killed_by":"Sentry and Sphere","ascension_level":0}