{"gold_per_floor":[110,125,143,153,166,166,0,26,52,52,52,67,77,105,105,200,200,216,228,33,33,43,43,71,36,36,61,160,160,180,193,193,288,288,303,323,67,83,383,383,416,42,88,116,136,154,154,164,164,164],"floor_reached":51,"playtime":10401,"items_purged":["Strike_R","Strike_R"],"score":1057,"play_id":"5ccd611c-6b3b-43f0-973b-09c326e0d066","local_time":"20190402165253","is_ascension_mode":true,"campfire_choices":[{"data":"Anger","floor":6,"key":"SMITH"},{"data":"Whirlwind","floor":10,"key":"SMITH"},{"floor":15,"key":"REST"},{"data":"Metallicize","floor":23,"key":"SMITH"},{"floor":32,"key":"REST"},{"data":"Reaper","floor":40,"key":"SMITH"},{"data":"Rampage","floor":47,"key":"SMITH"},{"data":"Limit Break","floor":49,"key":"SMITH"}],"neow_cost":"NONE","seed_source_timestamp":334328036088700,"circlet_count":0,"master_deck":["Strike_R","Strike_R+1","Defend_R","Defend_R","Defend_R","Defend_R","Bash","Iron Wave+1","Clothesline","Demon Form","Anger+1","Metallicize+1","Flex","Whirlwind+1","Shrug It Off","Shrug It Off","Reaper+1","Cleave","Warcry+1","Feed","Twin Strike+1","Rampage+1","Shockwave","Metallicize+1","Inflame","Spot Weakness","Juggernaut","Body Slam+1","Rage+1","Heavy Blade","Limit Break+1","Combust+1","Headbutt","Double Tap","Battle Trance","Armaments+1","Inflame","Intimidate+1","Shockwave+1"],"relics":["Burning Blood","NeowsBlessing","Centennial Puzzle","Blood Vial","FaceOfCleric","Vajra","Black Star","Lee\u0027s Waffle","Lantern","Incense Burner","Prayer Wheel","Magic Flower","Snecko Eye","Turnip","Bottled Flame","Thread and Needle","Whetstone","Bottled Lightning","Bronze Scales"],"potions_floor_usage":[5,14,22,27,31,33,35,41,45,50,50],"damage_taken":[{"damage":0,"enemies":"Small Slimes","floor":1,"turns":1},{"damage":0,"enemies":"Cultist","floor":2,"turns":1},{"damage":0,"enemies":"2 Louse","floor":3,"turns":1},{"damage":12,"enemies":"Blue Slaver","floor":4,"turns":5},{"damage":20,"enemies":"Gremlin Gang","floor":5,"turns":4},{"damage":26,"enemies":"3 Sentries","floor":8,"turns":7},{"damage":20,"enemies":"Large Slime","floor":12,"turns":5},{"damage":3,"enemies":"Red Slaver","floor":13,"turns":3},{"damage":14,"enemies":"Gremlin Nob","floor":14,"turns":4},{"damage":22,"enemies":"The Guardian","floor":16,"turns":8},{"damage":17,"enemies":"Shell Parasite","floor":18,"turns":9},{"damage":21,"enemies":"Spheric Guardian","floor":19,"turns":4},{"damage":50,"enemies":"Cultist and Chosen","floor":22,"turns":8},{"damage":29,"enemies":"Gremlin Leader","floor":24,"turns":7},{"damage":42,"enemies":"Slavers","floor":27,"turns":4},{"damage":20,"enemies":"Snake Plant","floor":30,"turns":5},{"damage":25,"enemies":"Centurion and Healer","floor":31,"turns":7},{"damage":81,"enemies":"Champ","floor":33,"turns":14},{"damage":26,"enemies":"3 Darklings","floor":35,"turns":5},{"damage":5,"enemies":"Orb Walker","floor":36,"turns":4},{"damage":50,"enemies":"3 Darklings","floor":38,"turns":3},{"damage":29,"enemies":"Nemesis","floor":41,"turns":9},{"damage":9,"enemies":"Reptomancer","floor":44,"turns":4},{"damage":0,"enemies":"Maw","floor":45,"turns":6},{"damage":20,"enemies":"4 Shapes","floor":46,"turns":2},{"damage":0,"enemies":"3 Darklings","floor":48,"turns":2},{"damage":154,"enemies":"Awakened One","floor":50,"turns":11}],"seed_played":"-4056564491683402330","potions_obtained":[{"floor":2,"key":"Fire Potion"},{"floor":12,"key":"EssenceOfSteel"},{"floor":14,"key":"Explosive Potion"},{"floor":16,"key":"SpeedPotion"},{"floor":18,"key":"SneckoOil"},{"floor":22,"key":"FearPotion"},{"floor":30,"key":"Swift Potion"},{"floor":36,"key":"SkillPotion"},{"floor":38,"key":"Swift Potion"},{"floor":44,"key":"SpeedPotion"},{"floor":48,"key":"Swift Potion"}],"is_trial":false,"path_per_floor":["M","M","M","M","M","R","$","E","T","R","?","M","M","E","R","B",null,"M","M","$","?","M","R","E","$","T","E","?","?","M","M","R","B",null,"M","M","$","M","?","R","E","$","T","E","M","M","R","M","R","B",null],"character_chosen":"IRONCLAD","items_purchased":["Metallicize","Flex","Lee\u0027s Waffle","Rampage","Limit Break","Thread and Needle","Battle Trance"],"campfire_rested":2,"item_purchase_floors":[7,7,20,25,37,42,42],"current_hp_per_floor":[78,80,80,74,60,60,60,40,40,40,40,29,35,30,54,41,73,65,53,93,93,66,66,61,61,61,52,52,52,46,46,76,26,83,85,104,104,65,65,65,65,65,65,70,107,99,99,110,110,15],"gold":164,"neow_bonus":"THREE_ENEMY_KILL","is_prod":false,"is_daily":false,"chose_seed":false,"campfire_upgraded":6,"win_rate":0,"timestamp":1554216773,"path_taken":["M","M","M","M","M","R","$","E","T","R","?","?","M","E","R","BOSS","M","M","$","?","?","R","E","?","T","E","?","?","M","M","R","BOSS","M","?","$","M","?","R","E","$","T","E","?","M","R","M","R","BOSS"],"build_version":"2019-01-23","purchased_purges":2,"victory":true,"max_hp_per_floor":[80,80,80,80,80,80,80,80,80,80,80,81,82,83,83,84,84,85,86,93,93,94,94,95,95,95,99,99,99,100,101,101,102,102,103,104,104,105,105,105,106,106,106,107,108,109,109,110,110,111],"card_choices":[{"not_picked":["Flex","Power Through"],"picked":"Iron Wave","floor":1},{"not_picked":["Havoc","Iron Wave","Clash"],"picked":"SKIP","floor":2},{"not_picked":["Burning Pact","Body Slam"],"picked":"Clothesline","floor":3},{"not_picked":["Heavy Blade","Anger"],"picked":"Demon Form","floor":4},{"not_picked":["Blood for Blood","Headbutt"],"picked":"Anger","floor":5},{"not_picked":["Metallicize","Perfected Strike"],"picked":"Whirlwind","floor":8},{"not_picked":["True Grit","Power Through"],"picked":"Shrug It Off","floor":12},{"not_picked":["Clothesline","Sword Boomerang","Sever Soul"],"picked":"SKIP","floor":13},{"not_picked":["Dropkick","Anger"],"picked":"Shrug It Off","floor":14},{"not_picked":["Bludgeon","Dark Embrace"],"picked":"Reaper","floor":16},{"not_picked":["Havoc","Perfected Strike"],"picked":"Cleave","floor":18},{"not_picked":["Feel No Pain","Armaments"],"picked":"Warcry+1","floor":19},{"not_picked":["Sword Boomerang+1","Wild Strike","True Grit"],"picked":"SKIP","floor":22},{"not_picked":["Armaments","Pommel Strike+1"],"picked":"Twin Strike+1","floor":24},{"not_picked":["Cleave","Fiend Fire"],"picked":"Shockwave","floor":27},{"not_picked":["Power Through","Thunderclap"],"picked":"Inflame","floor":30},{"not_picked":["Iron Wave","Spot Weakness","Clothesline"],"picked":"SKIP","floor":30},{"not_picked":["Body Slam","Rampage+1"],"picked":"Spot Weakness","floor":31},{"not_picked":["Pommel Strike","Hemokinesis","Body Slam"],"picked":"SKIP","floor":31},{"not_picked":["Berserk","Demon Form"],"picked":"Juggernaut","floor":33},{"not_picked":["Shrug It Off+1","Disarm"],"picked":"Body Slam+1","floor":35},{"not_picked":["Rupture","Searing Blow+1","Flex"],"picked":"SKIP","floor":35},{"not_picked":["Carnage","Searing Blow+1"],"picked":"Rage+1","floor":36},{"not_picked":["Clothesline","Shrug It Off+1"],"picked":"Heavy Blade","floor":36},{"not_picked":["Wild Strike+1","Iron Wave"],"picked":"Combust+1","floor":38},{"not_picked":["Flex","Pommel Strike+1"],"picked":"Headbutt","floor":38},{"not_picked":["Clash","Corruption"],"picked":"Double Tap","floor":41},{"not_picked":["Uppercut+1","Wild Strike+1"],"picked":"Armaments+1","floor":44},{"not_picked":["Ghostly Armor","Flex"],"picked":"Inflame","floor":45},{"not_picked":["Rupture","Burning Pact+1","Uppercut"],"picked":"SKIP","floor":45},{"not_picked":["Sword Boomerang+1","Warcry"],"picked":"Intimidate+1","floor":46},{"not_picked":["Offering","Wild Strike","Twin Strike"],"picked":"SKIP","floor":46},{"not_picked":["Uppercut","Whirlwind"],"picked":"Shockwave+1","floor":48},{"not_picked":["Pommel Strike+1","Cleave","Sever Soul+1"],"picked":"SKIP","floor":48}],"player_experience":532057,"relics_obtained":[{"floor":8,"key":"Centennial Puzzle"},{"floor":9,"key":"Blood Vial"},{"floor":14,"key":"Vajra"},{"floor":24,"key":"Lantern"},{"floor":24,"key":"Incense Burner"},{"floor":27,"key":"Prayer Wheel"},{"floor":27,"key":"Magic Flower"},{"floor":41,"key":"Turnip"},{"floor":41,"key":"Bottled Flame"},{"floor":43,"key":"Whetstone"},{"floor":44,"key":"Bottled Lightning"},{"floor":44,"key":"Bronze Scales"}],"event_choices":[{"damage_healed":0,"gold_gain":0,"player_choice":"Trade","damage_taken":0,"relics_obtained":["FaceOfCleric"],"max_hp_gain":0,"max_hp_loss":0,"event_name":"FaceTrader","floor":11,"gold_loss":0},{"damage_healed":0,"gold_gain":0,"cards_transformed":["Strike_R"],"player_choice":"Transformed","damage_taken":0,"max_hp_gain":0,"max_hp_loss":0,"event_name":"Transmorgrifier","floor":21,"gold_loss":0,"cards_obtained":["Feed"]},{"damage_healed":0,"gold_gain":99,"player_choice":"Stole From Cult","damage_taken":0,"max_hp_gain":0,"max_hp_loss":0,"event_name":"Nest","floor":28,"gold_loss":0},{"damage_healed":0,"gold_gain":0,"player_choice":"Copied","damage_taken":0,"max_hp_gain":0,"max_hp_loss":0,"event_name":"Duplicator","floor":29,"gold_loss":0,"cards_obtained":["Metallicize"]},{"damage_healed":0,"gold_gain":300,"player_choice":"Gold","damage_taken":0,"max_hp_gain":0,"max_hp_loss":0,"event_name":"Wheel of Change","floor":39,"gold_loss":0}],"is_beta":false,"boss_relics":[{"not_picked":["Runic Pyramid","Pandora\u0027s Box"],"picked":"Black Star"},{"not_picked":["Eternal Feather","Cursed Key"],"picked":"Snecko Eye"}],"items_purged_floors":[7,37],"is_endless":false,"potions_floor_spawned":[2,12,14,16,18,22,30,36,38,44,48],"ascension_level":6}