{"gold_per_floor":[111,125,200,200,200,200,212,212,212,238,2,2,15,25,25,100,100,116,116,127,47,61,61,78,151,151,151,176,176,176,188,188,260,260,275,275,292,292,303,337,337,350,427,427,37,137,137,61,61,61],"floor_reached":51,"playtime":3190,"items_purged":["Strike_R"],"score":1446,"play_id":"dc5c2c73-b611-42c4-b260-722eb2dc8d03","local_time":"20190422224635","is_ascension_mode":true,"campfire_choices":[{"data":"True Grit","floor":6,"key":"SMITH"},{"floor":15,"key":"REST"},{"data":"Corruption","floor":23,"key":"SMITH"},{"data":"Disarm","floor":27,"key":"SMITH"},{"data":"Feel No Pain","floor":29,"key":"SMITH"},{"data":"Feel No Pain","floor":32,"key":"SMITH"},{"data":"Seeing Red","floor":41,"key":"SMITH"},{"data":"Madness","floor":44,"key":"SMITH"},{"data":"Madness","floor":47,"key":"SMITH"},{"data":"Madness","floor":49,"key":"SMITH"}],"neow_cost":"NONE","seed_source_timestamp":868377109136200,"circlet_count":0,"master_deck":["AscendersBane","Strike_R","Strike_R","Strike_R+1","Defend_R","Defend_R","Defend_R","Defend_R","Bash+1","True Grit+1","Inflame","Carnage","Shrug It Off","Shockwave+1","Disarm+1","Metallicize","Warcry","Feel No Pain+1","Reaper","Warcry","Feel No Pain+1","Corruption+1","Feel No Pain","Limit Break","Seeing Red+1","Panacea","Discovery","Panacea","Warcry","Madness+1","Madness+1","Impervious","Madness+1","Warcry+1","Corruption+1"],"relics":["Burning Blood","NeowsBlessing","Dead Branch","MawBank","Coffee Dripper","Regal Pillow","Matryoshka","Blood Vial","Orichalcum","Red Mask","Sozu","Frozen Egg 2","Pen Nib","Mummified Hand","Medical Kit","Nunchaku"],"potions_floor_usage":[10,33,50],"damage_taken":[{"damage":0,"enemies":"Small Slimes","floor":1,"turns":1},{"damage":0,"enemies":"Jaw Worm","floor":2,"turns":1},{"damage":0,"enemies":"Cultist","floor":7,"turns":1},{"damage":8,"enemies":"Gremlin Nob","floor":10,"turns":3},{"damage":5,"enemies":"Looter","floor":13,"turns":3},{"damage":11,"enemies":"3 Louse","floor":14,"turns":6},{"damage":19,"enemies":"Hexaghost","floor":16,"turns":12},{"damage":0,"enemies":"Shell Parasite","floor":18,"turns":6},{"damage":2,"enemies":"Spheric Guardian","floor":20,"turns":7},{"damage":0,"enemies":"Snecko","floor":22,"turns":4},{"damage":0,"enemies":"Snake Plant","floor":24,"turns":3},{"damage":31,"enemies":"Masked Bandits","floor":28,"turns":6},{"damage":12,"enemies":"Sentry and Sphere","floor":31,"turns":6},{"damage":3,"enemies":"Collector","floor":33,"turns":5},{"damage":25,"enemies":"3 Shapes","floor":35,"turns":6},{"damage":11,"enemies":"Orb Walker","floor":37,"turns":5},{"damage":0,"enemies":"Sphere and 2 Shapes","floor":39,"turns":4},{"damage":0,"enemies":"Nemesis","floor":40,"turns":5},{"damage":10,"enemies":"Spire Growth","floor":42,"turns":5},{"damage":27,"enemies":"Mind Bloom Boss Battle","floor":46,"turns":5},{"damage":50,"enemies":"Awakened One","floor":50,"turns":6}],"seed_played":"-4360046174354172443","potions_obtained":[{"floor":2,"key":"Fire Potion"},{"floor":10,"key":"Fire Potion"},{"floor":20,"key":"FearPotion"},{"floor":24,"key":"Strength Potion"},{"floor":28,"key":"SkillPotion"}],"is_trial":false,"path_per_floor":["M","M","?","?","?","R","M","?","T","E","$","?","M","M","R","B",null,"M","?","M","$","M","R","M","T","T","R","?","R","?","M","R","B",null,"M","?","M","?","M","E","R","M","T","R","$","?","R","$","R","B",null],"character_chosen":"IRONCLAD","items_purchased":["Shockwave","Disarm","Metallicize","Corruption","Medical Kit","Madness","Corruption+1"],"campfire_rested":1,"item_purchase_floors":[11,11,11,21,45,45,48],"current_hp_per_floor":[74,75,64,41,41,41,47,47,47,45,45,45,46,41,63,50,69,75,75,75,75,75,75,75,75,75,75,73,73,73,69,69,74,75,59,49,46,32,52,60,60,58,58,58,58,54,54,54,54,30],"gold":61,"neow_bonus":"THREE_ENEMY_KILL","is_prod":false,"is_daily":false,"chose_seed":false,"campfire_upgraded":9,"win_rate":0,"timestamp":1555965995,"path_taken":["M","M","?","?","?","R","?","?","T","E","$","?","M","?","R","BOSS","M","?","?","$","?","R","M","?","T","R","?","R","?","M","R","BOSS","M","?","M","?","M","E","R","M","T","R","$","?","R","$","R","BOSS"],"build_version":"2019-01-23","purchased_purges":1,"victory":true,"max_hp_per_floor":[75,75,75,75,75,75,75,75,75,75,75,75,75,75,75,75,75,75,75,75,75,75,75,75,75,75,75,75,75,75,75,75,75,75,75,75,75,75,75,75,75,75,75,75,75,75,75,75,75,75],"card_choices":[{"not_picked":["Intimidate","Sword Boomerang"],"picked":"True Grit","floor":1},{"not_picked":["Sword Boomerang","Dropkick"],"picked":"Inflame","floor":2},{"not_picked":["Bloodletting","Hemokinesis"],"picked":"Shrug It Off","floor":7},{"not_picked":["Body Slam","Cleave","Dropkick"],"picked":"SKIP","floor":10},{"not_picked":["True Grit","Twin Strike"],"picked":"Warcry","floor":13},{"not_picked":["Carnage","Rupture"],"picked":"Feel No Pain","floor":14},{"not_picked":["Berserk","Impervious"],"picked":"Reaper","floor":16},{"not_picked":["Wild Strike","Entrench"],"picked":"Warcry","floor":18},{"not_picked":["Perfected Strike","Wild Strike"],"picked":"Feel No Pain","floor":20},{"not_picked":["Havoc","Headbutt"],"picked":"Feel No Pain","floor":22},{"not_picked":["Iron Wave","Body Slam","Second Wind"],"picked":"SKIP","floor":24},{"not_picked":["Armaments","Inflame","Dual Wield"],"picked":"SKIP","floor":31},{"not_picked":["Reaper","Bludgeon"],"picked":"Limit Break","floor":33},{"not_picked":["Shrug It Off+1","Carnage"],"picked":"Seeing Red","floor":35},{"not_picked":["Finesse","Panache"],"picked":"Panacea","floor":36},{"not_picked":["Magnetism","HandOfGreed"],"picked":"Discovery","floor":36},{"not_picked":["Mayhem","Impatience"],"picked":"Panacea","floor":36},{"not_picked":["Wild Strike+1","Twin Strike"],"picked":"Warcry","floor":37},{"not_picked":["Sword Boomerang","Body Slam+1","Havoc"],"picked":"SKIP","floor":39},{"not_picked":["Iron Wave","Hemokinesis+1"],"picked":"Impervious","floor":40},{"not_picked":["Body Slam","Thunderclap","Fire Breathing+1"],"picked":"SKIP","floor":42},{"not_picked":["Bloodletting+1","Flex"],"picked":"Warcry+1","floor":46}],"player_experience":282944,"relics_obtained":[{"floor":9,"key":"Dead Branch"},{"floor":10,"key":"MawBank"},{"floor":25,"key":"Matryoshka"},{"floor":26,"key":"Blood Vial"},{"floor":26,"key":"Orichalcum"},{"floor":28,"key":"Red Mask"},{"floor":40,"key":"Frozen Egg 2"},{"floor":43,"key":"Pen Nib"},{"floor":43,"key":"Mummified Hand"},{"floor":46,"key":"Nunchaku"}],"event_choices":[{"damage_healed":0,"gold_gain":75,"player_choice":"Gather Gold","damage_taken":11,"max_hp_gain":0,"max_hp_loss":0,"event_name":"World of Goop","floor":3,"gold_loss":0},{"damage_healed":0,"gold_gain":0,"player_choice":"Entered Light","damage_taken":23,"max_hp_gain":0,"max_hp_loss":0,"event_name":"Shining Light","floor":4,"gold_loss":0,"cards_upgraded":["Bash","Strike_R"]},{"damage_healed":0,"gold_gain":0,"cards_transformed":["Strike_R"],"player_choice":"Transformed","damage_taken":0,"max_hp_gain":0,"max_hp_loss":0,"event_name":"Transmorgrifier","floor":5,"gold_loss":0,"cards_obtained":["Carnage"]},{"damage_healed":0,"gold_gain":0,"player_choice":"Ignored","damage_taken":0,"max_hp_gain":0,"max_hp_loss":0,"event_name":"Liars Game","floor":8,"gold_loss":0},{"damage_healed":0,"gold_gain":0,"player_choice":"Forge","damage_taken":0,"max_hp_gain":0,"max_hp_loss":0,"event_name":"Accursed Blacksmith","floor":12,"gold_loss":0,"cards_upgraded":["Shockwave"]},{"damage_healed":0,"gold_gain":0,"player_choice":"Gave Potion","damage_taken":0,"relics_obtained":["Regal Pillow"],"max_hp_gain":0,"max_hp_loss":0,"event_name":"WeMeetAgain","floor":19,"gold_loss":0},{"damage_healed":0,"gold_gain":0,"player_choice":"Fought Bandits","damage_taken":0,"max_hp_gain":0,"max_hp_loss":0,"event_name":"Masked Bandits","floor":28,"gold_loss":0},{"damage_healed":0,"gold_gain":0,"player_choice":"Ignored","damage_taken":0,"max_hp_gain":0,"max_hp_loss":0,"event_name":"Ghosts","floor":30,"gold_loss":0},{"damage_healed":0,"gold_gain":0,"player_choice":"Memory 3","damage_taken":10,"max_hp_gain":0,"max_hp_loss":0,"event_name":"SensoryStone","floor":36,"gold_loss":0},{"damage_healed":0,"gold_gain":0,"player_choice":"Embrace Madness","damage_taken":14,"max_hp_gain":0,"max_hp_loss":0,"event_name":"Winding Halls","floor":38,"gold_loss":0,"cards_obtained":["Madness","Madness"]},{"damage_healed":0,"gold_gain":0,"player_choice":"Fight","damage_taken":0,"max_hp_gain":0,"max_hp_loss":0,"event_name":"MindBloom","floor":46,"gold_loss":0}],"is_beta":false,"boss_relics":[{"not_picked":["Runic Cube","Lizard Tail"],"picked":"Coffee Dripper"},{"not_picked":["Snecko Eye","Orrery"],"picked":"Sozu"}],"items_purged_floors":[45],"is_endless":false,"potions_floor_spawned":[2,10,20,24,28,37,39,40,46],"ascension_level":16}