{"gold_per_floor":[111,126,142,142,156,187,187,40,65,240,262,279,1,14,14,119,119,130,149,1,11,11,11,36,36,61,61,80,2,16,28,28,126,126,136,136,155,167,45,45,45,57,82,82,32,79,98,1,1,1],"floor_reached":51,"playtime":3291,"items_purged":["Doubt","Normality"],"score":978,"play_id":"7a382147-d335-4e63-a674-0e0171b8d674","local_time":"20190402005025","is_ascension_mode":true,"campfire_choices":[{"floor":7.0,"key":"REST"},{"floor":15.0,"key":"REST"},{"floor":23.0,"key":"REST"},{"data":"Echo Form","floor":27.0,"key":"SMITH"},{"floor":32.0,"key":"REST"},{"floor":40,"key":"REST"},{"floor":44,"key":"REST"},{"floor":49,"key":"REST"}],"neow_cost":"NONE","seed_source_timestamp":306500290944301,"circlet_count":0,"master_deck":["Strike_B+1","Strike_B+1","Strike_B+1","Strike_B+1","Defend_B+1","Defend_B+1","Defend_B+1","Defend_B+1","Zap+1","Dualcast","Leap+1","Reboot+1","Conserve Battery","Echo Form+1","Leap","Coolheaded","Static Discharge","Doom and Gloom","Ball Lightning","Ghostly","Ghostly","Ghostly","Ghostly","Ghostly","Doom and Gloom","Shame","Echo Form","BootSequence","Echo Form","Panacea","Darkness","Ghostly","Conserve Battery+1","Hologram+1","Meteor Strike","Ghostly"],"special_seed":0,"relics":["Cracked Core","Juzu Bracelet","Oddly Smooth Stone","Pen Nib","Odd Mushroom","Membership Card","Cursed Key","War Paint","Strawberry","Bronze Scales","Lizard Tail","Strange Spoon","Regal Pillow","Calipers","DollysMirror"],"potions_floor_usage":[38,50,50,50,50],"damage_taken":[{"damage":9.0,"enemies":"Jaw Worm","floor":1.0,"turns":3.0},{"damage":0.0,"enemies":"Cultist","floor":2.0,"turns":4.0},{"damage":9.0,"enemies":"2 Louse","floor":3.0,"turns":3.0},{"damage":0.0,"enemies":"Blue Slaver","floor":5.0,"turns":3.0},{"damage":14.0,"enemies":"3 Sentries","floor":6.0,"turns":8.0},{"damage":25.0,"enemies":"The Mushroom Lair","floor":11.0,"turns":6.0},{"damage":24.0,"enemies":"Gremlin Gang","floor":12.0,"turns":6.0},{"damage":0.0,"enemies":"2 Fungi Beasts","floor":14.0,"turns":5.0},{"damage":13.0,"enemies":"The Guardian","floor":16.0,"turns":16.0},{"damage":14.0,"enemies":"2 Thieves","floor":18.0,"turns":5.0},{"damage":8.0,"enemies":"Chosen","floor":19.0,"turns":9.0},{"damage":18.0,"enemies":"Centurion and Healer","floor":21.0,"turns":4.0},{"damage":16.0,"enemies":"Slavers","floor":24.0,"turns":8.0},{"damage":5.0,"enemies":"Snake Plant","floor":28.0,"turns":5.0},{"damage":2.0,"enemies":"Snecko","floor":30.0,"turns":5.0},{"damage":0.0,"enemies":"Centurion and Healer","floor":31.0,"turns":6.0},{"damage":21.0,"enemies":"Champ","floor":33.0,"turns":11.0},{"damage":3.0,"enemies":"3 Shapes","floor":35.0,"turns":8.0},{"damage":18,"enemies":"3 Darklings","floor":37,"turns":4},{"damage":11,"enemies":"Sphere and 2 Shapes","floor":38,"turns":7},{"damage":1,"enemies":"Maw","floor":42,"turns":9},{"damage":4,"enemies":"2 Orb Walkers","floor":46,"turns":7},{"damage":3,"enemies":"4 Shapes","floor":47,"turns":7},{"damage":0,"enemies":"Awakened One","floor":50,"turns":16}],"seed_played":"-8918500539900991343","potions_obtained":[{"floor":1.0,"key":"Fire Potion"},{"floor":5.0,"key":"Weak Potion"},{"floor":11.0,"key":"EssenceOfSteel"},{"floor":12.0,"key":"EssenceOfSteel"},{"floor":16.0,"key":"AttackPotion"},{"floor":18.0,"key":"Energy Potion"},{"floor":28.0,"key":"LiquidBronze"},{"floor":31.0,"key":"AttackPotion"},{"floor":33.0,"key":"Weak Potion"},{"floor":35.0,"key":"LiquidBronze"},{"floor":37,"key":"EntropicBrew"}],"is_trial":false,"path_per_floor":["M","M","M","?","M","E","R","$","T","?","?","M","$","M","R","B",null,"M","M","$","M","?","R","E","?","T","R","M","$","M","M","R","B",null,"M","?","M","M","$","R","?","M","T","R","$","?","M","$","R","B",null],"character_chosen":"DEFECT","items_purchased":["Oddly Smooth Stone","Membership Card","Doom and Gloom","Ball Lightning","War Paint","SpeedPotion","Echo Form","Strange Spoon","Dexterity Potion","DollysMirror"],"campfire_rested":7,"item_purchase_floors":[8,13,20,20,20,20,29,39,39,48],"current_hp_per_floor":[59,59,50,50,50,36,58,58,58,58,33,9,9,9,31,18,61,47,39,39,21,21,32,23,23,23,23,18,18,16,16,29,8,35,32,32,14,3,3,16,16,15,15,43,43,39,36,36,44,44],"gold":1,"neow_bonus":"UPGRADE_CARD","is_prod":false,"is_daily":false,"chose_seed":false,"campfire_upgraded":1,"win_rate":0,"timestamp":1554184225,"path_taken":["M","M","M","?","?","E","R","$","T","?","?","M","$","M","R","BOSS","M","M","$","M","?","R","E","?","T","R","M","$","M","M","R","BOSS","M","?","M","M","$","R","?","M","T","R","$","?","M","$","R","BOSS"],"build_version":"2019-01-23","purchased_purges":2,"victory":true,"max_hp_per_floor":[75,75,75,75,75,75,75,75,75,75,75,75,75,75,75,75,75,75,75,75,75,37,37,44,44,44,44,44,44,44,44,44,44,44,44,44,44,44,44,44,44,44,44,44,44,44,44,44,44,44],"card_choices":[{"not_picked":["Redo","Hologram"],"picked":"Leap","floor":1.0},{"not_picked":["Stack","Sweeping Beam"],"picked":"Reboot","floor":2.0},{"not_picked":["Sweeping Beam","Skim","FTL"],"picked":"SKIP","floor":3.0},{"not_picked":["Leap","Hologram"],"picked":"Conserve Battery","floor":5.0},{"not_picked":["Chill","Coolheaded"],"picked":"Echo Form","floor":6.0},{"not_picked":["Sweeping Beam","Go for the Eyes"],"picked":"Leap","floor":11.0},{"not_picked":["Sweeping Beam","Fusion"],"picked":"Coolheaded","floor":12.0},{"not_picked":["Genetic Algorithm","Reinforced Body","Sunder"],"picked":"SKIP","floor":14.0},{"not_picked":["Consume","Skim+1"],"picked":"Static Discharge","floor":18.0},{"not_picked":["Coolheaded","Redo","FTL"],"picked":"SKIP","floor":19.0},{"not_picked":["Barrage","Skim","Aggregate"],"picked":"SKIP","floor":21.0},{"not_picked":["Barrage","Machine Learning"],"picked":"Doom and Gloom","floor":24.0},{"not_picked":["Rebound","Go for the Eyes","Steam Power"],"picked":"SKIP","floor":28.0},{"not_picked":["Reprogram","Turbo","Steam"],"picked":"SKIP","floor":30.0},{"not_picked":["Barrage","All For One"],"picked":"BootSequence","floor":31.0},{"not_picked":["Amplify","All For One"],"picked":"Echo Form","floor":33.0},{"not_picked":["Stack+1","Go for the Eyes","Heatsinks"],"picked":"SKIP","floor":35.0},{"not_picked":["Impatience","Discovery"],"picked":"Panacea","floor":36.0},{"not_picked":["Stack","Leap","Scrape"],"picked":"SKIP","floor":37},{"not_picked":["Steam+1","Leap+1"],"picked":"Darkness","floor":38},{"not_picked":["Blizzard","Hello World+1"],"picked":"Conserve Battery+1","floor":42},{"not_picked":["Blizzard","Turbo"],"picked":"Hologram+1","floor":46},{"not_picked":["Go for the Eyes+1","Coolheaded"],"picked":"Meteor Strike","floor":47}],"player_experience":390872,"relics_obtained":[{"floor":6.0,"key":"Juzu Bracelet"},{"floor":9.0,"key":"Pen Nib"},{"floor":11.0,"key":"Odd Mushroom"},{"floor":24.0,"key":"Strawberry"},{"floor":26.0,"key":"Bronze Scales"},{"floor":43,"key":"Regal Pillow"},{"floor":46,"key":"Calipers"}],"event_choices":[{"damage_healed":0.0,"max_hp_gain":0.0,"max_hp_loss":0.0,"gold_gain":0.0,"event_name":"The Woman in Blue","player_choice":"Bought 0 Potions","floor":4.0,"gold_loss":0.0,"damage_taken":0.0},{"damage_healed":0.0,"max_hp_gain":0.0,"max_hp_loss":0.0,"gold_gain":175.0,"event_name":"Liars Game","player_choice":"AGREE","floor":10.0,"gold_loss":0.0,"damage_taken":0.0,"cards_obtained":["Doubt"]},{"damage_healed":0.0,"max_hp_gain":0.0,"max_hp_loss":0.0,"gold_gain":0.0,"event_name":"Mushrooms","player_choice":"Fought Mushrooms","floor":11.0,"gold_loss":0.0,"damage_taken":0.0},{"damage_healed":0.0,"max_hp_gain":0.0,"max_hp_loss":38.0,"gold_gain":0.0,"event_name":"Ghosts","player_choice":"Became a Ghost","floor":22.0,"gold_loss":0.0,"damage_taken":0.0,"cards_obtained":["Ghostly","Ghostly","Ghostly","Ghostly","Ghostly"]},{"damage_healed":0.0,"max_hp_gain":0.0,"max_hp_loss":0.0,"gold_gain":0.0,"event_name":"Back to Basics","player_choice":"Simplicity","floor":25.0,"gold_loss":0.0,"damage_taken":0.0,"cards_upgraded":["Strike_B","Strike_B","Strike_B","Strike_B","Defend_B","Defend_B","Defend_B","Defend_B"]},{"damage_healed":0.0,"max_hp_gain":0.0,"max_hp_loss":0.0,"gold_gain":0.0,"event_name":"SensoryStone","player_choice":"Memory 1","floor":36.0,"gold_loss":0.0,"damage_taken":0.0},{"damage_healed":0,"gold_gain":0,"player_choice":"Copied","damage_taken":0,"max_hp_gain":0,"max_hp_loss":0,"event_name":"Duplicator","floor":41,"gold_loss":0,"cards_obtained":["Ghostly"]},{"damage_healed":0,"gold_gain":0,"player_choice":"Fight","damage_taken":0,"max_hp_gain":0,"max_hp_loss":0,"event_name":"Mysterious Sphere","floor":46,"gold_loss":0}],"is_beta":false,"boss_relics":[{"not_picked":["Empty Cage","Velvet Choker"],"picked":"Cursed Key"},{"not_picked":["Busted Crown","Runic Dome"],"picked":"Lizard Tail"}],"items_purged_floors":[13,45],"is_endless":false,"potions_floor_spawned":[1,5,11,12,16,18,28,31,33,35,37,42,46],"ascension_level":7}