{"gold_per_floor":[117,129,143,153,169,169,185,185,230,230,244,272,447,154,154,258,258,268,284,284,284,299,299,313,348,348,348,86,102,117,129,129,228,228,246,246,265,282,298,298,26,51,78,78,78,95,95,106,106,106,106,106,30,62,62],"floor_reached":55,"playtime":3335,"items_purged":["Doubt","Normality","Shame"],"score":750,"play_id":"38804f2b-5d60-412b-acc5-e81fd2c8332a","local_time":"20190407152731","is_ascension_mode":false,"campfire_choices":[{"data":"Armaments","floor":6,"key":"SMITH"},{"data":"Uppercut","floor":10,"key":"SMITH"},{"data":"Evolve","floor":15,"key":"SMITH"},{"data":"Burning Pact","floor":23,"key":"SMITH"},{"data":"Dual Wield","floor":27,"key":"SMITH"},{"floor":32,"key":"REST"},{"floor":40,"key":"RECALL"},{"floor":44,"key":"REST"},{"floor":49,"key":"REST"},{"floor":52,"key":"REST"}],"neow_cost":"TEN_PERCENT_HP_LOSS","seed_source_timestamp":82564898066894,"circlet_count":0,"master_deck":["Strike_R","Strike_R","Strike_R","Strike_R","Strike_R","Defend_R","Defend_R","Defend_R","Defend_R","Bash","Feed","Armaments+1","Fiend Fire","Headbutt","Headbutt","Uppercut+1","Decay","Shrug It Off","Shrug It Off","Evolve+1","Secret Weapon","Bludgeon","Burning Pact+1","Spot Weakness","Dual Wield+1","Limit Break","Heavy Blade","Whirlwind","Inflame+1","Brutality","Iron Wave+1","Bloodletting+1","Power Through+1","Body Slam+1","Sword Boomerang+1","Madness","Madness","Blood for Blood+1","Shockwave+1","Pommel Strike+1"],"relics":["Burning Blood","Bag of Marbles","Pocketwatch","Calling Bell","Red Skull","Pantograph","Bird Faced Urn","Enchiridion","Ornamental Fan","Fusion Hammer","Bronze Scales","Ancient Tea Set","Vajra","Art of War"],"potions_floor_usage":[4,25,35,48,50,50,55,55,55],"damage_taken":[{"damage":1,"enemies":"2 Louse","floor":1,"turns":4},{"damage":1,"enemies":"Cultist","floor":2,"turns":4},{"damage":0,"enemies":"Small Slimes","floor":3,"turns":2},{"damage":18,"enemies":"Exordium Thugs","floor":4,"turns":5},{"damage":5,"enemies":"Looter","floor":5,"turns":2},{"damage":8,"enemies":"Gremlin Gang","floor":7,"turns":4},{"damage":7,"enemies":"3 Louse","floor":11,"turns":2},{"damage":36,"enemies":"3 Sentries","floor":12,"turns":9},{"damage":35,"enemies":"Slime Boss","floor":16,"turns":12},{"damage":4,"enemies":"Chosen","floor":18,"turns":4},{"damage":12,"enemies":"2 Thieves","floor":19,"turns":3},{"damage":13,"enemies":"Snake Plant","floor":22,"turns":4},{"damage":9,"enemies":"Snecko","floor":24,"turns":3},{"damage":39,"enemies":"Book of Stabbing","floor":25,"turns":4},{"damage":38,"enemies":"Centurion and Healer","floor":29,"turns":8},{"damage":10,"enemies":"Chosen and Byrds","floor":30,"turns":4},{"damage":10,"enemies":"Sentry and Sphere","floor":31,"turns":3},{"damage":8,"enemies":"Collector","floor":33,"turns":5},{"damage":49,"enemies":"3 Darklings","floor":35,"turns":7},{"damage":16,"enemies":"Orb Walker","floor":37,"turns":3},{"damage":9,"enemies":"Transient","floor":38,"turns":5},{"damage":25,"enemies":"Sphere and 2 Shapes","floor":39,"turns":5},{"damage":12,"enemies":"Reptomancer","floor":42,"turns":5},{"damage":19,"enemies":"4 Shapes","floor":46,"turns":2},{"damage":41,"enemies":"Spire Growth","floor":48,"turns":5},{"damage":74,"enemies":"Awakened One","floor":50,"turns":12},{"damage":36,"enemies":"Shield and Spear","floor":54,"turns":4},{"damage":125,"enemies":"The Heart","floor":55,"turns":8}],"seed_played":"-3535477735280055796","potions_obtained":[{"floor":3,"key":"Explosive Potion"},{"floor":7,"key":"SteroidPotion"},{"floor":12,"key":"Swift Potion"},{"floor":16,"key":"Energy Potion"},{"floor":24,"key":"Energy Potion"},{"floor":30,"key":"Dexterity Potion"},{"floor":42,"key":"Swift Potion"},{"floor":48,"key":"Poison Potion"},{"floor":54,"key":"Block Potion"}],"is_trial":false,"path_per_floor":["M","M","M","M","M","R","M","?","T","R","M","E","?","$","R","B",null,"M","M","?","?","M","R","M","E","T","R","$","M","M","M","R","B",null,"M","?","M","M","M","R","$","E","T","R","?","M","?","M","R","B",null,"R","$","E","B"],"character_chosen":"IRONCLAD","items_purchased":["Evolve","Secret Weapon","Limit Break","Bronze Scales","Ancient Potion"],"campfire_rested":4,"item_purchase_floors":[14,14,28,41,53],"current_hp_per_floor":[75,78,81,72,76,76,78,78,78,78,80,54,54,54,54,25,98,98,92,76,76,73,73,74,43,43,43,43,17,18,19,50,81,104,65,65,65,72,64,64,64,64,64,96,83,77,77,48,81,46,114,114,114,89,0],"gold":62,"neow_bonus":"THREE_RARE_CARDS","is_prod":false,"is_daily":false,"chose_seed":false,"campfire_upgraded":5,"win_rate":0,"timestamp":1554622051,"path_taken":["M","M","M","M","M","R","M","?","T","R","?","E","?","$","R","BOSS","M","M","?","?","M","R","M","E","T","R","$","M","M","?","R","BOSS","M","?","?","M","?","R","$","E","T","R","?","M","?","?","R","BOSS","R","$","E","BOSS"],"build_version":"2019-01-23","purchased_purges":3,"victory":false,"max_hp_per_floor":[75,78,81,84,87,87,91,91,91,91,94,98,98,98,98,98,98,98,98,98,98,98,98,98,98,98,98,98,98,101,104,104,104,104,104,104,104,104,107,107,107,107,107,107,107,110,110,110,110,114,114,114,114,117,117],"card_choices":[{"not_picked":["Fiend Fire","Immolate"],"picked":"Feed","floor":0},{"not_picked":["Clash","Perfected Strike"],"picked":"Armaments","floor":1},{"not_picked":["Wild Strike","Iron Wave"],"picked":"Fiend Fire","floor":2},{"not_picked":["Warcry","Thunderclap"],"picked":"Headbutt","floor":3},{"not_picked":["Burning Pact","Armaments"],"picked":"Headbutt","floor":4},{"not_picked":["Body Slam","Clothesline","Shockwave"],"picked":"SKIP","floor":5},{"not_picked":["Infernal Blade","Body Slam"],"picked":"Uppercut","floor":7},{"not_picked":["Warcry","Dropkick"],"picked":"Shrug It Off","floor":11},{"not_picked":["Infernal Blade","Thunderclap"],"picked":"Shrug It Off","floor":12},{"not_picked":["Feed","Juggernaut"],"picked":"Bludgeon","floor":16},{"not_picked":["Anger","Shrug It Off","Armaments+1"],"picked":"SKIP","floor":18},{"not_picked":["Havoc","Metallicize"],"picked":"Burning Pact","floor":19},{"not_picked":["Headbutt","Shrug It Off","Shockwave"],"picked":"SKIP","floor":22},{"not_picked":["Perfected Strike","Heavy Blade"],"picked":"Spot Weakness","floor":24},{"not_picked":["Body Slam","Havoc"],"picked":"Dual Wield","floor":25},{"not_picked":["Havoc","Evolve+1"],"picked":"Heavy Blade","floor":29},{"not_picked":["Feel No Pain","Iron Wave+1"],"picked":"Whirlwind","floor":30},{"not_picked":["Sword Boomerang","Clothesline"],"picked":"Inflame+1","floor":31},{"not_picked":["Barricade","Juggernaut"],"picked":"Brutality","floor":33},{"not_picked":["Thunderclap","Warcry"],"picked":"Iron Wave+1","floor":35},{"not_picked":["Dark Embrace","Hemokinesis+1"],"picked":"Bloodletting+1","floor":37},{"not_picked":["Warcry","Evolve+1"],"picked":"Power Through+1","floor":38},{"not_picked":["Clash","Thunderclap"],"picked":"Body Slam+1","floor":39},{"not_picked":["Thunderclap","Intimidate+1"],"picked":"Sword Boomerang+1","floor":42},{"not_picked":["Rampage+1","Cleave+1"],"picked":"Blood for Blood+1","floor":46},{"not_picked":["Anger+1","Cleave"],"picked":"Shockwave+1","floor":48},{"not_picked":["Hemokinesis","Cleave"],"picked":"Pommel Strike+1","floor":54}],"player_experience":936648,"relics_obtained":[{"floor":9,"key":"Bag of Marbles"},{"floor":12,"key":"Pocketwatch"},{"floor":17,"key":"Red Skull"},{"floor":17,"key":"Pantograph"},{"floor":17,"key":"Bird Faced Urn"},{"floor":20,"key":"Enchiridion"},{"floor":25,"key":"Ornamental Fan"},{"floor":42,"key":"Ancient Tea Set"},{"floor":43,"key":"Vajra"},{"floor":54,"key":"Art of War"}],"event_choices":[{"damage_healed":0,"gold_gain":0,"player_choice":"Cursed","damage_taken":0,"max_hp_gain":0,"max_hp_loss":0,"event_name":"Wheel of Change","floor":8,"gold_loss":0,"cards_obtained":["Decay"]},{"damage_healed":0,"gold_gain":175,"player_choice":"AGREE","damage_taken":0,"max_hp_gain":0,"max_hp_loss":0,"event_name":"Liars Game","floor":13,"gold_loss":0,"cards_obtained":["Doubt"]},{"damage_healed":0,"gold_gain":0,"player_choice":"Obtained Book","damage_taken":16,"max_hp_gain":0,"max_hp_loss":0,"event_name":"Cursed Tome","floor":20,"gold_loss":0},{"cards_removed":["Normality"],"damage_healed":0,"gold_gain":0,"player_choice":"Elegance","damage_taken":0,"max_hp_gain":0,"max_hp_loss":0,"event_name":"Back to Basics","floor":21,"gold_loss":0},{"damage_healed":0,"gold_gain":0,"player_choice":"0 cards matched","damage_taken":0,"max_hp_gain":0,"max_hp_loss":0,"event_name":"Match and Keep!","floor":36,"gold_loss":0,"cards_obtained":[]},{"damage_healed":0,"gold_gain":0,"player_choice":"Embrace Madness","damage_taken":13,"max_hp_gain":0,"max_hp_loss":0,"event_name":"Winding Halls","floor":45,"gold_loss":0,"cards_obtained":["Madness","Madness"]},{"damage_healed":0,"gold_gain":0,"player_choice":"Ignored","damage_taken":0,"max_hp_gain":0,"max_hp_loss":0,"event_name":"NoteForYourself","floor":47,"gold_loss":0}],"is_beta":false,"boss_relics":[{"not_picked":["Velvet Choker","Tiny House"],"picked":"Calling Bell"},{"not_picked":["Eternal Feather","Black Blood"],"picked":"Fusion Hammer"}],"items_purged_floors":[14,28,41],"is_endless":false,"potions_floor_spawned":[3,7,12,16,18,24,30,42,46,48,54],"killed_by":"The Heart","ascension_level":0}