{"path_per_floor":["M","M","$","M","M","R","E","R","T","R","?","M","M","M","R","B",null,"M","M","$","M","?","R","?","$","T","M","?","R","?","M","R","B",null,"M","?","?","?","?","R","$","?","T","M","R","M","R","M","R","B"],"character_chosen":"IRONCLAD","items_purchased":["Blood for Blood","Apotheosis","Pommel Strike","Body Slam"],"gold_per_floor":[112,123,9,28,41,41,73,73,73,73,73,84,96,108,108,210,210,227,245,47,66,66,66,66,19,19,36,36,36,36,55,55,159,159,175,175,175,175,175,175,48,48,74,93,93,104,104,119,119,119],"floor_reached":51,"campfire_rested":3,"playtime":3642,"current_hp_per_floor":[80,80,80,78,68,68,57,57,57,57,50,56,49,51,51,14,83,81,79,79,70,70,70,70,70,70,67,67,67,67,64,91,71,91,92,80,80,80,80,80,80,80,80,78,78,36,66,55,85,68],"items_purged":["Strike_R","Strike_R"],"gold":119,"score":497,"play_id":"9b2d3709-e963-4d2b-94e0-1059badd1750","is_prod":false,"is_daily":false,"is_ascension_mode":false,"campfire_upgraded":8,"path_taken":["M","?","$","M","M","R","E","R","T","R","?","M","M","M","R","BOSS","M","M","$","M","?","R","?","?","T","M","?","R","?","M","R","BOSS","M","?","?","?","?","R","?","?","T","M","R","M","R","M","R","BOSS"],"build_version":"2018-02-22-PROD2","purchased_purges":2,"victory":true,"master_deck":["Defend_R+1","Defend_R+1","Defend_R+1","Bash+1","Warcry+1","Twin Strike","Blood for Blood","Entrench+1","Armaments+1","Feed","Cleave","Iron Wave+1","Offering","Clash+1","Iron Wave","Apotheosis+1","Pommel Strike+1","Shrug It Off","Pommel Strike","Clash+1","Fiend Fire","Headbutt+1","Dark Embrace+1","Bloodletting+1","Pommel Strike+1","Madness+1","Madness","Limit Break","Offering+1","Body Slam","Bloodletting","Inflame+1","Intimidate+1"],"max_hp_per_floor":[80,80,80,80,80,80,80,80,80,80,80,80,80,80,80,83,83,86,86,86,86,86,86,86,86,86,88,88,88,88,91,91,91,91,95,95,95,95,95,95,95,95,95,98,98,102,102,102,102,102],"relics":["Burning Blood","Singing Bowl","Orichalcum","Bronze Scales","Sozu","Darkstone Periapt","Astrolabe","Lantern"],"card_choices":[{"not_picked":["Carnage","Second Wind"],"picked":"Warcry"},{"not_picked":["Hemokinesis","Havoc"],"picked":"Twin Strike"},{"not_picked":["Wild Strike","Shockwave"],"picked":"Entrench"},{"not_picked":["Corruption","Perfected Strike"],"picked":"Twin Strike"},{"not_picked":["Pommel Strike","Heavy Blade"],"picked":"Armaments"},{"not_picked":["Corruption","Havoc"],"picked":"Feed"},{"not_picked":["Warcry","Havoc"],"picked":"Cleave"},{"not_picked":["Impervious","Armaments"],"picked":"Iron Wave"},{"not_picked":["Bludgeon","Impervious"],"picked":"Offering"},{"not_picked":["Burning Pact","Perfected Strike"],"picked":"Clash"},{"not_picked":["Combust","Thunderclap"],"picked":"Iron Wave"},{"not_picked":["Reaper","Perfected Strike"],"picked":"Pommel Strike"},{"not_picked":["Sentinel","Intimidate"],"picked":"Clash"},{"not_picked":["Limit Break","Immolate"],"picked":"Fiend Fire"},{"not_picked":["Twin Strike","Iron Wave"],"picked":"Pommel Strike"},{"not_picked":["Anger","Power Through"],"picked":"Bloodletting"},{"not_picked":["Thunderclap","Flex"],"picked":"Inflame"},{"not_picked":["Second Wind","Shrug It Off"],"picked":"Intimidate"}],"player_experience":170512,"potions_floor_usage":[14,16,16,50],"damage_taken":[{"damage":5,"enemies":"Cultist","floor":1,"turns":4},{"damage":5,"enemies":"Small Slimes","floor":2,"turns":3},{"damage":8,"enemies":"Jaw Worm","floor":4,"turns":4},{"damage":16,"enemies":"2 Fungi Beasts","floor":5,"turns":4},{"damage":17,"enemies":"Gremlin Nob","floor":7,"turns":4},{"damage":0,"enemies":"Large Slime","floor":12,"turns":4},{"damage":13,"enemies":"Blue Slaver","floor":13,"turns":2},{"damage":4,"enemies":"Looter","floor":14,"turns":2},{"damage":46,"enemies":"Slime Boss","floor":16,"turns":10},{"damage":11,"enemies":"2 Thieves","floor":18,"turns":4},{"damage":8,"enemies":"Spheric Guardian","floor":19,"turns":3},{"damage":15,"enemies":"3 Cultists","floor":21,"turns":4},{"damage":11,"enemies":"Snecko","floor":27,"turns":4},{"damage":12,"enemies":"Centurion and Healer","floor":31,"turns":5},{"damage":26,"enemies":"Automaton","floor":33,"turns":10},{"damage":9,"enemies":"Orb Walker","floor":35,"turns":2},{"damage":11,"enemies":"3 Shapes","floor":44,"turns":1},{"damage":52,"enemies":"Sphere and 2 Shapes","floor":46,"turns":5},{"damage":17,"enemies":"Maw","floor":48,"turns":5},{"damage":35,"enemies":"Donu and Deca","floor":50,"turns":5}],"event_choices":[{"event_name":"Scrap Ooze","player_choice":"success","floor":11,"damage_taken":7},{"event_name":"The Library","player_choice":"Read","floor":22,"damage_taken":0},{"event_name":"Back to Basics","player_choice":"Simplicity","floor":24,"damage_taken":0},{"event_name":"Addict","player_choice":"Ignored","floor":28,"damage_taken":0},{"event_name":"Drug Dealer","player_choice":"Ignored","floor":30,"damage_taken":0},{"event_name":"Winding Halls","player_choice":"Embrace Madness","floor":36,"damage_taken":0},{"event_name":"Mysterious Sphere","player_choice":"Ignore","floor":37,"damage_taken":0},{"event_name":"Transmorgrifier","player_choice":"Transform","floor":38,"damage_taken":0},{"event_name":"Duplicator","player_choice":"One dupe","floor":39,"damage_taken":0}],"boss_relics":[{"not_picked":["White Beast Statue","Runic Dome"],"picked":"Sozu"},{"not_picked":["Snecko Eye","Lizard Tail"],"picked":"Astrolabe"}],"potions_floor_spawned":[1,5,7,13,16,21,31,33,35,46],"seed_played":"-364009074951550095","ascension_level":0,"is_trial":false}