{"path_per_floor":["M","?","?","M","M","M","M","R","T","R","M","?","M","M","R","B",null,"M","M","M","$","M","R","E","M","T","?","M","M","M","M","R","B",null,"M","M","M"],"character_chosen":"IRONCLAD","items_purchased":["Ornamental Fan"],"gold_per_floor":[111,111,111,125,136,150,161,161,161,161,180,255,266,286,286,385,385,395,407,419,173,185,185,218,237,237,237,252,265,280,290,290,390,390,402,418,436],"floor_reached":38,"campfire_rested":2,"playtime":3927,"current_hp_per_floor":[43,43,43,48,54,59,58,58,58,58,59,48,54,60,60,54,80,80,64,47,47,46,80,64,42,42,42,48,37,26,32,71,45,80,80,44,19],"items_purged":[],"gold":436,"score":376,"play_id":"88cb49a4-a8a7-4a61-a4a3-baec814dc658","is_prod":false,"is_daily":false,"is_ascension_mode":false,"campfire_upgraded":3,"path_taken":["M","?","?","M","M","M","M","R","T","R","M","?","M","M","R","BOSS","M","M","M","$","M","R","E","M","T","?","M","M","M","M","R","BOSS","M","M","?","M"],"build_version":"2018-02-15-PROD1","purchased_purges":0,"victory":false,"master_deck":["Strike_R","Strike_R","Strike_R","Strike_R","Strike_R","Defend_R","Defend_R","Bash+1","Power Through+1","Iron Wave","Fiend Fire+1","Shrug It Off","Perfected Strike+1","Perfected Strike","Headbutt","Headbutt","Double Tap","Anger","Anger","Perfected Strike+1","Rampage+1","Shrug It Off+1","Perfected Strike","Metallicize","Battle Trance","Cleave","Dark Embrace","Clash+1","Spot Weakness+1","Second Wind+1","Flex+1","Anger","Fire Breathing+1"],"max_hp_per_floor":[80,80,80,80,80,80,80,80,80,80,80,80,80,80,80,80,80,80,80,80,80,80,80,80,80,80,80,80,80,80,80,80,80,80,80,80,80],"relics":["Burning Blood","Gambling Chip","Regal Pillow","Velvet Choker","Ornamental Fan","Bottled Flame","Bronze Scales","Astrolabe"],"card_choices":[{"not_picked":["Body Slam","Spot Weakness"],"picked":"Power Through"},{"not_picked":["Power Through","Hemokinesis"],"picked":"Iron Wave"},{"not_picked":["Heavy Blade","True Grit"],"picked":"Fiend Fire"},{"not_picked":["Twin Strike","Warcry"],"picked":"Shrug It Off"},{"not_picked":["Clothesline","Body Slam"],"picked":"Perfected Strike"},{"not_picked":["Barricade","Body Slam"],"picked":"Perfected Strike"},{"not_picked":["Flex","Warcry"],"picked":"Headbutt"},{"not_picked":["Body Slam","Uppercut"],"picked":"Headbutt"},{"not_picked":["Reaper","Offering"],"picked":"Double Tap"},{"not_picked":["Cleave","Reckless Charge"],"picked":"Anger"},{"not_picked":["Rampage","Hemokinesis"],"picked":"Anger"},{"not_picked":["Inflame","Pommel Strike"],"picked":"Perfected Strike"},{"not_picked":["Pommel Strike","Rupture"],"picked":"Rampage"},{"not_picked":["Bludgeon","Armaments"],"picked":"Shrug It Off"},{"not_picked":["Flex","Anger"],"picked":"Perfected Strike"},{"not_picked":["Flame Barrier","Fire Breathing"],"picked":"Metallicize"},{"not_picked":["Perfected Strike","Dropkick"],"picked":"Battle Trance"},{"not_picked":["Uppercut","Sword Boomerang"],"picked":"True Grit"},{"not_picked":["Dropkick","Anger"],"picked":"Cleave"},{"not_picked":["Barricade","Demon Form"],"picked":"Dark Embrace"},{"not_picked":["True Grit","Dropkick"],"picked":"Flex"},{"not_picked":["Reckless Charge","Clash"],"picked":"Anger"},{"not_picked":["Body Slam","True Grit"],"picked":"Fire Breathing"}],"player_experience":7546,"potions_floor_usage":[16,16,16,24,33,33,33,37],"damage_taken":[{"damage":3,"enemies":"Small Slimes","floor":1,"turns":3},{"damage":1,"enemies":"Jaw Worm","floor":4,"turns":4},{"damage":0,"enemies":"2 Louse","floor":5,"turns":2},{"damage":1,"enemies":"2 Fungi Beasts","floor":6,"turns":4},{"damage":7,"enemies":"Looter","floor":7,"turns":3},{"damage":5,"enemies":"Exordium Wildlife","floor":11,"turns":3},{"damage":0,"enemies":"Blue Slaver","floor":13,"turns":2},{"damage":0,"enemies":"Looter","floor":14,"turns":2},{"damage":12,"enemies":"Slime Boss","floor":16,"turns":10},{"damage":4,"enemies":"3 Byrds","floor":18,"turns":5},{"damage":22,"enemies":"Spheric Guardian","floor":19,"turns":4},{"damage":23,"enemies":"Cultist and Chosen","floor":20,"turns":6},{"damage":7,"enemies":"3 Cultists","floor":22,"turns":4},{"damage":22,"enemies":"Gremlin Leader","floor":24,"turns":7},{"damage":28,"enemies":"Snake Plant","floor":25,"turns":4},{"damage":0,"enemies":"Snecko","floor":28,"turns":3},{"damage":17,"enemies":"Centurion and Healer","floor":29,"turns":5},{"damage":17,"enemies":"Snake Plant","floor":30,"turns":3},{"damage":0,"enemies":"Snecko","floor":31,"turns":4},{"damage":32,"enemies":"Collector","floor":33,"turns":8},{"damage":0,"enemies":"Orb Walker","floor":35,"turns":2},{"damage":42,"enemies":"3 Shapes","floor":36,"turns":4},{"damage":34,"enemies":"3 Darklings","floor":37,"turns":4},{"damage":19,"enemies":"4 Shapes","floor":38,"turns":5}],"event_choices":[{"event_name":"Scrap Ooze","player_choice":"unsuccessful","floor":2,"damage_taken":0},{"event_name":"Living Wall","player_choice":"Grow","floor":3,"damage_taken":0},{"event_name":"World of Goop","player_choice":"Gather Gold","floor":12,"damage_taken":0},{"event_name":"The Mausoleum","player_choice":"No","floor":27,"damage_taken":0}],"boss_relics":[{"not_picked":["Ectoplasm","Cursed Key"],"picked":"Velvet Choker"},{"not_picked":["Lizard Tail","Runic Dome"],"picked":"Astrolabe"}],"potions_floor_spawned":[5,6,13,16,18,22,25,30,31,33],"seed_played":"-44057112624851679","killed_by":"4 Shapes","ascension_level":0,"is_trial":false}