{"gold_per_floor":[110,124,143,155,166,166,182,211,238,238,238,255,255,271,271,374,374,389,389,389],"floor_reached":20,"playtime":827,"items_purged":[],"score":178,"play_id":"021c9612-f900-46db-9cce-f332f19ccf72","local_time":"20190313210307","is_ascension_mode":false,"campfire_choices":[{"data":"Catalyst","floor":6,"key":"SMITH"},{"data":"Catalyst","floor":11,"key":"SMITH"},{"data":"Neutralize","floor":13,"key":"SMITH"},{"data":"Footwork","floor":15,"key":"SMITH"}],"neow_cost":"NONE","seed_source_timestamp":1577880991709218,"circlet_count":0,"master_deck":["Defend_G","Defend_G","Defend_G","Defend_G","Defend_G","Strike_G","Strike_G","Strike_G","Strike_G","Survivor","Neutralize+1","Corpse Explosion","Catalyst+1","Footwork+1","Catalyst+1","Bane","Deadly Poison","Venomology","Poisoned Stab","Bouncing Flask","Noxious Fumes","Glass Knife","Bane"],"relics":["Ring of the Snake","Question Card","Happy Flower","Coffee Dripper"],"potions_floor_usage":[3,8,12,16,18,20,20],"damage_taken":[{"damage":0,"enemies":"Cultist","floor":1,"turns":5},{"damage":0,"enemies":"Jaw Worm","floor":2,"turns":4},{"damage":2,"enemies":"Small Slimes","floor":3,"turns":2},{"damage":0,"enemies":"3 Louse","floor":4,"turns":3},{"damage":5,"enemies":"Looter","floor":5,"turns":3},{"damage":13,"enemies":"Exordium Thugs","floor":7,"turns":4},{"damage":8,"enemies":"Gremlin Nob","floor":8,"turns":3},{"damage":0,"enemies":"2 Fungi Beasts","floor":12,"turns":3},{"damage":4,"enemies":"Gremlin Gang","floor":14,"turns":2},{"damage":7,"enemies":"The Guardian","floor":16,"turns":5},{"damage":20,"enemies":"2 Thieves","floor":18,"turns":2},{"damage":0,"enemies":"Colosseum Slavers","floor":20,"turns":1},{"damage":41,"enemies":"Colosseum Nobs","floor":20,"turns":3}],"seed_played":"-6330850956756144478","potions_obtained":[{"floor":1,"key":"Energy Potion"},{"floor":2,"key":"FearPotion"},{"floor":4,"key":"Explosive Potion"},{"floor":7,"key":"FearPotion"}],"is_trial":false,"path_per_floor":["M","M","M","M","M","R","M","E","T","?","R","M","R","M","R","B",null,"M","?","?"],"character_chosen":"THE_SILENT","items_purchased":[],"campfire_rested":0,"item_purchase_floors":[],"current_hp_per_floor":[70,70,68,68,63,63,50,42,42,39,39,39,39,35,35,28,70,50,37,0],"gold":389,"neow_bonus":"TRANSFORM_CARD","is_prod":false,"is_daily":false,"chose_seed":false,"campfire_upgraded":4,"win_rate":0,"timestamp":1552482187,"path_taken":["M","M","M","M","M","R","M","E","T","?","R","M","R","M","R","BOSS","M","?","?"],"build_version":"2019-01-23","purchased_purges":0,"victory":false,"max_hp_per_floor":[70,70,70,70,70,70,70,70,70,70,70,70,70,70,70,70,70,70,75,75],"card_choices":[{"not_picked":["Expertise","Deflect"],"picked":"Catalyst","floor":1},{"not_picked":["Slice","Reflex"],"picked":"Footwork","floor":2},{"not_picked":["Underhanded Strike","PiercingWail"],"picked":"Catalyst","floor":3},{"not_picked":["Deadly Poison","Crippling Poison"],"picked":"Bane","floor":4},{"not_picked":["PiercingWail","Finisher"],"picked":"Deadly Poison","floor":5},{"not_picked":["Tactician","All Out Attack"],"picked":"Venomology","floor":7},{"not_picked":["Blade Dance","Die Die Die"],"picked":"Poisoned Stab","floor":8},{"not_picked":["Underhanded Strike","Cloak And Dagger","Sucker Punch"],"picked":"Bouncing Flask","floor":12},{"not_picked":["Distraction","Reflex","Deflect"],"picked":"Noxious Fumes","floor":14},{"not_picked":["Storm of Steel","Wraith Form v2","Phantasmal Killer"],"picked":"Glass Knife","floor":16},{"not_picked":["Flying Knee","Cloak And Dagger","Endless Agony+1"],"picked":"Bane","floor":18}],"player_experience":824426,"relics_obtained":[{"floor":8,"key":"Question Card"}],"event_choices":[{"damage_healed":0,"gold_gain":0,"player_choice":"Success","damage_taken":3,"relics_obtained":["Happy Flower"],"max_hp_gain":0,"max_hp_loss":0,"event_name":"Scrap Ooze","floor":10,"gold_loss":0},{"damage_healed":0,"gold_gain":0,"player_choice":"Shed Blood","damage_taken":18,"max_hp_gain":5,"max_hp_loss":0,"event_name":"Forgotten Altar","floor":19,"gold_loss":0},{"damage_healed":0,"gold_gain":0,"player_choice":"Fight","damage_taken":0,"max_hp_gain":0,"max_hp_loss":0,"event_name":"Colosseum","floor":20,"gold_loss":0},{"damage_healed":0,"gold_gain":0,"player_choice":"Fought Nobs","damage_taken":0,"max_hp_gain":0,"max_hp_loss":0,"event_name":"Colosseum","floor":20,"gold_loss":0}],"is_beta":false,"boss_relics":[{"not_picked":["Eternal Feather","Pandora\u0027s Box"],"picked":"Coffee Dripper"}],"items_purged_floors":[],"is_endless":false,"potions_floor_spawned":[1,2,4,7,14,18],"killed_by":"Colosseum Nobs","ascension_level":0}