{"gold_per_floor":[109,11,11,27,47,75,75,104,130,146,23,23,36,56,56,56],"floor_reached":16,"playtime":2235,"items_purged":["Strike_B","Strike_B"],"score":112,"play_id":"9765dd69-582c-4430-a837-ab5f9199e5f7","local_time":"20190205110506","is_ascension_mode":false,"campfire_choices":[{"floor":12,"key":"REST"},{"floor":15,"key":"REST"}],"neow_cost":"NONE","seed_source_timestamp":131070594689187,"circlet_count":0,"master_deck":["Strike_B","Strike_B","Defend_B","Defend_B","Defend_B","Zap","Dualcast","Fusion","Ball Lightning","Redo","Leap","Coolheaded","Coolheaded","Capacitor","Redo","Streamline","Tempest","Hologram"],"relics":["Cracked Core","Lantern","Blood Vial","Dream Catcher"],"potions_floor_usage":[16,16],"damage_taken":[{"damage":0,"enemies":"Cultist","floor":1,"turns":4},{"damage":0,"enemies":"2 Louse","floor":4,"turns":2},{"damage":6,"enemies":"Jaw Worm","floor":5,"turns":3},{"damage":25,"enemies":"Gremlin Nob","floor":6,"turns":4},{"damage":14,"enemies":"Lagavulin","floor":8,"turns":6},{"damage":3,"enemies":"3 Louse","floor":10,"turns":3},{"damage":8,"enemies":"Looter","floor":13,"turns":3},{"damage":7,"enemies":"Exordium Wildlife","floor":14,"turns":3},{"damage":75,"enemies":"Slime Boss","floor":16,"turns":8}],"seed_played":"6342727724057995751","potions_obtained":[{"floor":1,"key":"FearPotion"},{"floor":5,"key":"Energy Potion"},{"floor":8,"key":"FearPotion"},{"floor":14,"key":"Regen Potion"}],"is_trial":false,"path_per_floor":["M","$","?","M","M","E","?","E","T","M","$","R","M","M","R","B"],"character_chosen":"DEFECT","items_purchased":["Ball Lightning","Redo"],"campfire_rested":2,"item_purchase_floors":[2,11],"current_hp_per_floor":[82,82,82,82,76,51,44,30,30,29,29,53,47,42,66,0],"gold":56,"neow_bonus":"TEN_PERCENT_HP_BONUS","is_prod":false,"is_daily":false,"chose_seed":false,"campfire_upgraded":0,"win_rate":0.0,"timestamp":1549386306,"path_taken":["M","$","?","M","M","E","?","E","T","M","$","R","M","M","R","BOSS"],"build_version":"2019-01-23","purchased_purges":2,"victory":false,"max_hp_per_floor":[82,82,82,82,82,82,82,82,82,82,82,82,82,82,82,82],"card_choices":[{"not_picked":["Hello World","Gash"],"picked":"Fusion","floor":1},{"not_picked":["Reinforced Body","Tempest"],"picked":"Redo","floor":4},{"not_picked":["Cold Snap","Melter"],"picked":"Leap","floor":5},{"not_picked":["Stack","Leap"],"picked":"Coolheaded","floor":6},{"not_picked":["Leap","All For One"],"picked":"Coolheaded","floor":8},{"not_picked":["Aggregate","Reinforced Body"],"picked":"Capacitor","floor":10},{"not_picked":["Rip and Tear","Conserve Battery"],"picked":"Streamline","floor":13},{"not_picked":["Redo","Steam"],"picked":"Tempest","floor":14},{"not_picked":["Steam","Barrage"],"picked":"Hologram","floor":15}],"player_experience":38505,"relics_obtained":[{"floor":6,"key":"Lantern"},{"floor":8,"key":"Blood Vial"},{"floor":9,"key":"Dream Catcher"}],"event_choices":[{"damage_healed":0,"gold_gain":0,"player_choice":"Ignored","damage_taken":0,"max_hp_gain":0,"max_hp_loss":0,"event_name":"Liars Game","floor":3,"gold_loss":0},{"cards_removed":["Defend_B"],"damage_healed":0,"gold_gain":0,"player_choice":"Card Removal","damage_taken":7,"max_hp_gain":0,"max_hp_loss":0,"event_name":"Golden Wing","floor":7,"gold_loss":0}],"is_beta":false,"boss_relics":[],"items_purged_floors":[2,11],"is_endless":false,"potions_floor_spawned":[1,5,8,14],"killed_by":"Slime Boss","ascension_level":0}