{"gold_per_floor":[111,122,134,147,177,203,203,54,79,90,102,52,52,69,69,69],"floor_reached":16,"playtime":725,"items_purged":["Strike_G"],"score":104,"play_id":"8c343260-29fc-4bf5-aacb-c877c223e851","local_time":"20190303200657","is_ascension_mode":false,"campfire_choices":[{"data":"Neutralize","floor":7,"key":"SMITH"},{"data":"Burst","floor":15,"key":"SMITH"}],"neow_cost":"NONE","seed_source_timestamp":710674544013394,"circlet_count":0,"master_deck":["Defend_G","Defend_G","Defend_G","Defend_G","Defend_G","Strike_G","Strike_G","Strike_G","Strike_G","Survivor","Neutralize+1","Dodge and Roll","Bane","Backflip","Dagger Throw","Backflip","Burst+1","Noxious Fumes","Catalyst","Flying Knee","Bouncing Flask"],"relics":["Ring of the Snake","Tiny Chest","Happy Flower","Centennial Puzzle"],"potions_floor_usage":[1,6,10,16,16],"damage_taken":[{"damage":0,"enemies":"Small Slimes","floor":1,"turns":2},{"damage":0,"enemies":"Jaw Worm","floor":2,"turns":5},{"damage":0,"enemies":"2 Louse","floor":3,"turns":2},{"damage":4,"enemies":"2 Fungi Beasts","floor":4,"turns":4},{"damage":29,"enemies":"Gremlin Nob","floor":6,"turns":6},{"damage":0,"enemies":"Exordium Thugs","floor":10,"turns":7},{"damage":0,"enemies":"3 Louse","floor":11,"turns":3},{"damage":11,"enemies":"Large Slime","floor":14,"turns":7},{"damage":25,"enemies":"Slime Boss","floor":16,"turns":5}],"seed_played":"-2939715647175157555","potions_obtained":[{"floor":0,"key":"LiquidBronze"},{"floor":0,"key":"Explosive Potion"},{"floor":0,"key":"SteroidPotion"},{"floor":1,"key":"SkillPotion"},{"floor":11,"key":"SkillPotion"}],"is_trial":false,"path_per_floor":["M","M","M","M","?","E","R","$","T","M","M","$","?","M","R","B"],"character_chosen":"THE_SILENT","items_purchased":["Burst","Flying Knee"],"campfire_rested":0,"item_purchase_floors":[8,12],"current_hp_per_floor":[70,70,70,66,54,25,25,25,25,25,25,25,25,14,14,0],"gold":69,"neow_bonus":"THREE_SMALL_POTIONS","is_prod":false,"is_daily":false,"chose_seed":false,"campfire_upgraded":2,"win_rate":0,"timestamp":1551614817,"path_taken":["M","M","M","M","?","E","R","$","T","M","M","$","?","M","R","BOSS"],"build_version":"2019-01-23","purchased_purges":1,"victory":false,"max_hp_per_floor":[70,70,70,70,70,70,70,70,70,70,70,70,70,70,70,70],"card_choices":[{"not_picked":["PiercingWail","Dagger Throw"],"picked":"Dodge and Roll","floor":1},{"not_picked":["Finisher","Distraction"],"picked":"Bane","floor":2},{"not_picked":["Blur","Deflect"],"picked":"Backflip","floor":3},{"not_picked":["Accuracy","Cloak And Dagger"],"picked":"Dagger Throw","floor":4},{"not_picked":["Concentrate","Infinite Blades"],"picked":"Backflip","floor":6},{"not_picked":["Crippling Poison","Blur"],"picked":"Noxious Fumes","floor":10},{"not_picked":["Wraith Form v2","Leg Sweep"],"picked":"Catalyst","floor":11},{"not_picked":["Distraction","Poisoned Stab"],"picked":"Bouncing Flask","floor":14}],"player_experience":737750,"relics_obtained":[{"floor":6,"key":"Happy Flower"},{"floor":9,"key":"Centennial Puzzle"}],"event_choices":[{"damage_healed":0,"gold_gain":0,"player_choice":"Success","damage_taken":12,"relics_obtained":["Tiny Chest"],"max_hp_gain":0,"max_hp_loss":0,"event_name":"Scrap Ooze","floor":5,"gold_loss":0},{"damage_healed":0,"gold_gain":0,"player_choice":"Searched \u00270\u0027 times","damage_taken":0,"max_hp_gain":0,"max_hp_loss":0,"event_name":"Dead Adventurer","floor":13,"gold_loss":0}],"is_beta":false,"boss_relics":[],"items_purged_floors":[8],"is_endless":false,"potions_floor_spawned":[1,4,11],"killed_by":"Slime Boss","ascension_level":0}