{"gold_per_floor":[118,43,43,62,10,35,35,62,62,75,89,102,102,116,116,116],"floor_reached":16,"playtime":851,"items_purged":[],"score":247,"play_id":"2ed43d8e-b897-4fb5-b919-34adc0b4f06f","local_time":"20190422131454","is_ascension_mode":true,"campfire_choices":[{"data":"True Grit","floor":7,"key":"SMITH"},{"data":"Armaments","floor":13,"key":"SMITH"},{"data":"Bash","floor":15,"key":"SMITH"}],"neow_cost":"NONE","seed_source_timestamp":836430587914100,"circlet_count":0,"master_deck":["AscendersBane","Strike_R","Strike_R","Strike_R","Defend_R","Defend_R","Defend_R","Defend_R","Bash+1","Pommel Strike","Burning Pact","Feel No Pain","True Grit+1","Headbutt","Armaments+1","Disarm"],"relics":["Burning Blood","NeowsBlessing","Matryoshka","Bag of Marbles","Bronze Scales","Pear"],"potions_floor_usage":[8,11,16,16],"damage_taken":[{"damage":0,"enemies":"Jaw Worm","floor":1,"turns":1},{"damage":0,"enemies":"2 Louse","floor":4,"turns":1},{"damage":0,"enemies":"3 Sentries","floor":6,"turns":2},{"damage":35,"enemies":"Lagavulin","floor":8,"turns":6},{"damage":1,"enemies":"Cultist","floor":10,"turns":3},{"damage":5,"enemies":"Gremlin Gang","floor":11,"turns":6},{"damage":11,"enemies":"Lots of Slimes","floor":12,"turns":3},{"damage":0,"enemies":"Large Slime","floor":14,"turns":6},{"damage":80,"enemies":"Slime Boss","floor":16,"turns":12}],"seed_played":"4594960442384227137","potions_obtained":[{"floor":4,"key":"Strength Potion"},{"floor":6,"key":"LiquidBronze"},{"floor":8,"key":"Fire Potion"},{"floor":11,"key":"Regen Potion"}],"is_trial":false,"path_per_floor":["M","?","?","M","$","E","R","E","T","M","M","M","R","M","R","B"],"character_chosen":"IRONCLAD","items_purchased":["True Grit"],"campfire_rested":0,"item_purchase_floors":[5],"current_hp_per_floor":[74,74,74,75,75,75,75,46,56,61,62,57,57,63,63,0],"gold":116,"neow_bonus":"THREE_ENEMY_KILL","is_prod":false,"is_daily":false,"chose_seed":false,"campfire_upgraded":3,"win_rate":0,"timestamp":1555931694,"path_taken":["M","?","?","M","$","E","R","E","T","?","?","?","R","M","R","BOSS"],"build_version":"2019-01-23","purchased_purges":0,"victory":false,"max_hp_per_floor":[75,75,75,75,75,75,75,75,85,85,85,85,85,85,85,85],"card_choices":[{"not_picked":["Iron Wave","Armaments"],"picked":"Pommel Strike","floor":1},{"not_picked":["Sword Boomerang","Armaments"],"picked":"Feel No Pain","floor":4},{"not_picked":["Blood for Blood","Clash","Havoc"],"picked":"SKIP","floor":6},{"not_picked":["Evolve","True Grit","Wild Strike"],"picked":"SKIP","floor":8},{"not_picked":["Bloodletting","Rupture"],"picked":"Headbutt","floor":10},{"not_picked":["Entrench","Barricade","Cleave"],"picked":"SKIP","floor":11},{"not_picked":["Searing Blow","Havoc"],"picked":"Armaments","floor":12},{"not_picked":["Warcry","Hemokinesis"],"picked":"Disarm","floor":14}],"player_experience":273141,"relics_obtained":[{"floor":6,"key":"Matryoshka"},{"floor":8,"key":"Bag of Marbles"},{"floor":9,"key":"Bronze Scales"},{"floor":9,"key":"Pear"}],"event_choices":[{"cards_removed":["Strike_R"],"damage_healed":0,"gold_gain":0,"player_choice":"Card Removal","damage_taken":0,"max_hp_gain":0,"max_hp_loss":0,"event_name":"The Cleric","floor":2,"gold_loss":75},{"damage_healed":0,"gold_gain":0,"cards_transformed":["Strike_R"],"player_choice":"Transformed","damage_taken":0,"max_hp_gain":0,"max_hp_loss":0,"event_name":"Transmorgrifier","floor":3,"gold_loss":0,"cards_obtained":["Burning Pact"]}],"is_beta":false,"boss_relics":[],"items_purged_floors":[],"is_endless":false,"potions_floor_spawned":[4,6,8,11],"killed_by":"Slime Boss","ascension_level":16}