{"gold_per_floor":[115,133,146,159,159,187,187,218,245,264,264,293,293,293,293,390,390,315,328,12,12,26,26,46,379,404,404,416,416,447,34,34,135,135,148,148,0,18,18,18,45,45,45,60,60,79,79,79,79,79],"floor_reached":50,"playtime":3287,"items_purged":["Defend_B","Defend_B"],"score":605,"play_id":"49fe0034-862e-45ff-9b0e-58dc5aa6d112","local_time":"20181019190301","is_ascension_mode":true,"campfire_choices":[{"data":"Zap","floor":7,"key":"SMITH"},{"data":"Self Repair","floor":11,"key":"SMITH"},{"data":"Capacitor","floor":15,"key":"SMITH"},{"data":"Capacitor","floor":23,"key":"SMITH"},{"data":"Auto Shields","floor":27,"key":"SMITH"},{"floor":32,"key":"REST"},{"floor":40,"key":"REST"},{"data":"White Noise","floor":42,"key":"SMITH"},{"floor":45,"key":"REST"},{"floor":49,"key":"REST"}],"neow_cost":"NONE","seed_source_timestamp":727283068378400,"circlet_count":0,"master_deck":["Zap+1","Dualcast","Leap","Self Repair+1","Chill","Conserve Battery","Cold Snap","Glacier","Auto Shields+1","Capacitor+1","Static Discharge","Machine Learning","Cold Snap","Static Discharge","Capacitor+1","Reprogram","Sunder","Barrage+1","Ball Lightning+1","Chaos+1","Self Repair","Core Surge","Clumsy","Hologram+1","Leap","Consume","Dramatic Entrance","White Noise+1","Auto Shields","BootSequence","White Noise"],"relics":["Cracked Core","Omamori","Mango","DataDisk","Regal Pillow","Boot","Empty Cage","ClockworkSouvenir","Old Coin","Vajra","Shuriken","Bird Faced Urn","Calling Bell","Blood Vial","Darkstone Periapt","Prayer Wheel","Red Mask","Kunai","Bottled Tornado"],"potions_floor_usage":[6,8,16,25,33,41,41,50,50,50],"damage_taken":[{"damage":0,"enemies":"Small Slimes","floor":1,"turns":3},{"damage":1,"enemies":"2 Louse","floor":2,"turns":2},{"damage":2,"enemies":"Cultist","floor":3,"turns":4},{"damage":1,"enemies":"Gremlin Gang","floor":4,"turns":7},{"damage":18,"enemies":"Lagavulin","floor":6,"turns":9},{"damage":16,"enemies":"3 Sentries","floor":8,"turns":13},{"damage":1,"enemies":"Red Slaver","floor":10,"turns":3},{"damage":36,"enemies":"Gremlin Nob","floor":12,"turns":5},{"damage":12,"enemies":"Slime Boss","floor":16,"turns":19},{"damage":7,"enemies":"2 Thieves","floor":18,"turns":5},{"damage":0,"enemies":"Shell Parasite","floor":19,"turns":13},{"damage":16,"enemies":"Snake Plant","floor":22,"turns":5},{"damage":1,"enemies":"Chosen and Byrds","floor":24,"turns":9},{"damage":30,"enemies":"Book of Stabbing","floor":25,"turns":8},{"damage":5,"enemies":"Cultist and Chosen","floor":28,"turns":6},{"damage":16,"enemies":"Gremlin Leader","floor":30,"turns":7},{"damage":9,"enemies":"Collector","floor":33,"turns":9},{"damage":13,"enemies":"Orb Walker","floor":35,"turns":4},{"damage":59,"enemies":"3 Darklings","floor":38,"turns":5},{"damage":48,"enemies":"Reptomancer","floor":41,"turns":7},{"damage":60,"enemies":"Jaw Worm Horde","floor":44,"turns":6},{"damage":16,"enemies":"4 Shapes","floor":46,"turns":5},{"damage":110,"enemies":"Awakened One","floor":50,"turns":13}],"seed_played":"-9076558589411075008","potions_obtained":[{"floor":3,"key":"Regen Potion"},{"floor":6,"key":"Dexterity Potion"},{"floor":12,"key":"Block Potion"},{"floor":16,"key":"Explosive Potion"},{"floor":19,"key":"EssenceOfSteel"},{"floor":24,"key":"FairyPotion"},{"floor":28,"key":"Block Potion"},{"floor":33,"key":"FearPotion"},{"floor":35,"key":"Fire Potion"},{"floor":41,"key":"Weak Potion"},{"floor":46,"key":"Ancient Potion"}],"is_trial":false,"path_per_floor":["M","M","M","M","?","E","R","E","T","M","R","E","?","?","R","B",null,"M","M","$","?","M","R","M","E","T","R","M","?","E","$","R","B",null,"M","?","?","M","?","R","E","R","T","M","R","M","$","?","R"],"character_chosen":"DEFECT","items_purchased":["ClockworkSouvenir","Capacitor","Bird Faced Urn"],"campfire_rested":4,"item_purchase_floors":[20,20,31],"current_hp_per_floor":[75,74,72,75,68,86,86,77,77,83,83,57,57,57,57,55,89,89,89,89,89,83,83,89,69,69,69,64,64,48,48,89,89,89,76,76,76,48,48,89,58,58,58,25,66,62,62,62,89,0],"gold":79,"neow_bonus":"RANDOM_COMMON_RELIC","is_prod":false,"is_daily":false,"chose_seed":false,"campfire_upgraded":6,"win_rate":0,"timestamp":1539968581,"path_taken":["M","M","M","M","?","E","R","E","T","?","R","E","?","?","R","BOSS","M","M","?","?","M","R","?","E","T","R","M","?","E","$","R","BOSS","M","?","?","M","?","R","E","R","T","M","R","M","?","?","R","BOSS"],"build_version":"2018-10-18","purchased_purges":2,"victory":false,"max_hp_per_floor":[75,75,75,75,75,89,89,89,89,89,89,89,89,89,89,89,89,89,89,89,89,89,89,89,89,89,89,89,89,89,89,89,89,89,89,89,89,89,89,89,89,89,89,89,89,89,89,89,89,89],"card_choices":[{"not_picked":["Skim","Steam"],"picked":"Leap","floor":1},{"not_picked":["Streamline","Fusion"],"picked":"Self Repair","floor":2},{"not_picked":["Go for the Eyes","Doom and Gloom"],"picked":"Chill","floor":3},{"not_picked":["Beam Cell","Steam Power"],"picked":"Conserve Battery","floor":4},{"not_picked":["All For One","Redo"],"picked":"Cold Snap","floor":6},{"not_picked":["Reinforced Body","Conserve Battery"],"picked":"Glacier","floor":8},{"not_picked":["Go for the Eyes","Darkness"],"picked":"Auto Shields","floor":10},{"not_picked":["Darkness","Storm"],"picked":"Capacitor","floor":12},{"not_picked":["Meteor Strike","Seek"],"picked":"Machine Learning","floor":16},{"not_picked":["Coolheaded","Conserve Battery"],"picked":"Cold Snap","floor":18},{"not_picked":["Rip and Tear","Streamline"],"picked":"Static Discharge","floor":19},{"not_picked":["Leap","Conserve Battery"],"picked":"Barrage+1","floor":22},{"not_picked":["Beam Cell","Cold Snap+1"],"picked":"Rebound+1","floor":24},{"not_picked":["Coolheaded+1","Fission"],"picked":"Ball Lightning+1","floor":25},{"not_picked":["Conserve Battery","Consume"],"picked":"Chaos+1","floor":28},{"not_picked":["Beam Cell","Go for the Eyes+1"],"picked":"Self Repair","floor":30},{"not_picked":["Reboot","Multi-Cast"],"picked":"Core Surge","floor":33},{"not_picked":["Turbo+1","Leap"],"picked":"Hologram+1","floor":35},{"not_picked":["Cold Snap","Coolheaded+1"],"picked":"Leap","floor":35},{"not_picked":["Aggregate+1","Blizzard+1"],"picked":"Consume","floor":38},{"not_picked":["Sweeping Beam","Fission","Heatsinks"],"picked":"SKIP","floor":38},{"not_picked":["Seek","Compile Driver"],"picked":"Auto Shields","floor":41},{"not_picked":["Conserve Battery","Aggregate"],"picked":"BootSequence","floor":44},{"not_picked":["Force Field+1","Turbo+1","Rebound+1"],"picked":"SKIP","floor":44},{"not_picked":["Aggregate","Turbo"],"picked":"White Noise","floor":46},{"not_picked":["Genetic Algorithm","Turbo","Ball Lightning"],"picked":"SKIP","floor":46}],"player_experience":170703,"relics_obtained":[{"floor":6,"key":"Mango"},{"floor":8,"key":"DataDisk"},{"floor":9,"key":"Regal Pillow"},{"floor":12,"key":"Boot"},{"floor":25,"key":"Old Coin"},{"floor":26,"key":"Vajra"},{"floor":30,"key":"Shuriken"},{"floor":34,"key":"Blood Vial"},{"floor":34,"key":"Darkstone Periapt"},{"floor":34,"key":"Prayer Wheel"},{"floor":41,"key":"Kunai"},{"floor":43,"key":"Bottled Tornado"}],"event_choices":[{"cards_removed":["Strike_B"],"damage_healed":0,"gold_gain":0,"player_choice":"Card Removal","damage_taken":7,"max_hp_gain":0,"max_hp_loss":0,"event_name":"Golden Wing","floor":5,"gold_loss":0},{"damage_healed":0,"gold_gain":0,"player_choice":"Ignored","damage_taken":0,"max_hp_gain":0,"max_hp_loss":0,"event_name":"Shining Light","floor":13,"gold_loss":0},{"damage_healed":0,"gold_gain":0,"cards_transformed":["Strike_B"],"player_choice":"Transformed","damage_taken":0,"max_hp_gain":0,"max_hp_loss":0,"event_name":"Transmorgrifier","floor":14,"gold_loss":0,"cards_obtained":["Static Discharge"]},{"damage_healed":0,"gold_gain":0,"cards_transformed":["Defend_B","Strike_B"],"player_choice":"Became Test Subject","damage_taken":0,"max_hp_gain":0,"max_hp_loss":0,"event_name":"Drug Dealer","floor":21,"gold_loss":0,"cards_obtained":["Reprogram","Sunder"]},{"damage_healed":0,"gold_gain":0,"player_choice":"Ignored","damage_taken":0,"max_hp_gain":0,"max_hp_loss":0,"event_name":"Vampires","floor":29,"gold_loss":0},{"cards_removed":["Rebound"],"damage_healed":0,"gold_gain":0,"player_choice":"Removed Attack","damage_taken":0,"max_hp_gain":0,"max_hp_loss":0,"event_name":"Falling","floor":36,"gold_loss":0},{"damage_healed":0,"gold_gain":0,"player_choice":"Paid","damage_taken":0,"relics_obtained":["Red Mask"],"max_hp_gain":0,"max_hp_loss":0,"event_name":"Tomb of Lord Red Mask","floor":37,"gold_loss":148},{"damage_healed":0,"gold_gain":0,"player_choice":"2 cards matched","damage_taken":0,"max_hp_gain":0,"max_hp_loss":0,"event_name":"Match and Keep!","floor":39,"gold_loss":0,"cards_obtained":["Dramatic Entrance","White Noise"]},{"damage_healed":0,"gold_gain":0,"player_choice":"Ignored","damage_taken":0,"max_hp_gain":0,"max_hp_loss":0,"event_name":"Mysterious Sphere","floor":48,"gold_loss":0}],"is_beta":false,"boss_relics":[{"not_picked":["Philosopher\u0027s Stone","Runic Pyramid"],"picked":"Empty Cage"},{"not_picked":["Orrery","Inserter"],"picked":"Calling Bell"}],"items_purged_floors":[20,31],"is_endless":false,"potions_floor_spawned":[3,6,12,16,19,24,28,33,35,41,46],"killed_by":"Awakened One","ascension_level":3}