{"gold_per_floor":[115,132,142,161,161,161,161,161,161,180,180,198,214,229,229,334,334,334,334,334,334,334,334,334,334,334,334,334,334,334,334],"floor_reached":31,"playtime":1467,"items_purged":[],"score":251,"play_id":"ad202bd2-73ab-48ce-a57b-61e8b3e6f0a7","local_time":"20190406011711","is_ascension_mode":false,"campfire_choices":[{"data":"Coolheaded","floor":6,"key":"SMITH"},{"data":"Conserve Battery","floor":8,"key":"SMITH"},{"data":"Dualcast","floor":11,"key":"SMITH"},{"data":"Sunder","floor":15,"key":"SMITH"},{"data":"Echo Form","floor":23,"key":"SMITH"},{"data":"Recycle","floor":30,"key":"SMITH"}],"neow_cost":"NONE","seed_source_timestamp":267276975227112,"circlet_count":0,"master_deck":["Strike_B","Strike_B","Defend_B","Defend_B+1","Defend_B","Zap+1","Dualcast+1","BootSequence","Conserve Battery+1","Coolheaded+1","Melter","Conserve Battery","Chill","Darkness","Sunder+1","Glacier","Echo Form+1","Self Repair","Hologram","Melter","Go for the Eyes","Genetic Algorithm","Fusion","Recycle+1","Redo"],"relics":["Cracked Core","Potion Belt","Sundial","Ectoplasm","Red Mask","Meat on the Bone","Ancient Tea Set"],"potions_floor_usage":[12,19,19,19,24,25,25],"damage_taken":[{"damage":0,"enemies":"Small Slimes","floor":1,"turns":2},{"damage":1,"enemies":"Jaw Worm","floor":2,"turns":2},{"damage":1,"enemies":"Cultist","floor":3,"turns":4},{"damage":0,"enemies":"Large Slime","floor":4,"turns":5},{"damage":0,"enemies":"3 Louse","floor":10,"turns":3},{"damage":0,"enemies":"Exordium Thugs","floor":12,"turns":3},{"damage":0,"enemies":"Exordium Wildlife","floor":13,"turns":3},{"damage":0,"enemies":"Large Slime","floor":14,"turns":5},{"damage":25,"enemies":"Slime Boss","floor":16,"turns":16},{"damage":0,"enemies":"Shell Parasite","floor":18,"turns":3},{"damage":29,"enemies":"Masked Bandits","floor":19,"turns":6},{"damage":11,"enemies":"Chosen","floor":20,"turns":6},{"damage":1,"enemies":"Shelled Parasite and Fungi","floor":24,"turns":5},{"damage":3,"enemies":"3 Cultists","floor":25,"turns":5},{"damage":39,"enemies":"Book of Stabbing","floor":28,"turns":7},{"damage":20,"enemies":"Snake Plant","floor":29,"turns":6},{"damage":20,"enemies":"Cultist and Chosen","floor":31,"turns":9}],"seed_played":"3718786278922450962","potions_obtained":[{"floor":1,"key":"AttackPotion"},{"floor":4,"key":"SkillPotion"},{"floor":10,"key":"Explosive Potion"},{"floor":12,"key":"Poison Potion"},{"floor":13,"key":"Regen Potion"},{"floor":19,"key":"AttackPotion"},{"floor":20,"key":"Explosive Potion"},{"floor":28,"key":"Strength Potion"}],"is_trial":false,"path_per_floor":["M","M","M","M","?","R","?","R","T","M","R","M","M","M","R","B",null,"M","?","M","?","T","R","M","M","T","?","E","M","R","M"],"character_chosen":"DEFECT","items_purchased":[],"campfire_rested":0,"item_purchase_floors":[],"current_hp_per_floor":[75,74,73,73,58,58,58,58,58,58,58,58,58,58,58,33,75,75,53,49,35,35,35,55,59,59,59,39,38,38,18],"gold":334,"neow_bonus":"RANDOM_COMMON_RELIC","is_prod":false,"is_daily":false,"chose_seed":false,"campfire_upgraded":6,"win_rate":0,"timestamp":1554484631,"path_taken":["M","M","M","M","?","R","?","R","T","M","R","M","M","M","R","BOSS","M","?","M","?","?","R","?","?","T","?","E","M","R","M"],"build_version":"2019-01-23","purchased_purges":0,"victory":false,"max_hp_per_floor":[75,75,75,75,75,75,75,75,75,75,75,75,75,75,75,75,75,75,75,75,80,80,80,80,80,80,80,80,80,80,80],"card_choices":[{"not_picked":["Gash","Stack"],"picked":"BootSequence","floor":1},{"not_picked":["Rebound","Consume"],"picked":"Conserve Battery","floor":2},{"not_picked":["White Noise","Beam Cell"],"picked":"Coolheaded","floor":3},{"not_picked":["Turbo","Gash"],"picked":"Melter","floor":4},{"not_picked":["Redo","Rip and Tear"],"picked":"Chill","floor":10},{"not_picked":["Barrage","Cold Snap"],"picked":"Darkness","floor":12},{"not_picked":["BootSequence","Redo"],"picked":"Sunder","floor":13},{"not_picked":["Leap","Ball Lightning"],"picked":"Glacier","floor":14},{"not_picked":["Hyperbeam","Biased Cognition"],"picked":"Echo Form","floor":16},{"not_picked":["Leap","Conserve Battery"],"picked":"Self Repair","floor":18},{"not_picked":["Gash","Sweeping Beam+1"],"picked":"Hologram","floor":19},{"not_picked":["Compile Driver","Beam Cell"],"picked":"Melter","floor":20},{"not_picked":["Glacier","Cold Snap","Compile Driver"],"picked":"SKIP","floor":24},{"not_picked":["Gash","Undo"],"picked":"Go for the Eyes","floor":25},{"not_picked":["Tempest+1","Aggregate"],"picked":"Recycle","floor":28},{"not_picked":["Rip and Tear","Go for the Eyes"],"picked":"Redo","floor":29}],"player_experience":921554,"relics_obtained":[{"floor":9,"key":"Sundial"},{"floor":19,"key":"Red Mask"},{"floor":26,"key":"Meat on the Bone"},{"floor":28,"key":"Ancient Tea Set"}],"event_choices":[{"damage_healed":0,"gold_gain":0,"player_choice":"Entered Light","damage_taken":15,"max_hp_gain":0,"max_hp_loss":0,"event_name":"Shining Light","floor":5,"gold_loss":0,"cards_upgraded":["Zap","Defend_B"]},{"damage_healed":0,"gold_gain":0,"cards_transformed":["Strike_B"],"player_choice":"Change","damage_taken":0,"max_hp_gain":0,"max_hp_loss":0,"event_name":"Living Wall","floor":7,"gold_loss":0,"cards_obtained":["Conserve Battery"]},{"damage_healed":0,"gold_gain":0,"player_choice":"Fought Bandits","damage_taken":0,"max_hp_gain":0,"max_hp_loss":0,"event_name":"Masked Bandits","floor":19,"gold_loss":0},{"damage_healed":0,"gold_gain":0,"player_choice":"Shed Blood","damage_taken":19,"max_hp_gain":5,"max_hp_loss":0,"event_name":"Forgotten Altar","floor":21,"gold_loss":0},{"damage_healed":0,"gold_gain":0,"cards_transformed":["Defend_B","Strike_B"],"player_choice":"Became Test Subject","damage_taken":0,"max_hp_gain":0,"max_hp_loss":0,"event_name":"Drug Dealer","floor":27,"gold_loss":0,"cards_obtained":["Genetic Algorithm","Fusion"]}],"is_beta":false,"boss_relics":[{"not_picked":["Snecko Eye","Velvet Choker"],"picked":"Ectoplasm"}],"items_purged_floors":[],"is_endless":false,"potions_floor_spawned":[1,4,10,12,13,19,20,28],"killed_by":"Cultist and Chosen","ascension_level":0}