{"gold_per_floor":[112,187,152,163,163,198,278,294,367,367,367,367,293,307,307,410,410,410,410,410,335],"floor_reached":21,"playtime":1156,"items_purged":[],"score":177,"play_id":"98e47705-ef49-4d9e-9126-ada299b92dec","local_time":"20190205220224","is_ascension_mode":false,"campfire_choices":[{"floor":10,"key":"REST"},{"data":"Redo","floor":12,"key":"SMITH"},{"floor":15,"key":"REST"}],"neow_cost":"NONE","seed_source_timestamp":171593306261884,"circlet_count":0,"master_deck":["Strike_B","Strike_B","Strike_B","Strike_B","Defend_B+1","Defend_B","Defend_B","Defend_B","Zap+1","Dualcast","Leap+1","Beam Cell","Redo+1","Redo+1","Streamline","Auto Shields+1","Echo Form","Redo+1","Ball Lightning","Sweeping Beam"],"relics":["Cracked Core","Orichalcum","Toxic Egg 2","Mummified Hand","Ectoplasm","Red Mask","Old Coin"],"potions_floor_usage":[19],"damage_taken":[{"damage":1,"enemies":"Jaw Worm","floor":1,"turns":3},{"damage":0,"enemies":"Small Slimes","floor":4,"turns":3},{"damage":26,"enemies":"Gremlin Nob","floor":6,"turns":5},{"damage":0,"enemies":"2 Louse","floor":8,"turns":2},{"damage":2,"enemies":"Exordium Thugs","floor":14,"turns":3},{"damage":32,"enemies":"Slime Boss","floor":16,"turns":11},{"damage":11,"enemies":"Spheric Guardian","floor":18,"turns":4},{"damage":42,"enemies":"Masked Bandits","floor":19,"turns":6},{"damage":7,"enemies":"2 Thieves","floor":21,"turns":5}],"seed_played":"2504773499532121166","potions_obtained":[{"floor":1,"key":"Regen Potion"},{"floor":6,"key":"Swift Potion"},{"floor":16,"key":"SpeedPotion"},{"floor":18,"key":"Regen Potion"},{"floor":21,"key":"Regen Potion"}],"is_trial":false,"path_per_floor":["M","?","?","M","?","E","T","M","T","R","?","R","$","M","R","B",null,"M","?","?","M"],"character_chosen":"DEFECT","items_purchased":["Redo+1","Streamline"],"campfire_rested":2,"item_purchase_floors":[13,13],"current_hp_per_floor":[81,70,82,82,66,40,40,40,40,64,64,64,64,62,82,50,82,71,43,43,36],"gold":335,"neow_bonus":"TEN_PERCENT_HP_BONUS","is_prod":false,"is_daily":false,"chose_seed":false,"campfire_upgraded":1,"win_rate":0.0,"timestamp":1549425744,"path_taken":["M","?","?","M","?","E","?","?","T","R","?","R","$","M","R","BOSS","M","?","?","?"],"build_version":"2019-01-23","purchased_purges":0,"victory":false,"max_hp_per_floor":[82,82,82,82,82,82,82,82,82,82,82,82,82,82,82,82,82,82,82,82,82],"card_choices":[{"not_picked":["Fusion","Consume"],"picked":"Leap","floor":1},{"not_picked":["Coolheaded","Ball Lightning"],"picked":"Beam Cell","floor":4},{"not_picked":["Rip and Tear","Heatsinks"],"picked":"Redo","floor":6},{"not_picked":["Hello World","Barrage","Hologram+1"],"picked":"SKIP","floor":8},{"not_picked":["Meteor Strike","Gash"],"picked":"Auto Shields+1","floor":14},{"not_picked":["Creative AI","Amplify+1"],"picked":"Echo Form","floor":16},{"not_picked":["Leap+1","Turbo+1"],"picked":"Redo+1","floor":18},{"not_picked":["Lockon","Consume+1"],"picked":"Ball Lightning","floor":19},{"not_picked":["Compile Driver","Lockon"],"picked":"Sweeping Beam","floor":21}],"player_experience":75939,"relics_obtained":[{"floor":6,"key":"Orichalcum"},{"floor":7,"key":"Toxic Egg 2"},{"floor":9,"key":"Mummified Hand"},{"floor":19,"key":"Red Mask"},{"floor":20,"key":"Old Coin"}],"event_choices":[{"damage_healed":0,"gold_gain":75,"player_choice":"Gather Gold","damage_taken":11,"max_hp_gain":0,"max_hp_loss":0,"event_name":"World of Goop","floor":2,"gold_loss":0},{"damage_healed":20,"gold_gain":0,"player_choice":"Healed","damage_taken":0,"max_hp_gain":0,"max_hp_loss":0,"event_name":"The Cleric","floor":3,"gold_loss":35},{"damage_healed":0,"gold_gain":0,"player_choice":"Entered Light","damage_taken":16,"max_hp_gain":0,"max_hp_loss":0,"event_name":"Shining Light","floor":5,"gold_loss":0,"cards_upgraded":["Defend_B","Leap"]},{"damage_healed":0,"gold_gain":0,"player_choice":"Grow","damage_taken":0,"max_hp_gain":0,"max_hp_loss":0,"event_name":"Living Wall","floor":11,"gold_loss":0,"cards_upgraded":["Zap"]},{"damage_healed":0,"gold_gain":0,"player_choice":"Fought Bandits","damage_taken":0,"max_hp_gain":0,"max_hp_loss":0,"event_name":"Masked Bandits","floor":19,"gold_loss":0},{"damage_healed":0,"gold_gain":0,"player_choice":"Relic","damage_taken":0,"max_hp_gain":0,"max_hp_loss":0,"event_name":"Wheel of Change","floor":20,"gold_loss":0}],"is_beta":false,"boss_relics":[{"not_picked":["Runic Dome","Fusion Hammer"],"picked":"Ectoplasm"}],"items_purged_floors":[],"is_endless":false,"potions_floor_spawned":[1,6,16,18,21],"killed_by":"2 Thieves","ascension_level":0}