{"path_per_floor":["M","$","?","?","M","?","E","M","T","M","R","M","T","E","R","B",null,"M","$","M","?","M","R","M","R","T","R","M","M","T","T","R","B",null,"M","?","$","M","$","R","M","R","T","M","M","M","?","$","R"],"character_chosen":"IRONCLAD","items_purchased":["Thunderclap","Wild Strike","Spot Weakness","Omamori","Lantern","Dual Wield","Flex"],"gold_per_floor":[115,17,17,76,95,95,129,139,139,157,157,173,197,225,225,329,329,349,154,171,96,110,110,126,126,207,207,226,244,244,290,290,386,386,400,400,99,111,43,43,63,63,63,77,88,100,100,77,77],"floor_reached":50,"campfire_rested":1,"playtime":2941,"current_hp_per_floor":[80,80,80,80,80,80,73,76,76,80,80,86,86,97,97,50,97,97,97,97,97,96,96,94,94,94,94,96,97,97,97,97,71,97,97,85,85,93,93,93,83,83,83,56,46,49,49,49,78],"items_purged":["Defend_R","Defend_R"],"gold":77,"score":479,"play_id":"b15a7bb4-0b58-4bbe-800c-42a075ffa36f","is_prod":false,"is_daily":false,"is_ascension_mode":false,"campfire_upgraded":8,"path_taken":["M","$","?","?","M","?","E","M","T","M","R","M","?","E","R","BOSS","M","$","M","?","M","R","?","R","T","R","M","M","?","?","R","BOSS","M","?","$","M","$","R","M","R","T","?","M","M","?","?","R","BOSS"],"build_version":"2018-02-22-PROD2","purchased_purges":2,"victory":false,"master_deck":["Strike_R","Strike_R","Strike_R","Strike_R","Strike_R","Defend_R","Bash","Armaments+1","Uppercut+1","Thunderclap","Perfected Strike","Twin Strike","Blood for Blood","Seeing Red+1","Wild Strike","Berserk+1","Offering+1","True Grit+1","Wild Strike","Spot Weakness","Bloodletting+1","Havoc+1","Thunderclap+1","Shrug It Off+1","Shrug It Off","Double Tap+1","Twin Strike","Madness","Madness","Infernal Blade+1","Dual Wield+1","Rage+1","Reaper","Twin Strike","Sentinel+1","Flex"],"max_hp_per_floor":[80,80,80,80,80,80,87,87,87,87,87,87,87,97,97,97,97,97,97,97,97,97,97,97,97,97,97,97,97,97,97,97,97,97,97,97,97,97,97,97,97,97,97,97,97,97,97,97,97],"relics":["Burning Blood","Strawberry","Thread and Needle","Bag of Preparation","Pear","Sozu","Frozen Egg 2","Unceasing Top","Blood Vial","Cursed Key","Omamori","Lantern","Bird Faced Urn"],"card_choices":[{"not_picked":["Anger","Wild Strike"],"picked":"Armaments"},{"not_picked":["Shrug It Off","Heavy Blade"],"picked":"Uppercut"},{"not_picked":["Carnage","Fire Breathing"],"picked":"Perfected Strike"},{"not_picked":["Rupture","Thunderclap"],"picked":"Twin Strike"},{"not_picked":["Sword Boomerang","Anger"],"picked":"Blood for Blood"},{"not_picked":["Body Slam","Cleave"],"picked":"Seeing Red"},{"not_picked":["True Grit","Clothesline"],"picked":"Wild Strike"},{"not_picked":["Ghostly Armor","Rupture"],"picked":"Berserk"},{"not_picked":["Double Tap","Dark Embrace"],"picked":"Offering"},{"not_picked":["Headbutt","Flex"],"picked":"True Grit"},{"not_picked":["True Grit","Iron Wave"],"picked":"Bloodletting"},{"not_picked":["Perfected Strike","Clash"],"picked":"Havoc"},{"not_picked":["Blood for Blood","Clothesline"],"picked":"Thunderclap"},{"not_picked":["Blood for Blood","Rupture"],"picked":"Shrug It Off"},{"not_picked":["Searing Blow","Body Slam"],"picked":"Shrug It Off"},{"not_picked":["Dark Embrace","Barricade"],"picked":"Double Tap"},{"not_picked":["Armaments","Feel No Pain"],"picked":"Twin Strike"},{"not_picked":["Combust","Iron Wave"],"picked":"Infernal Blade"},{"not_picked":["True Grit","Power Through"],"picked":"Rage"},{"not_picked":["Wild Strike","Sword Boomerang"],"picked":"Reaper"},{"not_picked":["Pummel","Anger"],"picked":"Twin Strike"},{"not_picked":["Thunderclap","Body Slam"],"picked":"Sentinel"}],"player_experience":129640,"potions_floor_usage":[16],"damage_taken":[{"damage":0,"enemies":"2 Louse","floor":1,"turns":3},{"damage":1,"enemies":"Cultist","floor":5,"turns":3},{"damage":20,"enemies":"3 Sentries","floor":7,"turns":7},{"damage":3,"enemies":"Jaw Worm","floor":8,"turns":2},{"damage":2,"enemies":"3 Louse","floor":10,"turns":3},{"damage":0,"enemies":"2 Fungi Beasts","floor":12,"turns":2},{"damage":0,"enemies":"Gremlin Nob","floor":14,"turns":3},{"damage":53,"enemies":"Hexaghost","floor":16,"turns":8},{"damage":2,"enemies":"Shell Parasite","floor":18,"turns":4},{"damage":0,"enemies":"2 Thieves","floor":20,"turns":2},{"damage":7,"enemies":"Snake Plant","floor":22,"turns":3},{"damage":8,"enemies":"Cultist and Chosen","floor":24,"turns":4},{"damage":4,"enemies":"Slaver and Parasite","floor":28,"turns":3},{"damage":3,"enemies":"Chosen and Byrds","floor":29,"turns":4},{"damage":32,"enemies":"Automaton","floor":33,"turns":8},{"damage":4,"enemies":"3 Darklings","floor":35,"turns":2},{"damage":0,"enemies":"Orb Walker","floor":38,"turns":2},{"damage":18,"enemies":"3 Darklings","floor":41,"turns":3},{"damage":35,"enemies":"4 Shapes","floor":44,"turns":3},{"damage":27,"enemies":"Maw","floor":45,"turns":7},{"damage":17,"enemies":"Sphere and 2 Shapes","floor":46,"turns":3},{"damage":118,"enemies":"Time Eater","floor":50,"turns":8}],"event_choices":[{"event_name":"Upgrade Shrine","player_choice":"Upgraded","floor":3,"damage_taken":0},{"event_name":"Golden Wing","player_choice":"Gained Gold","floor":4,"damage_taken":0},{"event_name":"Liars Game","player_choice":"disagreed","floor":6,"damage_taken":0},{"event_name":"Beggar","player_choice":"Gave Gold","floor":21,"damage_taken":0},{"event_name":"Winding Halls","player_choice":"Embrace Madness","floor":36,"damage_taken":0},{"event_name":"Mysterious Sphere","player_choice":"Ignore","floor":47,"damage_taken":0}],"boss_relics":[{"not_picked":["Orrery","Runic Pyramid"],"picked":"Sozu"},{"not_picked":["Black Blood","Mark of Pain"],"picked":"Cursed Key"}],"potions_floor_spawned":[7,12,16,18,20,24,29,41],"seed_played":"-2698220137122577621","killed_by":"Time Eater","ascension_level":0,"is_trial":false}