{"gold_per_floor":[119,119,135,152,170,170,198,198,198,210,223,240,240,11,11,109,109,122,132,160,160,160,160,60,87,133,152,165,199,222,254,254,254],"floor_reached":33,"playtime":5935,"items_purged":["Strike_R","Strike_R"],"score":481,"play_id":"80d13a94-4ff6-4464-bb27-a1c9b3dff756","local_time":"20190422114229","is_ascension_mode":true,"campfire_choices":[{"data":"Cleave","floor":6.0,"key":"SMITH"},{"data":"Twin Strike","floor":8,"key":"SMITH"},{"data":"Whirlwind","floor":15,"key":"SMITH"},{"data":"RitualDagger","floor":23,"key":"SMITH"},{"data":"Double Tap","floor":32,"key":"SMITH"}],"neow_cost":"NONE","seed_source_timestamp":0,"circlet_count":0,"master_deck":["Strike_R+1","Defend_R","Defend_R","Defend_R+1","Bash+1","Flame Barrier+1","Disarm+1","Cleave+1","Twin Strike+1","Double Tap+1","Whirlwind+1","Clash","Bludgeon","Seeing Red+1","Shrug It Off","Inflame","RitualDagger+1","Rampage","Shrug It Off+1","Clothesline+1","Body Slam+1"],"special_seed":0,"relics":["Burning Blood","FossilizedHelix","Magic Flower","Kunai","Strawberry","Empty Cage","Red Mask","Bottled Lightning","Bag of Marbles","Potion Belt","War Paint","Regal Pillow"],"potions_floor_usage":[18,20,20,28,29,33],"damage_taken":[{"damage":2.0,"enemies":"2 Louse","floor":1.0,"turns":3.0},{"damage":4.0,"enemies":"Jaw Worm","floor":3.0,"turns":4.0},{"damage":2.0,"enemies":"Small Slimes","floor":4.0,"turns":4.0},{"damage":0.0,"enemies":"Looter","floor":5.0,"turns":4.0},{"damage":51,"enemies":"Gremlin Nob","floor":7,"turns":6},{"damage":0,"enemies":"Large Slime","floor":10,"turns":5},{"damage":0,"enemies":"Red Slaver","floor":11,"turns":3},{"damage":0,"enemies":"Exordium Thugs","floor":12,"turns":6},{"damage":39,"enemies":"The Guardian","floor":16,"turns":10},{"damage":21,"enemies":"Shell Parasite","floor":18,"turns":6},{"damage":0,"enemies":"3 Byrds","floor":19,"turns":2},{"damage":7,"enemies":"Masked Bandits","floor":20,"turns":5},{"damage":15,"enemies":"Slavers","floor":25,"turns":2},{"damage":0,"enemies":"Centurion and Healer","floor":27,"turns":4},{"damage":0,"enemies":"3 Cultists","floor":28,"turns":5},{"damage":27,"enemies":"Gremlin Leader","floor":29,"turns":7},{"damage":0,"enemies":"Slavers","floor":31,"turns":3},{"damage":104,"enemies":"Automaton","floor":33,"turns":12}],"seed_played":"-9181903592086603409","potions_obtained":[{"floor":1.0,"key":"Weak Potion"},{"floor":10,"key":"Energy Potion"},{"floor":11,"key":"BloodPotion"},{"floor":16,"key":"Swift Potion"},{"floor":19,"key":"Fire Potion"},{"floor":25,"key":"Fire Potion"},{"floor":28,"key":"Weak Potion"}],"is_trial":false,"path_per_floor":["M","?","M","M","M","R","E","R","T","M","M","M","?","$","R","B",null,"M","M","?","?","?","R","$","E","T","M","M","E","T","E","R","B"],"character_chosen":"IRONCLAD","items_purchased":["Strawberry"],"campfire_rested":0,"item_purchase_floors":[14],"current_hp_per_floor":[76,60,62,66,72,72,27,27,27,36,45,54,42,49,49,19,70,58,67,81,75,75,75,75,69,69,78,87,69,69,78,78,0],"gold":254,"neow_bonus":"UPGRADE_CARD","is_prod":false,"is_daily":false,"chose_seed":false,"campfire_upgraded":5,"win_rate":0,"timestamp":1555926149,"path_taken":["M","?","M","M","M","R","E","R","T","M","M","M","?","$","R","BOSS","M","M","?","?","?","R","$","E","T","?","M","E","?","E","R","BOSS"],"build_version":"2019-01-23","purchased_purges":2,"victory":false,"max_hp_per_floor":[80,80,80,80,80,80,80,80,80,80,80,80,80,87,87,87,87,87,87,87,87,87,87,87,87,87,87,87,87,87,87,87,87],"card_choices":[{"not_picked":["Sword Boomerang","Clash"],"picked":"Flame Barrier","floor":1.0},{"not_picked":["Pommel Strike","Havoc"],"picked":"Disarm","floor":3.0},{"not_picked":["Thunderclap","Heavy Blade"],"picked":"Cleave","floor":4.0},{"not_picked":["Dropkick","Power Through"],"picked":"Twin Strike","floor":5.0},{"not_picked":["Entrench","Bloodletting"],"picked":"Double Tap","floor":7},{"not_picked":["Warcry","Disarm"],"picked":"Whirlwind","floor":10},{"not_picked":["Anger","Body Slam","Armaments"],"picked":"SKIP","floor":11},{"not_picked":["Wild Strike","Whirlwind"],"picked":"Clash","floor":12},{"not_picked":["Exhume","Demon Form"],"picked":"Bludgeon","floor":16},{"not_picked":["Power Through","Perfected Strike"],"picked":"Seeing Red+1","floor":18},{"not_picked":["Rupture+1","Cleave"],"picked":"Shrug It Off","floor":19},{"not_picked":["Pommel Strike+1","Headbutt+1"],"picked":"Inflame","floor":20},{"not_picked":["Anger","Inflame"],"picked":"Shrug It Off+1","floor":25},{"not_picked":["True Grit","Berserk"],"picked":"Clothesline+1","floor":27},{"not_picked":["Heavy Blade+1","Searing Blow"],"picked":"Body Slam+1","floor":28},{"not_picked":["Iron Wave","Havoc+1","Immolate"],"picked":"SKIP","floor":29},{"not_picked":["Iron Wave+1","Perfected Strike","Clash+1"],"picked":"SKIP","floor":31}],"player_experience":682253,"relics_obtained":[{"floor":7,"key":"FossilizedHelix"},{"floor":9,"key":"Magic Flower"},{"floor":20,"key":"Red Mask"},{"floor":25,"key":"Bottled Lightning"},{"floor":26,"key":"Bag of Marbles"},{"floor":29,"key":"Potion Belt"},{"floor":30,"key":"War Paint"},{"floor":31,"key":"Regal Pillow"}],"event_choices":[{"damage_healed":0.0,"max_hp_gain":0.0,"max_hp_loss":0.0,"gold_gain":0.0,"event_name":"Shining Light","player_choice":"Entered Light","floor":2.0,"gold_loss":0.0,"damage_taken":16.0,"cards_upgraded":["Strike_R","Defend_R"]},{"damage_healed":0,"gold_gain":0,"player_choice":"Success","damage_taken":12,"relics_obtained":["Kunai"],"max_hp_gain":0,"max_hp_loss":0,"event_name":"Scrap Ooze","floor":13,"gold_loss":0},{"damage_healed":0,"gold_gain":0,"player_choice":"Fought Bandits","damage_taken":0,"max_hp_gain":0,"max_hp_loss":0,"event_name":"Masked Bandits","floor":20,"gold_loss":0},{"damage_healed":0,"gold_gain":0,"player_choice":"Joined the Cult","damage_taken":6,"max_hp_gain":0,"max_hp_loss":0,"event_name":"Nest","floor":21,"gold_loss":0,"cards_obtained":["RitualDagger"]},{"damage_healed":0,"gold_gain":0,"cards_transformed":["Strike_R"],"player_choice":"Transformed","damage_taken":0,"max_hp_gain":0,"max_hp_loss":0,"event_name":"Transmorgrifier","floor":22,"gold_loss":0,"cards_obtained":["Rampage"]}],"is_beta":false,"boss_relics":[{"not_picked":["Black Star","Fusion Hammer"],"picked":"Empty Cage"}],"items_purged_floors":[14,24],"is_endless":false,"potions_floor_spawned":[1,10,11,16,19,25,28],"killed_by":"Automaton","ascension_level":9}