{"gold_per_floor":[117,117,137,155,166,166,181,238,238,266,286,306,1,22,22,121,121,135,135,154,173,191,191,191,191,191,191,206,206,16,27,27,128,128,148,148,164,179,25,25,25],"floor_reached":41,"playtime":2364,"items_purged":["Injury"],"score":422,"play_id":"2ee4c621-6564-48bc-9ea8-d5fc1534d3bc","local_time":"20190209004756","is_ascension_mode":false,"campfire_choices":[{"data":"Sunder","floor":6,"key":"SMITH"},{"floor":15,"key":"REST"},{"floor":23,"key":"REST"},{"data":"Self Repair","floor":25,"key":"SMITH"},{"floor":29,"key":"REST"},{"data":"Magnetism","floor":32,"key":"SMITH"},{"floor":40,"key":"REST"}],"neow_cost":"CURSE","seed_source_timestamp":439505460828579,"circlet_count":0,"master_deck":["Defend_B","Defend_B","Defend_B","Defend_B","Zap","Dualcast","Sunder+1","Static Discharge","Seek","BootSequence","Echo Form","Sunder","Self Repair+1","Magnetism+1","Sweeping Beam","Reboot","Streamline+1","Electrodynamics+1","Echo Form+1","Auto Shields+1","Force Field","Bite","Bite","Bite","Bite","Bite","Metamorphosis","Machine Learning","Storm","Loop","Hello World","Metamorphosis"],"relics":["Cracked Core","Mango","Bag of Marbles","Pantograph","Dead Branch","Odd Mushroom","Astrolabe","Dream Catcher","Orrery","Bronze Scales"],"potions_floor_usage":[7,10,16,28,33,37,38,38],"damage_taken":[{"damage":0,"enemies":"2 Louse","floor":1,"turns":2},{"damage":0,"enemies":"Small Slimes","floor":3,"turns":2},{"damage":1,"enemies":"Jaw Worm","floor":4,"turns":3},{"damage":7,"enemies":"Exordium Wildlife","floor":5,"turns":3},{"damage":13,"enemies":"3 Louse","floor":7,"turns":2},{"damage":25,"enemies":"3 Sentries","floor":8,"turns":5},{"damage":12,"enemies":"3 Sentries","floor":10,"turns":3},{"damage":0,"enemies":"2 Fungi Beasts","floor":11,"turns":2},{"damage":2,"enemies":"Blue Slaver","floor":12,"turns":2},{"damage":8,"enemies":"The Mushroom Lair","floor":14,"turns":3},{"damage":47,"enemies":"The Guardian","floor":16,"turns":8},{"damage":0,"enemies":"3 Byrds","floor":18,"turns":2},{"damage":22,"enemies":"Chosen","floor":20,"turns":6},{"damage":0,"enemies":"3 Cultists","floor":21,"turns":2},{"damage":25,"enemies":"Snake Plant","floor":22,"turns":6},{"damage":32,"enemies":"Centurion and Healer","floor":28,"turns":6},{"damage":14,"enemies":"Snecko","floor":31,"turns":5},{"damage":59,"enemies":"Champ","floor":33,"turns":8},{"damage":0,"enemies":"3 Shapes","floor":35,"turns":4},{"damage":46,"enemies":"Orb Walker","floor":37,"turns":6},{"damage":14,"enemies":"4 Shapes","floor":38,"turns":4},{"damage":43,"enemies":"Reptomancer","floor":41,"turns":3}],"seed_played":"-6342850185100392626","potions_obtained":[{"floor":3,"key":"Poison Potion"},{"floor":4,"key":"SteroidPotion"},{"floor":8,"key":"Explosive Potion"},{"floor":11,"key":"Dexterity Potion"},{"floor":14,"key":"SteroidPotion"},{"floor":18,"key":"FocusPotion"},{"floor":28,"key":"Energy Potion"},{"floor":31,"key":"AttackPotion"},{"floor":37,"key":"PowerPotion"}],"is_trial":false,"path_per_floor":["M","?","M","M","M","R","M","?","T","E","M","M","$","?","R","B",null,"M","?","M","M","M","R","?","R","T","?","M","R","$","M","R","B",null,"M","?","M","M","$","R","E"],"character_chosen":"DEFECT","items_purchased":["Self Repair","Magnetism","Metamorphosis","Bronze Scales"],"campfire_rested":4,"item_purchase_floors":[13,13,30,39],"current_hp_per_floor":[89,89,89,88,81,81,68,43,43,31,31,29,29,28,54,32,89,89,72,57,57,46,74,74,74,74,65,55,65,65,65,65,14,65,65,65,35,23,23,42,0],"gold":25,"neow_bonus":"ONE_RARE_RELIC","is_prod":false,"is_daily":false,"chose_seed":false,"campfire_upgraded":3,"win_rate":0,"timestamp":1549694876,"path_taken":["M","?","M","M","M","R","M","?","T","E","M","?","$","?","R","BOSS","M","?","M","M","M","R","?","R","T","?","M","R","?","M","R","BOSS","M","?","?","M","$","R","E"],"build_version":"2019-01-23","purchased_purges":1,"victory":false,"max_hp_per_floor":[89,89,89,89,89,89,89,89,89,89,89,89,89,89,89,89,89,89,94,94,94,94,94,94,94,94,65,65,65,65,65,65,65,65,65,65,65,65,65,65,65],"card_choices":[{"not_picked":["Gash","Barrage","Glacier"],"picked":"SKIP","floor":1},{"not_picked":["Go for the Eyes","Hologram","Reprogram"],"picked":"SKIP","floor":3},{"not_picked":["Coolheaded","Turbo"],"picked":"Sunder","floor":4},{"not_picked":["Reinforced Body","Ball Lightning"],"picked":"Static Discharge","floor":5},{"not_picked":["Reinforced Body","Undo"],"picked":"Seek","floor":7},{"not_picked":["Rebound","Coolheaded"],"picked":"BootSequence","floor":10},{"not_picked":["Streamline","Cold Snap"],"picked":"Echo Form","floor":11},{"not_picked":["Recycle","Ball Lightning"],"picked":"Sunder","floor":12},{"not_picked":["Steam","Cold Snap"],"picked":"Sweeping Beam","floor":14},{"not_picked":["Fission","Thunder Strike"],"picked":"Reboot","floor":16},{"not_picked":["Steam+1","Aggregate"],"picked":"Auto Shields+1","floor":18},{"not_picked":["Go for the Eyes","Hologram+1","Stack+1"],"picked":"SKIP","floor":20},{"not_picked":["Beam Cell","Fusion"],"picked":"Force Field","floor":21},{"not_picked":["Ball Lightning","Leap","Glacier"],"picked":"SKIP","floor":22},{"not_picked":["Go for the Eyes","Steam","Fission"],"picked":"SKIP","floor":28},{"not_picked":["Redo","Genetic Algorithm","Stack"],"picked":"SKIP","floor":31},{"not_picked":["Fission","Thunder Strike"],"picked":"Machine Learning","floor":33},{"not_picked":["Turbo+1","Streamline"],"picked":"Storm","floor":34},{"not_picked":["Hologram","Fission"],"picked":"Loop","floor":34},{"not_picked":["Coolheaded","Sweeping Beam+1"],"picked":"Hello World","floor":34},{"not_picked":["Gash+1","Reinforced Body","Steam Power+1"],"picked":"SKIP","floor":35},{"not_picked":["Creative AI","Gash","Undo+1"],"picked":"SKIP","floor":37},{"not_picked":["Conserve Battery","Compile Driver","Heatsinks"],"picked":"SKIP","floor":38}],"player_experience":118835,"relics_obtained":[{"floor":9,"key":"Pantograph"},{"floor":10,"key":"Dead Branch"},{"floor":14,"key":"Odd Mushroom"},{"floor":26,"key":"Dream Catcher"}],"event_choices":[{"damage_healed":0,"gold_gain":0,"player_choice":"Ignored","damage_taken":0,"max_hp_gain":0,"max_hp_loss":0,"event_name":"Shining Light","floor":2,"gold_loss":0},{"damage_healed":0,"gold_gain":0,"player_choice":"Searched \u00272\u0027 times","damage_taken":0,"relics_obtained":["Bag of Marbles"],"max_hp_gain":0,"max_hp_loss":0,"event_name":"Dead Adventurer","floor":8,"gold_loss":0},{"damage_healed":0,"gold_gain":0,"player_choice":"Fought Mushrooms","damage_taken":0,"max_hp_gain":0,"max_hp_loss":0,"event_name":"Mushrooms","floor":14,"gold_loss":0},{"damage_healed":0,"gold_gain":0,"player_choice":"Shed Blood","damage_taken":22,"max_hp_gain":5,"max_hp_loss":0,"event_name":"Forgotten Altar","floor":19,"gold_loss":0},{"damage_healed":0,"gold_gain":0,"player_choice":"Ignored","damage_taken":0,"max_hp_gain":0,"max_hp_loss":0,"event_name":"Ghosts","floor":24,"gold_loss":0},{"damage_healed":0,"gold_gain":0,"player_choice":"Became a vampire","damage_taken":0,"max_hp_gain":0,"max_hp_loss":29,"event_name":"Vampires","floor":27,"gold_loss":0,"cards_obtained":["Bite","Bite","Bite","Bite","Bite"]},{"damage_healed":0,"gold_gain":0,"player_choice":"Copied","damage_taken":0,"max_hp_gain":0,"max_hp_loss":0,"event_name":"Duplicator","floor":36,"gold_loss":0,"cards_obtained":["Metamorphosis"]}],"is_beta":false,"boss_relics":[{"not_picked":["Coffee Dripper","Snecko Eye"],"picked":"Astrolabe"},{"not_picked":["Philosopher\u0027s Stone","Busted Crown"],"picked":"Orrery"}],"items_purged_floors":[13],"is_endless":false,"potions_floor_spawned":[3,4,8,11,14,18,21,28,31,37],"killed_by":"Reptomancer","ascension_level":0}