{"path_per_floor":["M","?","?","$","?","R","E","R","T","E","M","M","M","M","R","B",null,"M","?","$","?","$","R","?","M","T","R","E","M","R","M","R"],"character_chosen":"IRONCLAD","items_purchased":["Spot Weakness","Mummified Hand","Shrug It Off"],"gold_per_floor":[109,109,284,135,135,135,163,163,189,220,240,254,270,290,290,385,385,403,328,32,32,32,32,32,52,52,52,82,102,102,112,112],"floor_reached":33,"campfire_rested":0,"playtime":1305,"current_hp_per_floor":[80,68,68,68,61,61,67,67,67,73,80,80,80,80,80,32,80,76,76,76,56,56,56,47,61,61,61,48,54,54,57,57],"items_purged":["Doubt"],"gold":112,"score":349,"play_id":"902b07d4-a6c8-4be2-b532-86424ad4207a","local_time":"20180323002914","is_prod":false,"is_daily":false,"is_ascension_mode":false,"campfire_upgraded":7,"timestamp":1521736154,"path_taken":["M","?","?","$","?","R","E","R","T","E","M","M","M","?","R","BOSS","M","?","$","?","$","R","?","M","T","R","E","?","R","M","R","BOSS"],"build_version":"2018-03-15v3","purchased_purges":1,"victory":false,"master_deck":["Defend_R","Defend_R","Defend_R","Bash+1","Armaments+1","Spot Weakness","Twin Strike+1","Impervious","Cleave","Headbutt","Twin Strike","Brutality","Shrug It Off+1","Bite","Bite","Bite","Bite","Bite","Seeing Red+1","Searing Blow+3","Pummel+1"],"max_hp_per_floor":[80,80,80,80,80,80,80,80,80,80,80,80,80,80,80,80,80,80,80,80,56,56,56,61,61,61,61,61,61,61,61,61],"relics":["Burning Blood","NeowsBlessing","Charon\u0027s Ashes","Bottled Lightning","Art of War","Magic Flower","Runic Cube","Mummified Hand","Gambling Chip","Molten Egg 2"],"card_choices":[{"not_picked":["Clash","Sword Boomerang"],"picked":"Armaments"},{"not_picked":["Iron Wave","Armaments"],"picked":"Twin Strike"},{"not_picked":["Warcry","Uppercut"],"picked":"Impervious"},{"not_picked":["Infernal Blade","Hemokinesis"],"picked":"Cleave"},{"not_picked":["Dual Wield","Body Slam"],"picked":"Headbutt"},{"not_picked":["Perfected Strike","Uppercut"],"picked":"Twin Strike"},{"not_picked":["Impervious","Juggernaut"],"picked":"Brutality"},{"not_picked":["Body Slam","True Grit"],"picked":"Seeing Red"},{"not_picked":["Cleave","Wild Strike"],"picked":"Searing Blow"},{"not_picked":["Wild Strike","Sever Soul"],"picked":"Pummel"}],"player_experience":365442,"potions_floor_usage":[33,33],"damage_taken":[{"damage":0,"enemies":"Jaw Worm","floor":1,"turns":1},{"damage":0,"enemies":"3 Sentries","floor":7,"turns":2},{"damage":0,"enemies":"Gremlin Nob","floor":10,"turns":1},{"damage":0,"enemies":"Small Slimes","floor":11,"turns":3},{"damage":5,"enemies":"Cultist","floor":12,"turns":4},{"damage":7,"enemies":"Blue Slaver","floor":13,"turns":4},{"damage":0,"enemies":"Large Slime","floor":14,"turns":6},{"damage":57,"enemies":"Hexaghost","floor":16,"turns":10},{"damage":13,"enemies":"3 Byrds","floor":18,"turns":4},{"damage":15,"enemies":"Shell Parasite","floor":25,"turns":7},{"damage":39,"enemies":"Book of Stabbing","floor":28,"turns":5},{"damage":31,"enemies":"Centurion and Healer","floor":29,"turns":7},{"damage":25,"enemies":"3 Cultists","floor":31,"turns":6},{"damage":75,"enemies":"Collector","floor":33,"turns":9}],"event_choices":[{"event_name":"Scrap Ooze","player_choice":"success","floor":2,"damage_taken":12},{"event_name":"Liars Game","player_choice":"agreed","floor":3,"damage_taken":0},{"event_name":"Golden Wing","player_choice":"Card Removal","floor":5,"damage_taken":0},{"event_name":"Beggar","player_choice":"Gave Gold","floor":19,"damage_taken":0},{"event_name":"Vampires","player_choice":"Became a vampire","floor":21,"damage_taken":0},{"event_name":"Forgotten Altar","player_choice":"Shed Blood","floor":24,"damage_taken":0}],"boss_relics":[{"not_picked":["Black Blood","White Beast Statue"],"picked":"Runic Cube"}],"potions_floor_spawned":[1,13,14,16,18,31],"seed_played":"-3623755426587177460","killed_by":"Collector","ascension_level":0,"is_trial":false}