{"gold_per_floor":[114,39,39,56,74,74,104,24,97,118,128,128,147,167,167,266,266,249,348,348,363,80,80,100,113,158,169,185,47,47,67,67,163,163,181,181,181,199,209,238,238,252,252,1,1,17,17,30,30,30],"floor_reached":50,"playtime":3303,"items_purged":["Strike_G","Strike_G"],"score":503,"play_id":"84019bcc-b999-475a-9554-98b86d4a285d","local_time":"20190323013057","is_ascension_mode":false,"campfire_choices":[{"data":"Neutralize","floor":6,"key":"SMITH"},{"floor":12,"key":"REST"},{"floor":15,"key":"REST"},{"data":"Footwork","floor":23,"key":"SMITH"},{"data":"Bouncing Flask","floor":30,"key":"SMITH"},{"floor":32,"key":"REST"},{"data":"Phantasmal Killer","floor":45,"key":"SMITH"},{"data":"Footwork","floor":47,"key":"SMITH"},{"floor":49,"key":"REST"}],"neow_cost":"NONE","seed_source_timestamp":28348473571539,"circlet_count":0,"master_deck":["Defend_G","Defend_G","Defend_G","Defend_G","Defend_G","Strike_G","Strike_G","Strike_G","Survivor","Neutralize+1","Footwork+1","Sucker Punch","Deadly Poison","Dagger Spray","Footwork+1","Riddle With Holes","Dagger Spray","Bouncing Flask+1","Venomology","Well Laid Plans","Deadly Poison","Terror","Dagger Spray+1","Caltrops","Backflip+1","Phantasmal Killer+1","Heel Hook+1","Deadly Poison+1","Decay","Riddle With Holes","Catalyst","Expertise","Infinite Blades","Skewer","PiercingWail"],"relics":["Ring of the Snake","NeowsBlessing","CultistMask","Vajra","Singing Bowl","Odd Mushroom","Busted Crown","MutagenicStrength","Bottled Tornado","Oddly Smooth Stone","Cursed Key","Potion Belt","Question Card"],"potions_floor_usage":[13,16,16,21,24,27,28,33,33,33,33,33,33,40,40,42,42,42,42,46,48,48,50,50,50,50,50],"damage_taken":[{"damage":0,"enemies":"2 Louse","floor":1,"turns":1},{"damage":0,"enemies":"Cultist","floor":4,"turns":1},{"damage":0,"enemies":"Small Slimes","floor":5,"turns":2},{"damage":20,"enemies":"3 Sentries","floor":7,"turns":12},{"damage":22,"enemies":"The Mushroom Lair","floor":10,"turns":5},{"damage":0,"enemies":"Looter","floor":11,"turns":3},{"damage":4,"enemies":"Exordium Wildlife","floor":13,"turns":4},{"damage":12,"enemies":"Blue Slaver","floor":14,"turns":4},{"damage":38,"enemies":"Slime Boss","floor":16,"turns":12},{"damage":8,"enemies":"2 Thieves","floor":18,"turns":4},{"damage":17,"enemies":"Chosen","floor":21,"turns":5},{"damage":0,"enemies":"3 Cultists","floor":24,"turns":4},{"damage":2,"enemies":"Centurion and Healer","floor":25,"turns":5},{"damage":0,"enemies":"Chosen and Byrds","floor":27,"turns":4},{"damage":12,"enemies":"3 Cultists","floor":28,"turns":4},{"damage":10,"enemies":"Shelled Parasite and Fungi","floor":31,"turns":6},{"damage":2,"enemies":"Automaton","floor":33,"turns":10},{"damage":15,"enemies":"3 Darklings","floor":35,"turns":3},{"damage":6,"enemies":"Orb Walker","floor":38,"turns":3},{"damage":2,"enemies":"Transient","floor":39,"turns":5},{"damage":13,"enemies":"Reptomancer","floor":40,"turns":4},{"damage":14,"enemies":"Jaw Worm Horde","floor":42,"turns":4},{"damage":17,"enemies":"Writhing Mass","floor":46,"turns":4},{"damage":8,"enemies":"4 Shapes","floor":48,"turns":5},{"damage":118,"enemies":"Awakened One","floor":50,"turns":10}],"seed_played":"2409469752189182233","potions_obtained":[{"floor":1,"key":"SkillPotion"},{"floor":11,"key":"SkillPotion"},{"floor":14,"key":"EssenceOfSteel"},{"floor":16,"key":"PowerPotion"},{"floor":18,"key":"PowerPotion"},{"floor":24,"key":"GhostInAJar"},{"floor":31,"key":"Dexterity Potion"},{"floor":35,"key":"Swift Potion"},{"floor":37,"key":"Ancient Potion"},{"floor":37,"key":"EntropicBrew"},{"floor":42,"key":"Explosive Potion"},{"floor":46,"key":"Regen Potion"},{"floor":48,"key":"Swift Potion"}],"is_trial":false,"path_per_floor":["M","$","?","M","M","R","E","$","T","?","M","R","M","M","R","B",null,"M","?","?","M","$","R","M","M","T","M","M","$","R","M","R","B",null,"M","?","?","M","M","E","?","M","T","$","R","M","R","M","R","B"],"character_chosen":"THE_SILENT","items_purchased":["Footwork","Bottled Tornado","Deadly Poison","Caltrops","Riddle With Holes","Catalyst","Expertise","Infinite Blades"],"campfire_rested":4,"item_purchase_floors":[8,22,22,29,44,44,44,44],"current_hp_per_floor":[70,70,70,70,70,70,50,50,50,28,28,49,45,35,56,18,72,64,64,64,49,49,49,49,49,49,49,39,39,39,29,52,50,78,65,65,65,61,61,48,48,46,46,46,46,29,29,21,45,0],"gold":30,"neow_bonus":"THREE_ENEMY_KILL","is_prod":false,"is_daily":false,"chose_seed":false,"campfire_upgraded":5,"win_rate":0,"timestamp":1553326257,"path_taken":["M","$","?","M","?","R","E","?","T","?","M","R","M","M","R","BOSS","M","?","?","M","$","R","M","M","T","M","M","$","R","M","R","BOSS","M","?","?","M","?","E","?","M","T","?","R","M","R","?","R","BOSS"],"build_version":"2019-01-23","purchased_purges":2,"victory":false,"max_hp_per_floor":[70,70,70,70,70,70,70,70,70,70,70,70,70,72,72,72,72,72,72,72,74,74,74,74,76,76,76,78,78,78,78,78,78,78,80,76,76,78,80,80,80,80,80,80,80,80,80,80,80,80],"card_choices":[{"not_picked":["Flying Knee","Underhanded Strike"],"picked":"Footwork","floor":1},{"not_picked":["Prepared","Poisoned Stab"],"picked":"Sucker Punch","floor":4},{"not_picked":["Riddle With Holes","Quick Slash"],"picked":"Deadly Poison","floor":5},{"not_picked":["Endless Agony","Choke"],"picked":"Dagger Spray","floor":7},{"not_picked":["Accuracy","Catalyst"],"picked":"Riddle With Holes","floor":10},{"not_picked":["Sucker Punch","PiercingWail"],"picked":"Dagger Spray","floor":11},{"not_picked":["Setup","Dagger Spray"],"picked":"Bouncing Flask","floor":13},{"not_picked":["Deflect","Prepared","Dagger Spray"],"picked":"Singing Bowl","floor":14},{"not_picked":["Unload","A Thousand Cuts"],"picked":"Venomology","floor":16},{"not_picked":[],"picked":"Well Laid Plans","floor":18},{"not_picked":["Blade Dance"],"picked":"Singing Bowl","floor":21},{"not_picked":[],"picked":"Terror","floor":24},{"not_picked":["PiercingWail"],"picked":"Singing Bowl","floor":25},{"not_picked":[],"picked":"Dagger Spray+1","floor":27},{"not_picked":["Quick Slash+1"],"picked":"Singing Bowl","floor":28},{"not_picked":[],"picked":"Backflip+1","floor":31},{"not_picked":[],"picked":"Phantasmal Killer","floor":33},{"not_picked":["Quick Slash+1"],"picked":"Singing Bowl","floor":35},{"not_picked":["Blur"],"picked":"Singing Bowl","floor":38},{"not_picked":["Outmaneuver"],"picked":"Singing Bowl","floor":39},{"not_picked":[],"picked":"Heel Hook+1","floor":40},{"not_picked":[],"picked":"Deadly Poison+1","floor":42},{"not_picked":["Skewer","Bullet Time"],"picked":"SKIP","floor":46},{"not_picked":["Bullet Time"],"picked":"Skewer","floor":46},{"not_picked":["Underhanded Strike+1"],"picked":"PiercingWail","floor":48}],"player_experience":1124215,"relics_obtained":[{"floor":7,"key":"Vajra"},{"floor":9,"key":"Singing Bowl"},{"floor":10,"key":"Odd Mushroom"},{"floor":26,"key":"Oddly Smooth Stone"},{"floor":40,"key":"Potion Belt"},{"floor":43,"key":"Question Card"}],"event_choices":[{"damage_healed":0,"gold_gain":0,"player_choice":"Trade","damage_taken":0,"relics_obtained":["CultistMask"],"max_hp_gain":0,"max_hp_loss":0,"event_name":"FaceTrader","floor":3,"gold_loss":0},{"damage_healed":0,"gold_gain":0,"player_choice":"Fought Mushrooms","damage_taken":0,"max_hp_gain":0,"max_hp_loss":0,"event_name":"Mushrooms","floor":10,"gold_loss":0},{"damage_healed":0,"gold_gain":99,"player_choice":"Stole From Cult","damage_taken":0,"max_hp_gain":0,"max_hp_loss":0,"event_name":"Nest","floor":19,"gold_loss":0},{"damage_healed":0,"gold_gain":0,"player_choice":"Inject Mutagens","damage_taken":0,"relics_obtained":["MutagenicStrength"],"max_hp_gain":0,"max_hp_loss":0,"event_name":"Drug Dealer","floor":20,"gold_loss":0},{"damage_healed":0,"gold_gain":0,"player_choice":"Max HP","damage_taken":0,"max_hp_gain":0,"max_hp_loss":4,"event_name":"Winding Halls","floor":36,"gold_loss":0},{"damage_healed":0,"gold_gain":0,"player_choice":"Got Potions","damage_taken":0,"max_hp_gain":0,"max_hp_loss":0,"event_name":"Lab","floor":37,"gold_loss":0},{"damage_healed":0,"gold_gain":0,"player_choice":"Ignored","damage_taken":0,"max_hp_gain":0,"max_hp_loss":0,"event_name":"Tomb of Lord Red Mask","floor":41,"gold_loss":0}],"is_beta":false,"boss_relics":[{"not_picked":["White Beast Statue","Ectoplasm"],"picked":"Busted Crown"},{"not_picked":["Velvet Choker","Black Star"],"picked":"Cursed Key"}],"items_purged_floors":[2,29],"is_endless":false,"potions_floor_spawned":[1,11,14,16,18,24,25,31,35,42,46,48],"killed_by":"Awakened One","ascension_level":0}