{"path_per_floor":["M","?","M","M","M","R","M","R","T","E","M","$","M","$","R","B",null,"M","M","$","?","$","R","?","M","T","M","?","M","T","M","R","B",null,"M","$","?","M","?","R","$","R","T","M","M","?","$"],"character_chosen":"IRONCLAD","items_purchased":["Clash","Armaments","Apotheosis","Spot Weakness","Spot Weakness","Dexterity Potion"],"gold_per_floor":[112,212,232,242,261,261,274,274,274,335,354,184,194,8,8,103,103,116,136,62,62,62,62,62,78,151,162,62,76,127,141,141,245,245,255,155,155,168,168,168,43,43,66,81,92,92,5],"floor_reached":48,"campfire_rested":2,"playtime":2179,"current_hp_per_floor":[80,80,80,80,80,80,80,80,80,67,74,74,69,69,69,34,86,84,73,73,73,73,73,73,67,67,40,40,23,23,23,50,17,90,73,73,73,62,62,90,90,90,90,70,57,44,44],"items_purged":["Defend_R","Strike_R","Strike_R"],"gold":5,"score":459,"play_id":"c67df567-2300-49ae-a4ca-8da8b92fb086","local_time":"20180314004119","is_prod":false,"is_daily":false,"is_ascension_mode":false,"campfire_upgraded":5,"timestamp":1520959279,"path_taken":["M","?","M","M","M","R","M","R","T","E","M","$","M","$","R","BOSS","M","M","$","?","$","R","?","M","T","?","?","M","?","M","R","BOSS","M","?","?","?","?","R","?","R","T","M","?","?","?","M"],"build_version":"2018-03-09","purchased_purges":4,"victory":false,"master_deck":["Strike_R","Strike_R","Strike_R","Defend_R","Defend_R","Defend_R","Bash+1","Twin Strike","Shrug It Off+1","Clash","Shrug It Off+1","Pommel Strike+1","Feed","Clash","Armaments+1","Rampage","Apotheosis+1","Berserk+1","Second Wind+1","Entrench+1","Spot Weakness","Dual Wield+1","Twin Strike+1","J.A.X.","Clash","Pommel Strike","Barricade+1","Sword Boomerang+1","Seeing Red+1","Pommel Strike+1","Madness","Madness","Spot Weakness"],"max_hp_per_floor":[80,80,80,80,80,80,80,80,80,80,83,83,86,86,86,86,86,86,86,86,86,86,86,86,86,86,86,86,86,86,90,90,90,90,90,90,90,94,94,94,94,94,94,94,100,100,100],"relics":["Burning Blood","Calipers","Tiny Chest","Runic Cube","Mercury Hourglass","Ancient Tea Set","Mark of Pain","Singing Bowl"],"card_choices":[{"not_picked":["Flex","Iron Wave"],"picked":"Twin Strike"},{"not_picked":["Heavy Blade","Wild Strike"],"picked":"Shrug It Off"},{"not_picked":["Power Through","Twin Strike"],"picked":"Clash"},{"not_picked":["Sever Soul","Body Slam"],"picked":"Shrug It Off"},{"not_picked":["Bloodletting","Armaments"],"picked":"Pommel Strike"},{"not_picked":["Ghostly Armor","Battle Trance"],"picked":"Feed"},{"not_picked":["Twin Strike","Power Through"],"picked":"Rampage"},{"not_picked":["Feed","Barricade"],"picked":"Berserk"},{"not_picked":["Thunderclap","Flex"],"picked":"Second Wind"},{"not_picked":["Twin Strike","Cleave"],"picked":"Entrench"},{"not_picked":["Pommel Strike","Headbutt"],"picked":"Dual Wield"},{"not_picked":["Havoc","Uppercut"],"picked":"Twin Strike"},{"not_picked":["Rage","Havoc"],"picked":"Clash"},{"not_picked":["Cleave","Dual Wield"],"picked":"Pommel Strike"},{"not_picked":["Brutality","Bludgeon"],"picked":"Barricade"},{"not_picked":["Whirlwind","Cleave"],"picked":"Sword Boomerang"},{"not_picked":["Pummel","Anger"],"picked":"Seeing Red"},{"not_picked":["Carnage","Twin Strike"],"picked":"Pommel Strike"}],"player_experience":270568,"potions_floor_usage":[10,25,25,27,33],"damage_taken":[{"damage":1,"enemies":"Cultist","floor":1,"turns":3},{"damage":3,"enemies":"Jaw Worm","floor":3,"turns":4},{"damage":0,"enemies":"Small Slimes","floor":4,"turns":3},{"damage":3,"enemies":"Exordium Thugs","floor":5,"turns":4},{"damage":2,"enemies":"Red Slaver","floor":7,"turns":2},{"damage":19,"enemies":"Gremlin Nob","floor":10,"turns":5},{"damage":2,"enemies":"2 Fungi Beasts","floor":11,"turns":4},{"damage":14,"enemies":"Gremlin Gang","floor":13,"turns":5},{"damage":41,"enemies":"Hexaghost","floor":16,"turns":9},{"damage":8,"enemies":"Spheric Guardian","floor":18,"turns":4},{"damage":17,"enemies":"2 Thieves","floor":19,"turns":4},{"damage":27,"enemies":"Slaver and Parasite","floor":25,"turns":7},{"damage":33,"enemies":"Cultist and Chosen","floor":27,"turns":6},{"damage":23,"enemies":"Snecko","floor":29,"turns":4},{"damage":10,"enemies":"Chosen and Byrds","floor":31,"turns":5},{"damage":39,"enemies":"Champ","floor":33,"turns":8},{"damage":23,"enemies":"3 Darklings","floor":35,"turns":5},{"damage":21,"enemies":"3 Shapes","floor":38,"turns":4},{"damage":26,"enemies":"Sphere and 2 Shapes","floor":44,"turns":6},{"damage":25,"enemies":"4 Shapes","floor":45,"turns":8},{"damage":44,"enemies":"3 Darklings","floor":48,"turns":4}],"event_choices":[{"event_name":"Golden Shrine","player_choice":"Pray","floor":2,"damage_taken":0},{"event_name":"Accursed Blacksmith","player_choice":"Forge","floor":21,"damage_taken":0},{"event_name":"Upgrade Shrine","player_choice":"Upgraded","floor":24,"damage_taken":0},{"event_name":"Drug Dealer","player_choice":"Got JAXXED","floor":28,"damage_taken":0},{"event_name":"Mysterious Sphere","player_choice":"Ignore","floor":37,"damage_taken":0},{"event_name":"Tomb of Lord Red Mask","player_choice":"Ignored","floor":39,"damage_taken":0},{"event_name":"Winding Halls","player_choice":"Embrace Madness","floor":46,"damage_taken":0}],"boss_relics":[{"not_picked":["Orrery","Runic Dome"],"picked":"Runic Cube"},{"not_picked":["Runic Pyramid","Snecko Eye"],"picked":"Mark of Pain"}],"potions_floor_spawned":[5,7,10,16,25,33],"seed_played":"2581344236908350108","killed_by":"3 Darklings","ascension_level":0,"is_trial":false}