{"gold_per_floor":[114,131,147,147,157,157,171,171,171,171,182,216,216,65,65,162,162,172,87,117,42,42,42,42,61,137,137,137,170,189,80,80,180,180,200,200,216,262,282,282,298,314,314,160,176,186,186,204,204,204,204,204,12,46,46],"floor_reached":56,"playtime":2911,"items_purged":["Strike_G","Writhe"],"score":1311,"play_id":"715ff096-23cd-417e-8c1a-382ead3c9114","local_time":"20190407203727","is_ascension_mode":true,"campfire_choices":[{"data":"Neutralize","floor":6,"key":"SMITH"},{"data":"Prepared","floor":8,"key":"SMITH"},{"data":"Malaise","floor":10,"key":"SMITH"},{"data":"Footwork","floor":15,"key":"SMITH"},{"data":"Noxious Fumes","floor":23,"key":"SMITH"},{"data":"RitualDagger","floor":27,"key":"SMITH"},{"data":"Catalyst","floor":32,"key":"SMITH"},{"floor":40,"key":"REST"},{"floor":47,"key":"RECALL"},{"floor":49,"key":"REST"},{"floor":52,"key":"REST"}],"neow_cost":"NONE","seed_source_timestamp":101559512303609,"circlet_count":0,"master_deck":["Defend_G+1","Defend_G+1","Defend_G+1","Defend_G+1","Strike_G+1","Survivor","Neutralize+1","Poisoned Stab","Prepared+1","PiercingWail","Dagger Spray","Malaise+1","Footwork+1","Deflect","Envenom+1","Glass Knife","Calculated Gamble+1","Envenom+1","Grand Finale+1","All Out Attack+1","Noxious Fumes+1","RitualDagger+1","Catalyst+1","Outmaneuver+1","Crippling Poison+1","Tactician+1","Night Terror+1","Dodge and Roll+1","Calculated Gamble+1","Deflect+1","Footwork+1","Acrobatics+1","Corpse Explosion+1","Catalyst+1","Well Laid Plans","Blur+1","Dash+1","Setup+1","Bouncing Flask+1","Backflip+1","Master of Strategy+1","Concentrate+1"],"relics":["Ring of the Snake","Meat on the Bone","Anchor","Snake Skull","Astrolabe","Darkstone Periapt","Red Mask","Toxic Egg 2","Oddly Smooth Stone","The Courier","Fusion Hammer","StoneCalendar","Happy Flower"],"potions_floor_usage":[11,12,20,29,33,42,50,55,55],"damage_taken":[{"damage":1,"enemies":"Cultist","floor":1,"turns":3},{"damage":0,"enemies":"Small Slimes","floor":2,"turns":4},{"damage":1,"enemies":"2 Louse","floor":3,"turns":4},{"damage":7,"enemies":"Looter","floor":5,"turns":4},{"damage":5,"enemies":"Blue Slaver","floor":7,"turns":5},{"damage":3,"enemies":"3 Louse","floor":11,"turns":3},{"damage":19,"enemies":"3 Sentries","floor":12,"turns":10},{"damage":15,"enemies":"The Guardian","floor":16,"turns":11},{"damage":2,"enemies":"Chosen","floor":18,"turns":5},{"damage":0,"enemies":"Masked Bandits","floor":20,"turns":2},{"damage":11,"enemies":"2 Thieves","floor":25,"turns":4},{"damage":29,"enemies":"Slavers","floor":29,"turns":5},{"damage":0,"enemies":"Chosen and Byrds","floor":30,"turns":5},{"damage":0,"enemies":"Automaton","floor":33,"turns":10},{"damage":14,"enemies":"3 Darklings","floor":35,"turns":4},{"damage":0,"enemies":"Orb Walker","floor":37,"turns":4},{"damage":13,"enemies":"2 Orb Walkers","floor":38,"turns":5},{"damage":12,"enemies":"Maw","floor":39,"turns":5},{"damage":6,"enemies":"4 Shapes","floor":41,"turns":4},{"damage":17,"enemies":"Jaw Worm Horde","floor":42,"turns":4},{"damage":16,"enemies":"3 Darklings","floor":45,"turns":6},{"damage":3,"enemies":"Sphere and 2 Shapes","floor":46,"turns":6},{"damage":24,"enemies":"Maw","floor":48,"turns":8},{"damage":13,"enemies":"Donu and Deca","floor":50,"turns":3},{"damage":9,"enemies":"Shield and Spear","floor":54,"turns":4},{"damage":36,"enemies":"The Heart","floor":55,"turns":6}],"seed_played":"6667215133534596336","potions_obtained":[{"floor":3,"key":"Fire Potion"},{"floor":5,"key":"Ancient Potion"},{"floor":11,"key":"Regen Potion"},{"floor":16,"key":"AttackPotion"},{"floor":20,"key":"Regen Potion"},{"floor":25,"key":"PowerPotion"},{"floor":29,"key":"Fire Potion"},{"floor":33,"key":"Weak Potion"},{"floor":41,"key":"Energy Potion"},{"floor":42,"key":"FearPotion"},{"floor":46,"key":"Poison Potion"}],"is_trial":false,"path_per_floor":["M","M","M","?","M","R","M","R","T","R","M","E","?","$","R","B",null,"M","?","?","$","?","R","?","M","T","R","?","E","M","$","R","B",null,"M","?","M","?","M","R","M","M","T","$","M","M","R","M","R","B",null,"R","$","E","B",null],"character_chosen":"THE_SILENT","items_purchased":["Snake Skull","Tactician+1","Catalyst+1","Well Laid Plans","Blur+1","Backflip+1","Master of Strategy+1"],"campfire_rested":3,"item_purchase_floors":[14,31,44,44,44,53,53],"current_hp_per_floor":[69,69,68,68,61,61,56,56,56,56,53,49,49,49,49,46,70,68,68,68,68,68,68,62,51,51,51,57,42,42,42,42,42,76,62,62,62,49,49,71,65,48,48,48,44,41,41,29,51,50,76,76,76,67,43],"gold":46,"neow_bonus":"THREE_CARDS","is_prod":false,"is_daily":false,"chose_seed":false,"campfire_upgraded":7,"win_rate":0,"timestamp":1554640647,"path_taken":["M","M","M","?","M","R","?","R","T","R","M","E","?","?","R","BOSS","M","?","?","?","?","R","?","M","T","R","?","E","M","$","R","BOSS","M","?","M","?","M","R","M","M","T","$","?","M","R","M","R","BOSS","R","$","E","BOSS"],"build_version":"2019-01-23","purchased_purges":2,"victory":true,"max_hp_per_floor":[70,70,70,70,70,70,70,70,70,70,70,70,70,70,70,70,70,70,70,70,70,70,70,70,70,70,70,76,76,76,76,76,76,76,76,76,76,76,76,76,76,76,76,76,76,76,76,76,76,76,76,76,76,76,76],"card_choices":[{"not_picked":["Backflip","PiercingWail"],"picked":"Poisoned Stab","floor":0},{"not_picked":["PiercingWail","Reflex"],"picked":"Prepared","floor":1},{"not_picked":["Reflex","Blade Dance"],"picked":"PiercingWail","floor":2},{"not_picked":["Slice","Deflect"],"picked":"Dagger Spray","floor":3},{"not_picked":["Infinite Blades","Outmaneuver"],"picked":"Malaise","floor":5},{"not_picked":["Acrobatics","Underhanded Strike"],"picked":"Footwork","floor":7},{"not_picked":["Infinite Blades","Sucker Punch"],"picked":"Deflect","floor":11},{"not_picked":["Dodge and Roll","Riddle With Holes"],"picked":"Envenom","floor":12},{"not_picked":["Bullet Time","Envenom"],"picked":"Glass Knife","floor":16},{"not_picked":["Distraction+1","Prepared"],"picked":"All Out Attack+1","floor":18},{"not_picked":["Outmaneuver","Dagger Throw"],"picked":"Noxious Fumes","floor":20},{"not_picked":["PiercingWail+1","Masterful Stab+1"],"picked":"Catalyst","floor":25},{"not_picked":["Dodge and Roll+1","Malaise+1"],"picked":"Outmaneuver+1","floor":29},{"not_picked":["Accuracy","Expertise+1"],"picked":"Crippling Poison+1","floor":30},{"not_picked":["Doppelganger+1","Wraith Form v2"],"picked":"Night Terror+1","floor":33},{"not_picked":["Heel Hook","Acrobatics+1"],"picked":"Dodge and Roll+1","floor":35},{"not_picked":["Poisoned Stab","Sucker Punch+1"],"picked":"Calculated Gamble+1","floor":37},{"not_picked":["Dagger Spray","Cloak And Dagger+1"],"picked":"Deflect+1","floor":38},{"not_picked":["Prepared+1","Choke"],"picked":"Footwork+1","floor":39},{"not_picked":["Expertise+1","Heel Hook"],"picked":"Acrobatics+1","floor":41},{"not_picked":["Footwork+1","Dagger Throw+1"],"picked":"Corpse Explosion+1","floor":42},{"not_picked":["PiercingWail+1","Slice+1"],"picked":"Dash+1","floor":45},{"not_picked":["PiercingWail+1","Underhanded Strike"],"picked":"Setup+1","floor":46},{"not_picked":["Reflex+1","Sucker Punch"],"picked":"Bouncing Flask+1","floor":48},{"not_picked":["Reflex+1","Quick Slash"],"picked":"Concentrate+1","floor":54}],"player_experience":942006,"relics_obtained":[{"floor":9,"key":"Meat on the Bone"},{"floor":12,"key":"Anchor"},{"floor":20,"key":"Red Mask"},{"floor":26,"key":"Toxic Egg 2"},{"floor":29,"key":"The Courier"},{"floor":38,"key":"StoneCalendar"},{"floor":54,"key":"Happy Flower"}],"event_choices":[{"damage_healed":0,"gold_gain":0,"player_choice":"Bought 0 Potions","damage_taken":0,"max_hp_gain":0,"max_hp_loss":0,"event_name":"The Woman in Blue","floor":4,"gold_loss":0},{"damage_healed":0,"gold_gain":0,"player_choice":"Upgraded","damage_taken":0,"max_hp_gain":0,"max_hp_loss":0,"event_name":"Upgrade Shrine","floor":13,"gold_loss":0,"cards_upgraded":["Envenom"]},{"damage_healed":0,"gold_gain":0,"player_choice":"Obtained Relic","damage_taken":0,"relics_obtained":["Darkstone Periapt"],"max_hp_gain":0,"max_hp_loss":0,"event_name":"Addict","floor":19,"gold_loss":85},{"damage_healed":0,"gold_gain":0,"player_choice":"Fought Bandits","damage_taken":0,"max_hp_gain":0,"max_hp_loss":0,"event_name":"Masked Bandits","floor":20,"gold_loss":0},{"damage_healed":0,"gold_gain":0,"player_choice":"Simplicity","damage_taken":0,"max_hp_gain":0,"max_hp_loss":0,"event_name":"Back to Basics","floor":22,"gold_loss":0,"cards_upgraded":["Defend_G","Defend_G","Defend_G","Defend_G","Defend_G","Strike_G"]},{"damage_healed":0,"gold_gain":0,"player_choice":"Joined the Cult","damage_taken":6,"max_hp_gain":0,"max_hp_loss":0,"event_name":"Nest","floor":24,"gold_loss":0,"cards_obtained":["RitualDagger"]},{"damage_healed":0,"gold_gain":0,"player_choice":"Opened","damage_taken":0,"relics_obtained":["Oddly Smooth Stone"],"max_hp_gain":0,"max_hp_loss":0,"event_name":"The Mausoleum","floor":28,"gold_loss":0,"cards_obtained":["Writhe"]},{"cards_removed":["Defend_G"],"damage_healed":0,"gold_gain":0,"player_choice":"Removed Skill","damage_taken":0,"max_hp_gain":0,"max_hp_loss":0,"event_name":"Falling","floor":36,"gold_loss":0},{"damage_healed":0,"gold_gain":0,"player_choice":"Fight","damage_taken":0,"max_hp_gain":0,"max_hp_loss":0,"event_name":"Mysterious Sphere","floor":38,"gold_loss":0}],"is_beta":false,"boss_relics":[{"not_picked":["Runic Pyramid","Black Star"],"picked":"Astrolabe"},{"not_picked":["Tiny House","Lizard Tail"],"picked":"Fusion Hammer"}],"items_purged_floors":[21,31],"is_endless":false,"potions_floor_spawned":[3,5,11,16,20,25,29,33,41,42,46],"ascension_level":2}