{"gold_per_floor":[117,37,37,37,37,37,53,53,80,80,93,108,143,156,156,276,276,291,291,291,316,98,98,119,119,119,46,62,62,62,78,78,197,197,210,543,558,1557,594,594,624,635,635,635,635,635,635,648,648,648],"floor_reached":51,"playtime":1377,"items_purged":["Writhe","Normality"],"score":773,"play_id":"824a5fb5-2ce6-479a-af82-5ce29659ae6a","local_time":"20190320021121","is_ascension_mode":false,"campfire_choices":[{"data":"Zap","floor":6.0,"key":"SMITH"},{"data":"Defragment","floor":8.0,"key":"SMITH"},{"data":"Zap","floor":10.0,"key":"SMITH"},{"data":"Dualcast","floor":15.0,"key":"SMITH"},{"floor":23.0,"key":"REST"},{"floor":25.0,"key":"REST"},{"floor":29.0,"key":"REST"},{"floor":32.0,"key":"REST"},{"floor":40.0,"key":"REST"},{"floor":44.0,"key":"REST"},{"floor":47.0,"key":"REST"},{"floor":49.0,"key":"REST"}],"neow_cost":"TEN_PERCENT_HP_LOSS","seed_source_timestamp":3291308655345,"circlet_count":0,"master_deck":["Strike_B","Strike_B","Strike_B","Defend_B","Defend_B","Defend_B","Zap+1","Dualcast+1","Auto Shields","Multi-Cast","FTL","Defragment+1","Zap+1","Rainbow","White Noise","Conserve Battery","Compile Driver","Static Discharge","Loop","Fission","Hello World","Capacitor","Glacier","Buffer","Hello World+1","Heatsinks","Buffer","Ball Lightning","FTL+1","Biased Cognition","Storm+1","Normality","Capacitor","Transmutation","Aggregate+1","Conserve Battery"],"special_seed":0,"relics":["Cracked Core","Ancient Tea Set","Mummified Hand","Fusion Hammer","DataDisk","Pear","Philosopher\u0027s Stone","Blue Candle","Pen Nib","Sling","Frozen Egg 2","Bottled Tornado"],"potions_floor_usage":[50,50,50,50,50,50,50],"damage_taken":[{"damage":1.0,"enemies":"2 Louse","floor":1.0,"turns":3.0},{"damage":0.0,"enemies":"Jaw Worm","floor":7.0,"turns":3.0},{"damage":0.0,"enemies":"Small Slimes","floor":11.0,"turns":2.0},{"damage":13.0,"enemies":"Red Slaver","floor":12.0,"turns":3.0},{"damage":12.0,"enemies":"Lagavulin","floor":13.0,"turns":4.0},{"damage":0.0,"enemies":"2 Fungi Beasts","floor":14.0,"turns":3.0},{"damage":23.0,"enemies":"Slime Boss","floor":16.0,"turns":5.0},{"damage":0.0,"enemies":"Spheric Guardian","floor":18.0,"turns":3.0},{"damage":0.0,"enemies":"Shell Parasite","floor":21.0,"turns":5.0},{"damage":21.0,"enemies":"Centurion and Healer","floor":24.0,"turns":5.0},{"damage":9.0,"enemies":"Chosen and Byrds","floor":28.0,"turns":5.0},{"damage":8.0,"enemies":"Snecko","floor":31.0,"turns":4.0},{"damage":4.0,"enemies":"Champ","floor":33.0,"turns":10.0},{"damage":1.0,"enemies":"3 Shapes","floor":35.0,"turns":4.0},{"damage":0.0,"enemies":"Orb Walker","floor":37.0,"turns":2.0},{"damage":1.0,"enemies":"Nemesis","floor":41.0,"turns":5.0},{"damage":10.0,"enemies":"Sphere and 2 Shapes","floor":42.0,"turns":3.0},{"damage":13.0,"enemies":"4 Shapes","floor":48.0,"turns":3.0},{"damage":68,"enemies":"Time Eater","floor":50,"turns":9}],"seed_played":"284761275207391592","potions_obtained":[{"floor":1.0,"key":"Dexterity Potion"},{"floor":11.0,"key":"SpeedPotion"},{"floor":13.0,"key":"PowerPotion"},{"floor":18.0,"key":"Dexterity Potion"},{"floor":21.0,"key":"Dexterity Potion"},{"floor":46.0,"key":"FairyPotion"},{"floor":46.0,"key":"EntropicBrew"},{"floor":48.0,"key":"EntropicBrew"}],"is_trial":false,"path_per_floor":["M","$","?","?","?","R","M","R","T","R","M","M","E","M","R","B",null,"M","?","?","M","$","R","M","R","T","$","M","R","?","M","R","B",null,"M","?","M","?","$","R","E","M","T","R","?","?","R","M","R","B",null],"character_chosen":"DEFECT","items_purchased":["Defragment","Glacier","Buffer","Heatsinks","Blue Candle","Pen Nib","Sling","Capacitor","Transmutation"],"campfire_rested":8,"item_purchase_floors":[2,22,22,27,39,39,39,39,39],"current_hp_per_floor":[67,67,63,63,63,63,63,63,63,63,63,50,38,38,38,15,63,63,63,63,63,63,63,42,60,70,70,61,73,73,65,73,69,73,72,72,72,72,72,73,72,62,62,73,73,73,73,60,73,20],"gold":648,"neow_bonus":"TRANSFORM_TWO_CARDS","is_prod":false,"is_daily":false,"chose_seed":false,"campfire_upgraded":4,"win_rate":0,"timestamp":1553069481,"path_taken":["M","$","?","?","?","R","M","R","T","R","?","M","E","M","R","BOSS","M","?","?","M","?","R","M","R","T","$","?","R","?","M","R","BOSS","M","?","M","?","$","R","E","M","T","R","?","?","R","?","R","BOSS"],"build_version":"2019-01-23","purchased_purges":2,"victory":true,"max_hp_per_floor":[68,68,63,63,63,63,63,63,63,63,63,63,63,63,63,63,63,63,63,63,63,63,63,63,63,73,73,73,73,73,73,73,73,73,73,73,73,73,73,73,73,73,73,73,73,73,73,73,73,73],"card_choices":[{"not_picked":["Scrape","Stack"],"picked":"FTL","floor":1.0},{"not_picked":["Fusion","Scrape"],"picked":"White Noise","floor":7.0},{"not_picked":["Compile Driver","Hologram"],"picked":"Conserve Battery","floor":11.0},{"not_picked":["Aggregate","BootSequence"],"picked":"Compile Driver","floor":12.0},{"not_picked":["Meteor Strike","Stack"],"picked":"Static Discharge","floor":13.0},{"not_picked":["Conserve Battery","Genetic Algorithm"],"picked":"Loop","floor":14.0},{"not_picked":["Thunder Strike","Buffer"],"picked":"Fission","floor":16.0},{"not_picked":["Turbo","Loop"],"picked":"Hello World","floor":18.0},{"not_picked":["Beam Cell","Barrage"],"picked":"Capacitor","floor":21.0},{"not_picked":["Genetic Algorithm+1","Reinforced Body"],"picked":"Hello World+1","floor":24.0},{"not_picked":["Force Field","Double Energy"],"picked":"Buffer","floor":28.0},{"not_picked":["Barrage","Redo"],"picked":"FTL+1","floor":31.0},{"not_picked":["Seek","All For One"],"picked":"Biased Cognition","floor":33.0},{"not_picked":["Redo+1","Streamline+1"],"picked":"Storm+1","floor":35.0},{"not_picked":["Cold Snap+1","Beam Cell","Hologram"],"picked":"SKIP","floor":37.0},{"not_picked":["Lockon","Melter"],"picked":"Aggregate+1","floor":41.0},{"not_picked":["Sweeping Beam+1","Steam"],"picked":"Conserve Battery","floor":42.0},{"not_picked":["Rebound","Stack","Leap"],"picked":"SKIP","floor":48.0}],"player_experience":1081770,"relics_obtained":[{"floor":9.0,"key":"Ancient Tea Set"},{"floor":13.0,"key":"Mummified Hand"},{"floor":26.0,"key":"Pear"},{"floor":41.0,"key":"Frozen Egg 2"},{"floor":43.0,"key":"Bottled Tornado"}],"event_choices":[{"damage_healed":0.0,"max_hp_gain":0.0,"max_hp_loss":5.0,"gold_gain":0.0,"event_name":"Golden Idol","player_choice":"Lose Max HP","floor":3.0,"gold_loss":0.0,"damage_taken":0.0,"relics_obtained":["Golden Idol"]},{"damage_healed":0.0,"max_hp_gain":0.0,"max_hp_loss":0.0,"gold_gain":0.0,"event_name":"The Cleric","player_choice":"Leave","floor":4.0,"gold_loss":0.0,"damage_taken":0.0},{"damage_healed":0.0,"max_hp_gain":0.0,"max_hp_loss":0.0,"gold_gain":0.0,"event_name":"Match and Keep!","player_choice":"2 cards matched","floor":5.0,"gold_loss":0.0,"damage_taken":0.0,"cards_obtained":["Zap","Rainbow"]},{"damage_healed":0.0,"max_hp_gain":0.0,"max_hp_loss":0.0,"gold_gain":0.0,"event_name":"Vampires","player_choice":"Ignored","floor":19.0,"gold_loss":0.0,"damage_taken":0.0},{"damage_healed":0.0,"max_hp_gain":0.0,"max_hp_loss":0.0,"gold_gain":0.0,"event_name":"The Mausoleum","player_choice":"Opened","floor":20.0,"gold_loss":0.0,"damage_taken":0.0,"relics_obtained":["DataDisk"],"cards_obtained":["Writhe"]},{"damage_healed":0.0,"max_hp_gain":0.0,"max_hp_loss":0.0,"gold_gain":0.0,"event_name":"The Library","player_choice":"Read","floor":30.0,"gold_loss":0.0,"damage_taken":0.0,"cards_obtained":["Ball Lightning"]},{"damage_healed":0.0,"max_hp_gain":0.0,"max_hp_loss":0.0,"gold_gain":333.0,"event_name":"The Moai Head","player_choice":"Gave Idol","floor":36.0,"relics_lost":["Golden Idol"],"gold_loss":0.0,"damage_taken":0.0},{"damage_healed":0.0,"max_hp_gain":0.0,"max_hp_loss":0.0,"gold_gain":999.0,"event_name":"MindBloom","player_choice":"Gold","floor":38.0,"gold_loss":0.0,"damage_taken":0.0,"cards_obtained":["Normality","Normality"]},{"damage_healed":0.0,"max_hp_gain":0.0,"max_hp_loss":0.0,"gold_gain":0.0,"event_name":"Tomb of Lord Red Mask","player_choice":"Ignored","floor":45.0,"gold_loss":0.0,"damage_taken":0.0},{"damage_healed":0.0,"max_hp_gain":0.0,"max_hp_loss":0.0,"gold_gain":0.0,"event_name":"Lab","player_choice":"Got Potions","floor":46.0,"gold_loss":0.0,"damage_taken":0.0}],"is_beta":false,"boss_relics":[{"not_picked":["FrozenCore","Runic Pyramid"],"picked":"Fusion Hammer"},{"not_picked":["Eternal Feather","Black Star"],"picked":"Philosopher\u0027s Stone"}],"items_purged_floors":[22,39],"is_endless":false,"potions_floor_spawned":[1,11,13,18,21,31,33,41,42,48],"ascension_level":0}