{"gold_per_floor":[111,130,149,149,73,104,104,119,171,187,222,241,241,22,22,22],"floor_reached":16,"playtime":1816,"items_purged":["Strike_G"],"score":179,"play_id":"e466143c-7bb7-4d33-a1b9-118fd4e721b4","local_time":"20190331183603","is_ascension_mode":true,"campfire_choices":[{"data":"Deadly Poison","floor":7,"key":"SMITH"},{"data":"Footwork","floor":15,"key":"SMITH"}],"neow_cost":"NONE","seed_source_timestamp":430319754482552,"circlet_count":0,"master_deck":["AscendersBane","Defend_G","Defend_G","Defend_G","Defend_G","Defend_G+1","Strike_G","Strike_G","Strike_G","Strike_G","Survivor","Neutralize","Deadly Poison+1","Bane","Blade Dance","Cloak And Dagger","Footwork+1","Accuracy","PiercingWail+1","Catalyst","Poisoned Stab"],"relics":["Ring of the Snake","Golden Idol","Pear","War Paint","PreservedInsect","Ancient Tea Set"],"potions_floor_usage":[11],"damage_taken":[{"damage":1,"enemies":"Cultist","floor":1,"turns":5},{"damage":0,"enemies":"Jaw Worm","floor":2,"turns":3},{"damage":7,"enemies":"Small Slimes","floor":3,"turns":3},{"damage":37,"enemies":"Lagavulin","floor":6,"turns":8},{"damage":0,"enemies":"Looter","floor":8,"turns":4},{"damage":4,"enemies":"Large Slime","floor":10,"turns":6},{"damage":21,"enemies":"3 Sentries","floor":11,"turns":10},{"damage":0,"enemies":"2 Fungi Beasts","floor":12,"turns":4},{"damage":0,"enemies":"Slime Boss","floor":16,"turns":3}],"seed_played":"417374801813761400","potions_obtained":[{"floor":6,"key":"SteroidPotion"},{"floor":11,"key":"Dexterity Potion"},{"floor":12,"key":"Energy Potion"}],"is_trial":false,"path_per_floor":["M","M","M","?","$","E","R","M","T","M","E","M","?","$","R","B"],"character_chosen":"THE_SILENT","items_purchased":["Footwork","Ancient Tea Set"],"campfire_rested":0,"item_purchase_floors":[5,14],"current_hp_per_floor":[62,62,55,55,55,28,28,28,28,24,3,3,28,28,28,28],"gold":22,"neow_bonus":"THREE_CARDS","is_prod":false,"is_daily":false,"chose_seed":false,"campfire_upgraded":2,"win_rate":0,"timestamp":1554078963,"path_taken":["M","M","M","?","?","E","R","M","T","?","E","M","?","$","R","BOSS"],"build_version":"2019-01-23","purchased_purges":1,"victory":false,"max_hp_per_floor":[70,70,70,65,65,75,75,75,75,75,75,75,75,75,75,75],"card_choices":[{"not_picked":["Sucker Punch","Blade Dance"],"picked":"Deadly Poison","floor":0},{"not_picked":["Acrobatics","Blade Dance"],"picked":"Bane","floor":1},{"not_picked":["Eviscerate","Sucker Punch"],"picked":"Blade Dance","floor":2},{"not_picked":["Prepared","Choke"],"picked":"Cloak And Dagger","floor":3},{"not_picked":["Dagger Spray","Malaise"],"picked":"Accuracy","floor":6},{"not_picked":["Outmaneuver","Quick Slash"],"picked":"PiercingWail","floor":8},{"not_picked":["Caltrops","Slice"],"picked":"Catalyst","floor":10},{"not_picked":["Die Die Die","Sucker Punch"],"picked":"Poisoned Stab","floor":11},{"not_picked":["Deflect","Eviscerate","Acrobatics"],"picked":"SKIP","floor":12}],"player_experience":489788,"relics_obtained":[{"floor":6,"key":"Pear"},{"floor":9,"key":"War Paint"},{"floor":11,"key":"PreservedInsect"}],"event_choices":[{"damage_healed":0,"gold_gain":0,"player_choice":"Lose Max HP","damage_taken":0,"relics_obtained":["Golden Idol"],"max_hp_gain":0,"max_hp_loss":5,"event_name":"Golden Idol","floor":4,"gold_loss":0},{"damage_healed":25,"gold_gain":0,"player_choice":"Banana","damage_taken":0,"max_hp_gain":0,"max_hp_loss":0,"event_name":"Big Fish","floor":13,"gold_loss":0}],"is_beta":false,"boss_relics":[],"items_purged_floors":[14],"is_endless":false,"potions_floor_spawned":[6,11,12],"killed_by":"Slime Boss","ascension_level":12}