{"gold_per_floor":[119,119,119,142,162,180,180,180,180,200,224,239,259,278,278,409,409,427,421,421],"floor_reached":20,"playtime":1722,"items_purged":[],"score":172,"play_id":"79e98c70-8fd8-44c4-8fdc-9065a1503691","local_time":"20190911185052","is_ascension_mode":false,"campfire_choices":[{"data":"Eruption","floor":8,"key":"SMITH"},{"data":"Protect","floor":15,"key":"SMITH"}],"neow_cost":"NONE","seed_source_timestamp":1334127694200,"circlet_count":0,"master_deck":["Strike_P","Strike_P","Strike_P","Defend_P","Defend_P","Defend_P","Defend_P","Eruption+1","Vigilance","DeceiveReality","CutThroughFate","EmptyBody","Protect+1","Protect","Sanctity","Consecrate","Crescendo","Nirvana","PathToVictory","Devotion"],"relics":["Cursed Key","Golden Idol","SlaversCollar"],"potions_floor_usage":[13,14,14,19,19],"damage_taken":[{"damage":1,"enemies":"Jaw Worm","floor":1,"turns":2},{"damage":0,"enemies":"Small Slimes","floor":4,"turns":3},{"damage":0,"enemies":"2 Louse","floor":5,"turns":2},{"damage":0,"enemies":"Exordium Wildlife","floor":6,"turns":3},{"damage":3,"enemies":"Lots of Slimes","floor":10,"turns":7},{"damage":0,"enemies":"3 Louse","floor":11,"turns":3},{"damage":0,"enemies":"Blue Slaver","floor":12,"turns":4},{"damage":0,"enemies":"2 Fungi Beasts","floor":13,"turns":7},{"damage":0,"enemies":"Looter","floor":14,"turns":3},{"damage":30,"enemies":"The Guardian","floor":16,"turns":11},{"damage":5,"enemies":"Spheric Guardian","floor":18,"turns":4},{"damage":20,"enemies":"2 Thieves","floor":19,"turns":4},{"damage":60,"enemies":"Masked Bandits","floor":20,"turns":5}],"seed_played":"-8952697192391173667","potions_obtained":[{"floor":1,"key":"LiquidBronze"},{"floor":11,"key":"Regen Potion"},{"floor":12,"key":"SkillPotion"},{"floor":14,"key":"Regen Potion"},{"floor":18,"key":"Swift Potion"}],"is_trial":false,"path_per_floor":["M","?","?","M","M","M","?","R","T","M","M","M","M","M","R","B",null,"M","M","?"],"character_chosen":"WATCHER","items_purchased":[],"campfire_rested":0,"item_purchase_floors":[],"current_hp_per_floor":[64,64,48,48,48,48,53,53,53,50,50,50,65,65,65,35,70,65,59,0],"gold":421,"neow_bonus":"BOSS_RELIC","is_prod":false,"is_daily":false,"chose_seed":false,"campfire_upgraded":2,"win_rate":0.0,"timestamp":1568224252,"path_taken":["M","?","?","M","M","M","?","R","T","?","M","M","?","M","R","BOSS","M","M","?"],"build_version":"2019-09-10","purchased_purges":0,"victory":false,"max_hp_per_floor":[65,65,65,65,65,65,70,70,70,70,70,70,70,70,70,70,70,70,70,70],"card_choices":[{"not_picked":["JustLucky","WaveOfTheHand"],"picked":"DeceiveReality","floor":1},{"not_picked":["TalkToTheHand","EmptyMind"],"picked":"EmptyBody","floor":4},{"not_picked":["Halt","EmptyFist"],"picked":"Protect","floor":5},{"not_picked":["EmptyMind","LessonLearned","CutThroughFate"],"picked":"SKIP","floor":6},{"not_picked":["ClearTheMind","ThirdEye"],"picked":"Protect","floor":10},{"not_picked":["WreathOfFlame","BowlingBash"],"picked":"Sanctity","floor":11},{"not_picked":["ThirdEye","Weave","Meditate"],"picked":"SKIP","floor":12},{"not_picked":["FollowUp","EmptyBody"],"picked":"Consecrate","floor":13},{"not_picked":["Meditate","Weave"],"picked":"Crescendo","floor":14},{"not_picked":["Judgement","DevaForm"],"picked":"Nirvana","floor":16},{"not_picked":["BowlingBash","FlyingSleeves"],"picked":"PathToVictory","floor":18},{"not_picked":["FearNoEvil","Swivel"],"picked":"Devotion","floor":19}],"player_experience":203145,"relics_obtained":[],"event_choices":[{"damage_healed":0,"gold_gain":0,"cards_transformed":["Strike_P"],"player_choice":"Change","damage_taken":0,"max_hp_gain":0,"max_hp_loss":0,"event_name":"Living Wall","floor":2,"gold_loss":0,"cards_obtained":["CutThroughFate"]},{"damage_healed":0,"gold_gain":0,"player_choice":"Take Damage","damage_taken":16,"relics_obtained":["Golden Idol"],"max_hp_gain":0,"max_hp_loss":0,"event_name":"Golden Idol","floor":3,"gold_loss":0},{"damage_healed":0,"gold_gain":0,"player_choice":"Donut","damage_taken":0,"max_hp_gain":5,"max_hp_loss":0,"event_name":"Big Fish","floor":7,"gold_loss":0},{"damage_healed":0,"gold_gain":0,"player_choice":"Fought Bandits","damage_taken":0,"max_hp_gain":0,"max_hp_loss":0,"event_name":"Masked Bandits","floor":20,"gold_loss":0}],"is_beta":true,"boss_relics":[{"not_picked":["VioletLotus","Snecko Eye"],"picked":"SlaversCollar"}],"items_purged_floors":[],"is_endless":false,"potions_floor_spawned":[1,11,12,14,18],"killed_by":"Masked Bandits","ascension_level":0}