{"gold_per_floor":[115,125,137,157,175,175,205,205,262,274,274,16,16,49,49,148,148,159,159,173,192,0,0,11,11,37,37,1,36,52,52],"floor_reached":31,"playtime":1174,"items_purged":["Strike_P"],"score":428,"play_id":"1075bd97-4337-4548-ab6f-19262f2b0eb4","local_time":"20190913142649","is_ascension_mode":true,"campfire_choices":[{"data":"CarveReality","floor":6.0,"key":"SMITH"},{"data":"MasterReality","floor":8.0,"key":"SMITH"},{"data":"Eruption","floor":11.0,"key":"SMITH"},{"data":"CutThroughFate","floor":15.0,"key":"SMITH"},{"data":"Evaluate","floor":23.0,"key":"SMITH"},{"floor":25.0,"key":"REST"},{"data":"EmptyBody","floor":27.0,"key":"SMITH"}],"neow_cost":"NONE","seed_source_timestamp":0,"circlet_count":0,"master_deck":["Strike_P","Strike_P","Defend_P","Defend_P","Defend_P","Defend_P","Eruption+1","Vigilance+1","FearNoEvil","Evaluate+1","CutThroughFate+1","EmptyBody+1","CarveReality+1","MasterReality+1","Tantrum","Tantrum","Wish+1","Fasting+1","Establishment+1"],"special_seed":0,"relics":["PureWater","Juzu Bracelet","Tiny Chest","Frozen Egg 2","Omamori","Busted Crown","Membership Card","Dream Catcher","CeramicFish"],"potions_floor_usage":[],"damage_taken":[{"damage":2.0,"enemies":"Jaw Worm","floor":1.0,"turns":3.0},{"damage":0.0,"enemies":"Cultist","floor":2.0,"turns":2.0},{"damage":1.0,"enemies":"2 Louse","floor":3.0,"turns":2.0},{"damage":6.0,"enemies":"Exordium Thugs","floor":4.0,"turns":5.0},{"damage":0.0,"enemies":"3 Louse","floor":5.0,"turns":4.0},{"damage":4.0,"enemies":"Lagavulin","floor":7.0,"turns":6.0},{"damage":8.0,"enemies":"Lots of Slimes","floor":10.0,"turns":5.0},{"damage":10.0,"enemies":"3 Sentries","floor":14.0,"turns":4.0},{"damage":0.0,"enemies":"Slime Boss","floor":16.0,"turns":4.0},{"damage":0.0,"enemies":"Spheric Guardian","floor":18.0,"turns":1.0},{"damage":10.0,"enemies":"3 Byrds","floor":20.0,"turns":4.0},{"damage":18.0,"enemies":"3 Cultists","floor":21.0,"turns":5.0},{"damage":18.0,"enemies":"Snecko","floor":24.0,"turns":3.0},{"damage":0.0,"enemies":"Gremlin Leader","floor":29.0,"turns":3.0},{"damage":1.0,"enemies":"Sentry and Sphere","floor":30.0,"turns":8.0},{"damage":0,"enemies":"Slavers","floor":31,"turns":1}],"seed_played":"-3679918687383093657","potions_obtained":[{"floor":1.0,"key":"Strength Potion"},{"floor":4.0,"key":"SpeedPotion"},{"floor":10.0,"key":"LiquidBronze"},{"floor":16.0,"key":"FearPotion"},{"floor":24.0,"key":"Fruit Juice"},{"floor":30.0,"key":"Weak Potion"}],"is_trial":false,"path_per_floor":["M","M","M","M","M","R","E","R","T","M","R","$","?","E","R","B",null,"M","?","M","M","$","R","M","R","T","R","$","E","M","E"],"character_chosen":"WATCHER","items_purchased":["Frozen Egg 2","Membership Card","Establishment+1"],"campfire_rested":1,"item_purchase_floors":[12,22,28],"current_hp_per_floor":[63,63,62,56,56,56,52,52,52,44,44,44,44,34,34,34,57,57,57,47,29,29,29,16,37,37,37,37,37,36,36],"gold":52,"neow_bonus":"UPGRADE_CARD","is_prod":false,"is_daily":false,"chose_seed":false,"campfire_upgraded":6,"win_rate":0,"timestamp":1568352409,"path_taken":["M","M","M","M","M","R","E","R","T","M","R","$","?","E","R","BOSS","M","?","M","M","$","R","M","R","T","R","$","E","M","E"],"build_version":"2019-09-11v2","purchased_purges":1,"victory":false,"max_hp_per_floor":[65,65,65,65,65,65,65,65,65,65,65,65,65,65,65,65,65,65,65,65,65,65,65,70,70,70,70,70,70,70,70],"card_choices":[{"not_picked":["FlurryOfBlows","Protect"],"picked":"FearNoEvil","floor":1.0},{"not_picked":["Halt","ClearTheMind"],"picked":"Evaluate","floor":2.0},{"not_picked":["JustLucky","Sanctity"],"picked":"CutThroughFate","floor":3.0},{"not_picked":["CrushJoints","EmptyMind"],"picked":"EmptyBody","floor":4.0},{"not_picked":["JustLucky","Swivel"],"picked":"CarveReality","floor":5.0},{"not_picked":["Collect","Swivel"],"picked":"MasterReality","floor":7.0},{"not_picked":["CrushJoints","Scrawl"],"picked":"Tantrum","floor":10.0},{"not_picked":["FlyingSleeves","Consecrate","Scrawl"],"picked":"SKIP","floor":14.0},{"not_picked":["Unraveling","Brilliance"],"picked":"Wish","floor":16.0},{"not_picked":["PathToVictory"],"picked":"SKIP","floor":18.0},{"not_picked":[],"picked":"Fasting+1","floor":20.0},{"not_picked":["Collect+1"],"picked":"SKIP","floor":21.0},{"not_picked":["FollowUp"],"picked":"SKIP","floor":24.0},{"not_picked":["Weave"],"picked":"SKIP","floor":29.0},{"not_picked":["Wireheading+1"],"picked":"SKIP","floor":30.0}],"player_experience":617511,"relics_obtained":[{"floor":7.0,"key":"Juzu Bracelet"},{"floor":9.0,"key":"Tiny Chest"},{"floor":14.0,"key":"Omamori"},{"floor":26.0,"key":"Dream Catcher"},{"floor":29.0,"key":"CeramicFish"}],"event_choices":[{"damage_healed":0.0,"max_hp_gain":0.0,"max_hp_loss":0.0,"gold_gain":0.0,"cards_transformed":["Strike_P"],"event_name":"Transmorgrifier","player_choice":"Transformed","floor":13.0,"gold_loss":0.0,"damage_taken":0.0,"cards_obtained":["Tantrum"]},{"damage_healed":0.0,"max_hp_gain":0.0,"max_hp_loss":0.0,"gold_gain":0.0,"event_name":"Upgrade Shrine","player_choice":"Upgraded","floor":19.0,"gold_loss":0.0,"damage_taken":0.0,"cards_upgraded":["Wish"]}],"is_beta":true,"boss_relics":[{"not_picked":["Snecko Eye","Tiny House"],"picked":"Busted Crown"}],"items_purged_floors":[22],"is_endless":false,"potions_floor_spawned":[1,4,10,16,24,30],"killed_by":"Slavers","ascension_level":5}