{"gold_per_floor":[116,216,229,239,257,257,257,257,281,292,305,12,31,47,47,144,144,160,172,172,172,184,184,184,184,184,184,201,215,234,234,234,338,338,349,362,362,377,377],"floor_reached":39,"playtime":1011,"items_purged":[],"score":404,"play_id":"48b0cb48-ce95-491d-8b5a-7ffa8c02d49e","local_time":"20190405234430","is_ascension_mode":false,"campfire_choices":[{"floor":6,"key":"REST"},{"data":"Bash","floor":8,"key":"SMITH"},{"data":"Whirlwind","floor":15,"key":"SMITH"},{"data":"Uppercut","floor":23,"key":"SMITH"},{"data":"Inflame","floor":25,"key":"SMITH"},{"data":"Pummel","floor":27,"key":"SMITH"},{"floor":32,"key":"REST"}],"neow_cost":"NONE","seed_source_timestamp":427611127427700,"circlet_count":0,"master_deck":["Defend_R+1","Defend_R+1","Defend_R+1","Bash+1","Pummel+1","Infernal Blade+1","Shrug It Off+1","Whirlwind+1","Inflame+1","Anger","Feel No Pain","Bludgeon","Cleave+1","Reaper+1","Ghostly Armor+1","Uppercut+1","Pummel","Pommel Strike+1","Bite","Bite","Bite","Bite","Bite","Limit Break+1","Intimidate+1","Pummel"],"relics":["Burning Blood","PreservedInsect","Mango","Astrolabe","Magic Flower","Black Star","War Paint"],"potions_floor_usage":[5,11,16,19,28,33,33,33,33,33,39],"damage_taken":[{"damage":11,"enemies":"Jaw Worm","floor":1,"turns":5},{"damage":6,"enemies":"Cultist","floor":3,"turns":3},{"damage":17,"enemies":"Small Slimes","floor":4,"turns":3},{"damage":39,"enemies":"Exordium Thugs","floor":5,"turns":4},{"damage":10,"enemies":"2 Fungi Beasts","floor":10,"turns":3},{"damage":11,"enemies":"Exordium Wildlife","floor":11,"turns":6},{"damage":19,"enemies":"Blue Slaver","floor":13,"turns":3},{"damage":10,"enemies":"Lots of Slimes","floor":14,"turns":2},{"damage":53,"enemies":"The Guardian","floor":16,"turns":10},{"damage":20,"enemies":"Chosen","floor":18,"turns":5},{"damage":0,"enemies":"3 Byrds","floor":19,"turns":3},{"damage":24,"enemies":"Sentry and Sphere","floor":22,"turns":5},{"damage":0,"enemies":"Snake Plant","floor":28,"turns":3},{"damage":18,"enemies":"Chosen and Byrds","floor":29,"turns":7},{"damage":28,"enemies":"Centurion and Healer","floor":30,"turns":5},{"damage":120,"enemies":"Collector","floor":33,"turns":11},{"damage":40,"enemies":"3 Darklings","floor":35,"turns":5},{"damage":45,"enemies":"3 Shapes","floor":36,"turns":5},{"damage":30,"enemies":"3 Darklings","floor":38,"turns":5},{"damage":39,"enemies":"Jaw Worm Horde","floor":39,"turns":2}],"seed_played":"-8564650290136460816","potions_obtained":[{"floor":0,"key":"SmokeBomb"},{"floor":0,"key":"BloodPotion"},{"floor":0,"key":"Fire Potion"},{"floor":3,"key":"Swift Potion"},{"floor":10,"key":"Regen Potion"},{"floor":14,"key":"Explosive Potion"},{"floor":16,"key":"PowerPotion"},{"floor":22,"key":"EntropicBrew"},{"floor":28,"key":"Regen Potion"},{"floor":35,"key":"PowerPotion"},{"floor":38,"key":"GamblersBrew"}],"is_trial":false,"path_per_floor":["M","?","M","M","M","R","?","R","T","M","M","$","M","M","R","B",null,"M","M","?","?","M","R","?","R","T","R","M","M","M","?","R","B",null,"M","M","?","M","M"],"character_chosen":"IRONCLAD","items_purchased":["Mango"],"campfire_rested":2,"item_purchase_floors":[12],"current_hp_per_floor":[75,75,75,64,31,55,55,55,55,51,61,75,62,58,58,20,94,85,94,75,75,57,57,57,57,57,57,66,66,59,59,69,16,69,52,39,39,35,0],"gold":377,"neow_bonus":"THREE_SMALL_POTIONS","is_prod":false,"is_daily":false,"chose_seed":false,"campfire_upgraded":5,"win_rate":0,"timestamp":1554533070,"path_taken":["M","?","?","M","M","R","?","R","T","M","M","$","M","M","R","BOSS","M","M","?","?","M","R","?","R","T","R","M","?","M","?","R","BOSS","M","M","?","?","M"],"build_version":"2019-01-23","purchased_purges":0,"victory":false,"max_hp_per_floor":[80,80,80,80,80,80,80,80,80,80,80,94,94,94,94,94,94,94,94,99,99,99,99,99,99,99,99,99,99,99,69,69,69,69,69,69,69,69,69],"card_choices":[{"not_picked":["Clash","Rampage"],"picked":"Pummel","floor":1},{"not_picked":["Clothesline","Flex"],"picked":"Infernal Blade","floor":3},{"not_picked":["Flex","Body Slam","Warcry"],"picked":"SKIP","floor":4},{"not_picked":["Anger","Entrench"],"picked":"Shrug It Off","floor":5},{"not_picked":["Pummel","Flex"],"picked":"Whirlwind","floor":10},{"not_picked":["Juggernaut","Hemokinesis"],"picked":"Inflame","floor":11},{"not_picked":["Clash","Combust"],"picked":"Anger","floor":13},{"not_picked":["Fire Breathing","Heavy Blade"],"picked":"Feel No Pain","floor":14},{"not_picked":["Berserk","Double Tap"],"picked":"Bludgeon","floor":16},{"not_picked":["Whirlwind","Blood for Blood"],"picked":"Uppercut","floor":18},{"not_picked":["Pommel Strike","Sever Soul"],"picked":"Pummel","floor":19},{"not_picked":["Perfected Strike","Headbutt"],"picked":"Pommel Strike+1","floor":22},{"not_picked":["Second Wind","Iron Wave","Havoc"],"picked":"SKIP","floor":28},{"not_picked":["Entrench+1","Warcry"],"picked":"Sword Boomerang+1","floor":29},{"not_picked":["Ghostly Armor","Headbutt+1","Rage"],"picked":"SKIP","floor":30},{"not_picked":["Double Tap","Fiend Fire"],"picked":"Limit Break","floor":33},{"not_picked":["Perfected Strike","Havoc","Bloodletting+1"],"picked":"SKIP","floor":35},{"not_picked":["Power Through","Flex+1"],"picked":"Intimidate+1","floor":36},{"not_picked":["Anger","Rage+1"],"picked":"Pummel","floor":38}],"player_experience":1146462,"relics_obtained":[{"floor":9,"key":"PreservedInsect"},{"floor":26,"key":"Magic Flower"}],"event_choices":[{"damage_healed":0,"gold_gain":100,"player_choice":"Gold","damage_taken":0,"max_hp_gain":0,"max_hp_loss":0,"event_name":"Wheel of Change","floor":2,"gold_loss":0},{"damage_healed":0,"gold_gain":0,"player_choice":"Upgraded","damage_taken":0,"max_hp_gain":0,"max_hp_loss":0,"event_name":"Upgrade Shrine","floor":7,"gold_loss":0,"cards_upgraded":["Infernal Blade"]},{"damage_healed":0,"gold_gain":0,"player_choice":"Shed Blood","damage_taken":24,"max_hp_gain":5,"max_hp_loss":0,"event_name":"Forgotten Altar","floor":20,"gold_loss":0},{"damage_healed":0,"gold_gain":0,"player_choice":"Ignored","damage_taken":0,"max_hp_gain":0,"max_hp_loss":0,"event_name":"Ghosts","floor":21,"gold_loss":0},{"damage_healed":0,"gold_gain":0,"player_choice":"Simplicity","damage_taken":0,"max_hp_gain":0,"max_hp_loss":0,"event_name":"Back to Basics","floor":24,"gold_loss":0,"cards_upgraded":["Strike_R","Strike_R","Strike_R","Defend_R","Defend_R","Defend_R"]},{"damage_healed":0,"gold_gain":0,"player_choice":"Became a vampire","damage_taken":0,"max_hp_gain":0,"max_hp_loss":30,"event_name":"Vampires","floor":31,"gold_loss":0,"cards_obtained":["Bite","Bite","Bite","Bite","Bite"]},{"cards_removed":["Sword Boomerang"],"damage_healed":0,"gold_gain":0,"player_choice":"Gave Card","damage_taken":0,"relics_obtained":["War Paint"],"max_hp_gain":0,"max_hp_loss":0,"event_name":"WeMeetAgain","floor":37,"gold_loss":0}],"is_beta":false,"boss_relics":[{"not_picked":["Coffee Dripper","Eternal Feather"],"picked":"Astrolabe"},{"not_picked":["Runic Pyramid","Runic Dome"],"picked":"Black Star"}],"items_purged_floors":[],"is_endless":false,"potions_floor_spawned":[3,4,10,14,16,22,28,35,38],"killed_by":"Jaw Worm Horde","ascension_level":0}