{"gold_per_floor":[10,10,34,53,53,53,73,73,73,73,3,28,52,52,52,176,176,201,225,248,135,158,158,182,182,182,203,203,237,29,54,54,174,174,197,157,182,206,206,206,221,221,245,245,259,274,274,288,288,288],"floor_reached":51,"playtime":3654,"items_purged":["Unload"],"score":793,"play_id":"859160d7-f5a7-43fa-b08f-52d0b8396a0e","local_time":"20190906215602","is_ascension_mode":true,"campfire_choices":[{"data":"Skewer","floor":6,"key":"SMITH"},{"data":"Backflip","floor":8,"key":"SMITH"},{"data":"Neutralize","floor":10,"key":"SMITH"},{"data":"Noxious Fumes","floor":15,"key":"SMITH"},{"data":"Catalyst","floor":23,"key":"SMITH"},{"data":"Well Laid Plans","floor":25,"key":"SMITH"},{"data":"Doppelganger","floor":28,"key":"SMITH"},{"data":"Backflip","floor":32,"key":"SMITH"},{"data":"1","floor":40,"key":"LIFT"},{"data":"2","floor":42,"key":"LIFT"},{"data":"3","floor":47,"key":"LIFT"},{"floor":49,"key":"REST"}],"neow_cost":"NO_GOLD","seed_source_timestamp":3482671001300,"circlet_count":0,"master_deck":["Survivor","Neutralize+1","Skewer+1","Backflip+1","Backflip+1","Noxious Fumes+1","Die Die Die","PiercingWail","Doppelganger+1","Well Laid Plans+1","Deflect","Glass Knife+1","Terror","PiercingWail","Deflect+1","Escape Plan","Escape Plan","Catalyst+1","Corpse Explosion","Slice+1","Noxious Fumes","Night Terror","Backflip+1","Backflip+1","Backstab","Cloak And Dagger+1"],"relics":["Ring of the Snake","Golden Idol","Mercury Hourglass","Pandora\u0027s Box","Singing Bowl","Girya","Frozen Eye","Fusion Hammer","Dream Catcher"],"potions_floor_usage":[19,20,29,29,45,50,50],"damage_taken":[{"damage":0,"enemies":"Small Slimes","floor":1,"turns":4},{"damage":0,"enemies":"Jaw Worm","floor":3,"turns":4},{"damage":0,"enemies":"Cultist","floor":4,"turns":4},{"damage":0,"enemies":"Red Slaver","floor":7,"turns":4},{"damage":0,"enemies":"Exordium Wildlife","floor":12,"turns":5},{"damage":0,"enemies":"3 Louse","floor":13,"turns":2},{"damage":11,"enemies":"Hexaghost","floor":16,"turns":10},{"damage":0,"enemies":"Chosen","floor":18,"turns":3},{"damage":1,"enemies":"2 Thieves","floor":19,"turns":3},{"damage":0,"enemies":"Centurion and Healer","floor":20,"turns":4},{"damage":0,"enemies":"Sentry and Sphere","floor":22,"turns":5},{"damage":0,"enemies":"Snecko","floor":24,"turns":4},{"damage":0,"enemies":"Snake Plant","floor":27,"turns":3},{"damage":4,"enemies":"Slavers","floor":29,"turns":4},{"damage":4,"enemies":"Centurion and Healer","floor":31,"turns":3},{"damage":16,"enemies":"Automaton","floor":33,"turns":7},{"damage":1,"enemies":"3 Shapes","floor":35,"turns":2},{"damage":0,"enemies":"Orb Walker","floor":37,"turns":3},{"damage":2,"enemies":"3 Darklings","floor":38,"turns":2},{"damage":0,"enemies":"4 Shapes","floor":41,"turns":3},{"damage":12,"enemies":"Spire Growth","floor":45,"turns":4},{"damage":2,"enemies":"Sphere and 2 Shapes","floor":46,"turns":5},{"damage":0,"enemies":"Transient","floor":48,"turns":5},{"damage":35,"enemies":"Awakened One","floor":50,"turns":11}],"seed_played":"730542053528885523","potions_obtained":[{"floor":1,"key":"Poison Potion"},{"floor":3,"key":"GamblersBrew"},{"floor":18,"key":"Explosive Potion"},{"floor":20,"key":"Strength Potion"},{"floor":22,"key":"SteroidPotion"},{"floor":27,"key":"Explosive Potion"},{"floor":35,"key":"FairyPotion"},{"floor":41,"key":"PowerPotion"},{"floor":46,"key":"Energy Potion"}],"is_trial":false,"path_per_floor":["M","?","M","M","?","R","M","R","T","R","$","M","M","?","R","B",null,"M","M","M","$","M","R","M","R","T","M","R","E","$","M","R","B",null,"M","?","M","M","?","R","M","R","T","?","M","M","R","M","R","B",null],"character_chosen":"THE_SILENT","items_purchased":["Noxious Fumes","Catalyst","Frozen Eye"],"campfire_rested":1,"item_purchase_floors":[11,21,30],"current_hp_per_floor":[70,65,65,65,70,70,70,70,70,70,70,70,70,70,70,59,70,70,69,69,69,69,69,69,69,69,69,69,67,67,65,65,49,74,75,75,77,75,75,75,75,75,75,75,63,61,61,63,82,47],"gold":288,"neow_bonus":"REMOVE_TWO","is_prod":false,"is_daily":false,"chose_seed":false,"campfire_upgraded":8,"win_rate":0,"timestamp":1567803362,"path_taken":["M","?","M","M","?","R","M","R","T","R","$","M","M","?","R","BOSS","M","M","M","$","M","R","M","R","T","M","R","E","$","?","R","BOSS","M","?","M","?","?","R","M","R","T","?","M","?","R","M","R","BOSS"],"build_version":"2019-07-17","purchased_purges":1,"victory":true,"max_hp_per_floor":[70,65,65,65,70,70,70,70,70,70,70,70,70,70,70,70,70,70,70,70,70,70,70,70,70,70,70,70,72,72,74,74,74,74,76,76,78,78,78,78,78,78,78,78,78,78,78,80,82,82],"card_choices":[{"not_picked":["Endless Agony","Dagger Throw"],"picked":"Skewer","floor":1},{"not_picked":["Distraction","Reflex","Outmaneuver"],"picked":"SKIP","floor":3},{"not_picked":["Eviscerate","Finisher"],"picked":"Backflip","floor":4},{"not_picked":["Concentrate","Distraction"],"picked":"Backflip","floor":7},{"not_picked":["Distraction","Deflect"],"picked":"Die Die Die","floor":12},{"not_picked":["Setup","All Out Attack"],"picked":"PiercingWail","floor":13},{"not_picked":["Phantasmal Killer","Grand Finale"],"picked":"Doppelganger","floor":16},{"not_picked":["Bane","All Out Attack"],"picked":"Deflect+1","floor":18},{"not_picked":["Cloak And Dagger","Noxious Fumes"],"picked":"Escape Plan","floor":19},{"not_picked":["Outmaneuver+1","Choke"],"picked":"Escape Plan","floor":20},{"not_picked":["Tactician","Bane"],"picked":"Corpse Explosion","floor":22},{"not_picked":["Riddle With Holes","Poisoned Stab"],"picked":"Slice+1","floor":24},{"not_picked":["Poisoned Stab+1","Blur"],"picked":"Noxious Fumes","floor":27},{"not_picked":["Blade Dance","Outmaneuver","Dagger Spray"],"picked":"Singing Bowl","floor":29},{"not_picked":["Outmaneuver","Masterful Stab","Finisher"],"picked":"Singing Bowl","floor":31},{"not_picked":["A Thousand Cuts","Malaise"],"picked":"Night Terror","floor":33},{"not_picked":["Bane","Deflect+1","Poisoned Stab"],"picked":"Singing Bowl","floor":35},{"not_picked":["Terror","Calculated Gamble","Dagger Spray+1"],"picked":"Singing Bowl","floor":37},{"not_picked":["Flying Knee+1","Deflect+1"],"picked":"Backflip+1","floor":38},{"not_picked":["PiercingWail+1","Deadly Poison+1"],"picked":"Backflip+1","floor":41},{"not_picked":["Calculated Gamble","Bane"],"picked":"Backstab","floor":45},{"not_picked":["Masterful Stab","Prepared"],"picked":"Cloak And Dagger+1","floor":46},{"not_picked":["Slice+1","Prepared","Terror+1"],"picked":"Singing Bowl","floor":48},{"not_picked":["Dagger Throw+1","Outmaneuver","Flechettes+1"],"picked":"Singing Bowl","floor":49}],"player_experience":181176,"relics_obtained":[{"floor":9,"key":"Mercury Hourglass"},{"floor":26,"key":"Singing Bowl"},{"floor":29,"key":"Girya"},{"floor":43,"key":"Dream Catcher"}],"event_choices":[{"damage_healed":0,"gold_gain":0,"player_choice":"Lose Max HP","damage_taken":0,"relics_obtained":["Golden Idol"],"max_hp_gain":0,"max_hp_loss":5,"event_name":"Golden Idol","floor":2,"gold_loss":0},{"damage_healed":0,"gold_gain":0,"player_choice":"Donut","damage_taken":0,"max_hp_gain":5,"max_hp_loss":0,"event_name":"Big Fish","floor":5,"gold_loss":0},{"cards_removed":["Strike_G"],"damage_healed":0,"gold_gain":0,"player_choice":"Offered Basic","damage_taken":0,"max_hp_gain":0,"max_hp_loss":0,"event_name":"Bonfire Elementals","floor":14,"gold_loss":0},{"damage_healed":0,"gold_gain":0,"player_choice":"Upgrade","damage_taken":0,"max_hp_gain":0,"max_hp_loss":0,"event_name":"Designer","floor":36,"gold_loss":40,"cards_upgraded":["Glass Knife"]},{"cards_removed":["Crippling Poison"],"damage_healed":0,"gold_gain":0,"player_choice":"Removed Skill","damage_taken":0,"max_hp_gain":0,"max_hp_loss":0,"event_name":"Falling","floor":39,"gold_loss":0},{"damage_healed":0,"gold_gain":0,"player_choice":"Ignored","damage_taken":0,"max_hp_gain":0,"max_hp_loss":0,"event_name":"Tomb of Lord Red Mask","floor":44,"gold_loss":0}],"is_beta":false,"boss_relics":[{"not_picked":["WristBlade","HoveringKite"],"picked":"Pandora\u0027s Box"},{"not_picked":["Astrolabe","Calling Bell"],"picked":"Fusion Hammer"}],"items_purged_floors":[21],"is_endless":false,"potions_floor_spawned":[1,3,18,20,22,27,35,41,46],"ascension_level":4}