{"gold_per_floor":[111,126,137,57,71,105,105,115,160,192,192,220,236,236,236,332,332,345,345,345,345,45,73,73,101,101,113,113,38,57,70,70,167,167,187,197,197,210,6,6,0,0,0,0,0,16,33,63,63,63],"floor_reached":50,"playtime":2084,"items_purged":["Strike_P"],"score":611,"play_id":"a3cd694e-1f7f-4837-89f8-0ee0db4b937e","local_time":"20190910221014","is_ascension_mode":true,"campfire_choices":[{"data":"Ragnarok","floor":7.0,"key":"SMITH"},{"data":"Conclude","floor":11.0,"key":"SMITH"},{"floor":15.0,"key":"REST"},{"floor":24.0,"key":"REST"},{"data":"1","floor":28.0,"key":"LIFT"},{"data":"2","floor":32.0,"key":"LIFT"},{"data":"3","floor":40.0,"key":"LIFT"},{"data":"EmptyBody","floor":45.0,"key":"SMITH"},{"data":"ReachHeaven","floor":49.0,"key":"SMITH"}],"neow_cost":"NONE","seed_source_timestamp":0,"circlet_count":0,"master_deck":["Strike_P","Strike_P","Strike_P","Defend_P","Defend_P","Defend_P","Defend_P","Eruption","Vigilance","EmptyBody+1","Conclude+1","CutThroughFate","Ragnarok+1","Meditate","EmptyMind","EmptyFist","CarveReality","Protect","Devotion+1","Judgement","Worship","TalkToTheHand","Brilliance","Crescendo+1","WaveOfTheHand+1","ReachHeaven+1","Worship+1"],"special_seed":0,"relics":["HolyWater","NeowsBlessing","TungstenRod","Boot","Bottled Flame","Bag of Marbles","Eternal Feather","Girya","Blood Vial","Meat on the Bone","Sundial","Black Star","Pen Nib","Red Mask","White Beast Statue","PreservedInsect","Happy Flower"],"potions_floor_usage":[50,50,50],"damage_taken":[{"damage":0.0,"enemies":"Small Slimes","floor":1.0,"turns":1.0},{"damage":0.0,"enemies":"Cultist","floor":2.0,"turns":1.0},{"damage":0.0,"enemies":"2 Louse","floor":3.0,"turns":1.0},{"damage":11.0,"enemies":"Looter","floor":5.0,"turns":3.0},{"damage":28.0,"enemies":"Gremlin Nob","floor":6.0,"turns":3.0},{"damage":5.0,"enemies":"Exordium Thugs","floor":8.0,"turns":7.0},{"damage":21.0,"enemies":"Lagavulin","floor":10.0,"turns":4.0},{"damage":12.0,"enemies":"Gremlin Nob","floor":12.0,"turns":3.0},{"damage":0.0,"enemies":"3 Louse","floor":13.0,"turns":1.0},{"damage":38.0,"enemies":"Hexaghost","floor":16.0,"turns":10.0},{"damage":4.0,"enemies":"Spheric Guardian","floor":18.0,"turns":3.0},{"damage":56.0,"enemies":"Book of Stabbing","floor":23.0,"turns":6.0},{"damage":15.0,"enemies":"Slavers","floor":25.0,"turns":6.0},{"damage":0.0,"enemies":"Chosen","floor":27.0,"turns":3.0},{"damage":8.0,"enemies":"Centurion and Healer","floor":30.0,"turns":2.0},{"damage":25.0,"enemies":"Shelled Parasite and Fungi","floor":31.0,"turns":5.0},{"damage":45.0,"enemies":"Champ","floor":33.0,"turns":8.0},{"damage":23.0,"enemies":"Orb Walker","floor":35.0,"turns":4.0},{"damage":5.0,"enemies":"3 Shapes","floor":36.0,"turns":5.0},{"damage":11.0,"enemies":"Maw","floor":38.0,"turns":6.0},{"damage":6.0,"enemies":"3 Darklings","floor":46.0,"turns":3.0},{"damage":17.0,"enemies":"4 Shapes","floor":47.0,"turns":2.0},{"damage":0.0,"enemies":"Giant Head","floor":48.0,"turns":4.0},{"damage":62,"enemies":"Time Eater","floor":50,"turns":6}],"seed_played":"4262461945175542496","potions_obtained":[{"floor":2.0,"key":"Regen Potion"},{"floor":3.0,"key":"Regen Potion"},{"floor":5.0,"key":"PowerPotion"},{"floor":12.0,"key":"EssenceOfSteel"},{"floor":13.0,"key":"Energy Potion"},{"floor":18.0,"key":"Block Potion"},{"floor":30.0,"key":"Energy Potion"},{"floor":33.0,"key":"Poison Potion"},{"floor":35.0,"key":"SteroidPotion"},{"floor":46.0,"key":"Fire Potion"},{"floor":47.0,"key":"Explosive Potion"},{"floor":48.0,"key":"Block Potion"}],"is_trial":false,"path_per_floor":["M","M","M","$","M","E","R","M","T","E","R","E","M","?","R","B",null,"M","?","?","?","$","E","R","E","T","M","R","$","M","M","R","B",null,"M","M","$","M","$","R","?","?","T","$","R","M","M","E","R","B"],"character_chosen":"WATCHER","items_purchased":["Ragnarok","Girya","SteroidPotion","Pen Nib"],"campfire_rested":2,"item_purchase_floors":[4,22,39,39],"current_hp_per_floor":[65,65,65,65,54,26,26,65,65,44,44,32,32,32,51,13,65,61,61,61,61,61,5,36,23,23,37,49,49,43,32,44,13,65,42,39,39,42,42,57,57,57,57,57,62,56,41,43,58,0],"gold":63,"neow_bonus":"THREE_ENEMY_KILL","is_prod":false,"is_daily":false,"chose_seed":false,"campfire_upgraded":4,"win_rate":0,"timestamp":1568121014,"path_taken":["M","M","M","$","M","E","R","M","T","E","R","E","M","?","R","BOSS","M","?","?","?","$","E","R","E","T","?","R","$","M","M","R","BOSS","M","M","$","M","$","R","?","?","T","$","R","M","M","E","R","BOSS"],"build_version":"2019-09-09v2","purchased_purges":1,"victory":false,"max_hp_per_floor":[65,65,65,65,65,65,65,65,65,65,65,65,65,65,65,65,65,65,65,65,65,65,65,65,65,65,65,65,65,65,65,65,65,65,65,65,65,65,65,65,65,62,62,62,62,62,62,62,62,62],"card_choices":[{"not_picked":["ThirdEye","Sanctity"],"picked":"EmptyBody","floor":1.0},{"not_picked":["Tantrum","CutThroughFate"],"picked":"Conclude","floor":2.0},{"not_picked":["SpiritShield","Weave"],"picked":"CutThroughFate","floor":3.0},{"not_picked":["ClearTheMind","CrushJoints"],"picked":"Meditate","floor":5.0},{"not_picked":["Omniscience","CleanseEvil"],"picked":"EmptyMind","floor":6.0},{"not_picked":["StepAndStrike","InnerPeace"],"picked":"EmptyFist","floor":8.0},{"not_picked":["EmptyFist","InnerPeace"],"picked":"CarveReality","floor":10.0},{"not_picked":["Establishment","CrushJoints"],"picked":"Protect","floor":12.0},{"not_picked":["Crescendo","ClearTheMind"],"picked":"Devotion","floor":13.0},{"not_picked":["Metaphysics","Omniscience"],"picked":"Judgement","floor":16.0},{"not_picked":["FollowUp","JustLucky","Weave"],"picked":"SKIP","floor":18.0},{"not_picked":["SandsOfTime","Halt"],"picked":"Worship","floor":23.0},{"not_picked":["EmptyFist+1","SpiritShield","CutThroughFate"],"picked":"SKIP","floor":25.0},{"not_picked":["EmptyFist","Weave","WreathOfFlame+1"],"picked":"SKIP","floor":27.0},{"not_picked":["EmptyBody","EmptyMind"],"picked":"TalkToTheHand","floor":30.0},{"not_picked":["SignatureMove","Conclude","BowlingBash"],"picked":"SKIP","floor":31.0},{"not_picked":["Ragnarok","Omniscience"],"picked":"Brilliance","floor":33.0},{"not_picked":["ClearTheMind","FlyingSleeves","BowlingBash"],"picked":"SKIP","floor":35.0},{"not_picked":["FlyingSleeves+1","Establishment+1"],"picked":"Crescendo+1","floor":36.0},{"not_picked":["ThirdEye","Protect"],"picked":"WaveOfTheHand+1","floor":38.0},{"not_picked":["JustLucky","InnerPeace","FollowUp"],"picked":"SKIP","floor":46.0},{"not_picked":["Protect","StepAndStrike"],"picked":"ReachHeaven","floor":47.0},{"not_picked":["MentalFortress+1","EmptyFist+1"],"picked":"Worship+1","floor":48.0}],"player_experience":586366,"relics_obtained":[{"floor":6.0,"key":"TungstenRod"},{"floor":9.0,"key":"Boot"},{"floor":10.0,"key":"Bottled Flame"},{"floor":12.0,"key":"Bag of Marbles"},{"floor":23.0,"key":"Blood Vial"},{"floor":25.0,"key":"Meat on the Bone"},{"floor":26.0,"key":"Sundial"},{"floor":43.0,"key":"White Beast Statue"},{"floor":48.0,"key":"PreservedInsect"},{"floor":48.0,"key":"Happy Flower"}],"event_choices":[{"damage_healed":0.0,"max_hp_gain":0.0,"max_hp_loss":0.0,"gold_gain":0.0,"event_name":"Accursed Blacksmith","player_choice":"Forge","floor":14.0,"gold_loss":0.0,"damage_taken":0.0,"cards_upgraded":["Devotion"]},{"damage_healed":0.0,"max_hp_gain":0.0,"max_hp_loss":0.0,"gold_gain":0.0,"event_name":"Ghosts","player_choice":"Ignored","floor":19.0,"gold_loss":0.0,"damage_taken":0.0},{"damage_healed":0.0,"max_hp_gain":0.0,"max_hp_loss":0.0,"gold_gain":0.0,"event_name":"The Mausoleum","player_choice":"Opened","floor":20.0,"gold_loss":0.0,"damage_taken":0.0,"relics_obtained":["Eternal Feather"]},{"damage_healed":0.0,"max_hp_gain":0.0,"max_hp_loss":0.0,"gold_gain":0.0,"event_name":"Match and Keep!","player_choice":"0 cards matched","floor":21.0,"gold_loss":0.0,"damage_taken":0.0,"cards_obtained":[]},{"damage_healed":0.0,"max_hp_gain":0.0,"max_hp_loss":0.0,"gold_gain":0.0,"event_name":"Tomb of Lord Red Mask","player_choice":"Paid","floor":41.0,"gold_loss":6.0,"damage_taken":0.0,"relics_obtained":["Red Mask"]},{"damage_healed":0.0,"max_hp_gain":0.0,"max_hp_loss":3.0,"gold_gain":0.0,"event_name":"Winding Halls","player_choice":"Max HP","floor":42.0,"gold_loss":0.0,"damage_taken":0.0}],"is_beta":true,"boss_relics":[{"not_picked":["Calling Bell","Coffee Dripper"],"picked":"HolyWater"},{"not_picked":["Tiny House","SacredBark"],"picked":"Black Star"}],"items_purged_floors":[29],"is_endless":false,"potions_floor_spawned":[2,3,5,12,13,18,30,33,35,46,47,48],"killed_by":"Time Eater","ascension_level":2}