{"gold_per_floor":[113,123,123,123,135,135,162,162,188,188,215,228,228,256,256,333,333,344,344,362,362],"floor_reached":21,"playtime":867,"items_purged":[],"score":345,"play_id":"7b627114-a2da-4689-8a35-3965fb244cfd","local_time":"20190119001543","is_ascension_mode":true,"campfire_choices":[{"data":"Doom and Gloom","floor":6,"key":"SMITH"},{"floor":8,"key":"REST"},{"floor":10,"key":"REST"},{"floor":13,"key":"REST"},{"floor":15,"key":"REST"}],"neow_cost":"TEN_PERCENT_HP_LOSS","seed_source_timestamp":515935652972900,"circlet_count":0,"master_deck":["AscendersBane","Strike_B","Strike_B","Strike_B","Defend_B","Defend_B","Defend_B","Defend_B","Zap","Dualcast","Doom and Gloom+1","Loop","Leap","Conserve Battery","Cold Snap","Capacitor","Creative AI","Beam Cell+1"],"relics":["Cracked Core","StoneCalendar","DataDisk","Omamori","Pear","Juzu Bracelet","Snecko Eye"],"potions_floor_usage":[7,14,21,21],"damage_taken":[{"damage":0,"enemies":"Cultist","floor":1,"turns":3},{"damage":4,"enemies":"Small Slimes","floor":2,"turns":3},{"damage":9,"enemies":"2 Louse","floor":5,"turns":2},{"damage":45,"enemies":"Gremlin Nob","floor":7,"turns":5},{"damage":28,"enemies":"3 Sentries","floor":11,"turns":4},{"damage":0,"enemies":"Blue Slaver","floor":12,"turns":3},{"damage":22,"enemies":"Gremlin Nob","floor":14,"turns":5},{"damage":4,"enemies":"The Guardian","floor":16,"turns":8},{"damage":13,"enemies":"Chosen","floor":18,"turns":7},{"damage":38,"enemies":"Colosseum Slavers","floor":19,"turns":7},{"damage":11,"enemies":"Spheric Guardian","floor":20,"turns":5},{"damage":6,"enemies":"Centurion and Healer","floor":21,"turns":1}],"seed_played":"7749992822603292740","potions_obtained":[{"floor":1,"key":"AttackPotion"},{"floor":5,"key":"PowerPotion"},{"floor":14,"key":"LiquidBronze"},{"floor":16,"key":"Dexterity Potion"},{"floor":20,"key":"EntropicBrew"}],"is_trial":false,"path_per_floor":["M","M","?","?","M","R","E","R","T","R","E","M","R","E","R","B",null,"M","?","M","M"],"character_chosen":"DEFECT","items_purchased":[],"campfire_rested":4,"item_purchase_floors":[],"current_hp_per_floor":[64,60,60,60,51,51,6,25,25,44,26,26,48,26,48,44,67,54,16,5,0],"gold":362,"neow_bonus":"ONE_RARE_RELIC","is_prod":false,"is_daily":false,"chose_seed":false,"campfire_upgraded":1,"win_rate":0,"timestamp":1547885743,"path_taken":["M","M","?","?","M","R","E","R","T","R","E","?","R","E","R","BOSS","M","?","M","M"],"build_version":"2019-01-17v2","purchased_purges":0,"victory":false,"max_hp_per_floor":[64,64,64,64,64,64,64,64,64,64,74,74,74,74,74,74,74,74,74,74,74],"card_choices":[{"not_picked":["Fusion","Sunder"],"picked":"Doom and Gloom","floor":1},{"not_picked":["Rebound","Reprogram"],"picked":"Loop","floor":2},{"not_picked":["Sweeping Beam","Streamline"],"picked":"Leap","floor":5},{"not_picked":["Skim","Steam"],"picked":"Conserve Battery","floor":7},{"not_picked":["Darkness","Heatsinks"],"picked":"Cold Snap","floor":11},{"not_picked":["Redo","Stack"],"picked":"Capacitor","floor":12},{"not_picked":["Capacitor","Streamline","Meteor Strike"],"picked":"SKIP","floor":14},{"not_picked":["Fission","Biased Cognition"],"picked":"Creative AI","floor":16},{"not_picked":["Go for the Eyes","Steam"],"picked":"Beam Cell+1","floor":18},{"not_picked":["Coolheaded","Beam Cell+1","Double Energy"],"picked":"SKIP","floor":20}],"player_experience":869336,"relics_obtained":[{"floor":7,"key":"DataDisk"},{"floor":9,"key":"Omamori"},{"floor":11,"key":"Pear"},{"floor":14,"key":"Juzu Bracelet"}],"event_choices":[{"damage_healed":0,"gold_gain":0,"player_choice":"Ignored","damage_taken":0,"max_hp_gain":0,"max_hp_loss":0,"event_name":"Liars Game","floor":3,"gold_loss":0},{"cards_removed":["Strike_B"],"damage_healed":0,"gold_gain":0,"player_choice":"Offered Basic","damage_taken":0,"max_hp_gain":0,"max_hp_loss":0,"event_name":"Bonfire Elementals","floor":4,"gold_loss":0},{"damage_healed":0,"gold_gain":0,"player_choice":"Fight","damage_taken":0,"max_hp_gain":0,"max_hp_loss":0,"event_name":"Colosseum","floor":19,"gold_loss":0},{"damage_healed":0,"gold_gain":0,"player_choice":"Fled From Nobs","damage_taken":0,"max_hp_gain":0,"max_hp_loss":0,"event_name":"Colosseum","floor":19,"gold_loss":0}],"is_beta":false,"boss_relics":[{"not_picked":["Inserter","Tiny House"],"picked":"Snecko Eye"}],"items_purged_floors":[],"is_endless":false,"potions_floor_spawned":[1,5,14,16,19,20],"killed_by":"Centurion and Healer","ascension_level":15}