{"gold_per_floor":[113,113,129,145,156,189,189,204,249,277,277,163,163,182,182,284,284,296,296,309,309,326,361,377,377,430,430,450,464,464,489,489,594,594,613,613,358,375,394,394,406,420,466,466],"floor_reached":44,"playtime":1855,"items_purged":["Strike_P","Defend_P"],"score":896,"play_id":"762c1a1c-ffcc-47a2-bbf0-d45e184fb7cc","local_time":"20190914025913","is_ascension_mode":true,"campfire_choices":[{"data":"Vigilance","floor":7.0,"key":"SMITH"},{"data":"WreathOfFlame","floor":11.0,"key":"SMITH"},{"data":"CarveReality","floor":13.0,"key":"SMITH"},{"data":"DeceiveReality","floor":15.0,"key":"SMITH"},{"data":"Ragnarok","floor":25.0,"key":"SMITH"},{"floor":27.0,"key":"REST"},{"floor":30.0,"key":"REST"},{"floor":32.0,"key":"REST"},{"floor":40.0,"key":"REST"}],"neow_cost":"NONE","seed_source_timestamp":109132375646651,"circlet_count":0,"master_deck":["Defend_P","Defend_P","Defend_P","Eruption","Vigilance+1","WreathOfFlame+1","DeceiveReality+1","ClearTheMind","TalkToTheHand","FlyingSleeves","FlyingSleeves","CarveReality+1","CutThroughFate","Ragnarok+1","Protect","MentalFortress","ThirdEye","FearNoEvil+1","EmptyBody","CutThroughFate+1","Protect+1","Conclude+1","Devotion+1","EmptyMind+1","BattleHymn","CutThroughFate+1","Establishment+1"],"special_seed":0,"relics":["PureWater","Blood Vial","Boot","Shuriken","Bag of Marbles","Strawberry","Philosopher\u0027s Stone","Orichalcum","Art of War","Ancient Tea Set","Astrolabe","CeramicFish"],"potions_floor_usage":[],"damage_taken":[{"damage":0.0,"enemies":"Small Slimes","floor":1.0,"turns":3.0},{"damage":2.0,"enemies":"Cultist","floor":3.0,"turns":3.0},{"damage":2.0,"enemies":"Jaw Worm","floor":4.0,"turns":3.0},{"damage":10.0,"enemies":"2 Fungi Beasts","floor":5.0,"turns":2.0},{"damage":23.0,"enemies":"Gremlin Nob","floor":6.0,"turns":4.0},{"damage":1.0,"enemies":"Red Slaver","floor":8.0,"turns":6.0},{"damage":6.0,"enemies":"Lagavulin","floor":10.0,"turns":6.0},{"damage":11.0,"enemies":"Gremlin Gang","floor":14.0,"turns":3.0},{"damage":0.0,"enemies":"Slime Boss","floor":16.0,"turns":3.0},{"damage":0.0,"enemies":"Spheric Guardian","floor":18.0,"turns":2.0},{"damage":0.0,"enemies":"Shell Parasite","floor":20.0,"turns":2.0},{"damage":0.0,"enemies":"Snecko","floor":22.0,"turns":2.0},{"damage":24.0,"enemies":"Book of Stabbing","floor":23.0,"turns":3.0},{"damage":0.0,"enemies":"Shelled Parasite and Fungi","floor":24.0,"turns":1.0},{"damage":25.0,"enemies":"Centurion and Healer","floor":28.0,"turns":5.0},{"damage":0.0,"enemies":"Sentry and Sphere","floor":29.0,"turns":2.0},{"damage":16.0,"enemies":"Slavers","floor":31.0,"turns":6.0},{"damage":36.0,"enemies":"Champ","floor":33.0,"turns":10.0},{"damage":0.0,"enemies":"Orb Walker","floor":35.0,"turns":3.0},{"damage":8.0,"enemies":"3 Shapes","floor":38.0,"turns":2.0},{"damage":22.0,"enemies":"Writhing Mass","floor":39.0,"turns":6.0},{"damage":8.0,"enemies":"4 Shapes","floor":41.0,"turns":9.0},{"damage":26,"enemies":"Sphere and 2 Shapes","floor":42,"turns":10},{"damage":40,"enemies":"Writhing Mass","floor":44,"turns":4}],"seed_played":"-8241079433217080809","potions_obtained":[{"floor":1.0,"key":"Regen Potion"},{"floor":5.0,"key":"Strength Potion"},{"floor":6.0,"key":"SkillPotion"},{"floor":8.0,"key":"Weak Potion"},{"floor":14.0,"key":"SkillPotion"},{"floor":16.0,"key":"StancePotion"},{"floor":20.0,"key":"SteroidPotion"},{"floor":22.0,"key":"Swift Potion"},{"floor":23.0,"key":"SkillPotion"},{"floor":31.0,"key":"Block Potion"},{"floor":33.0,"key":"LiquidBronze"},{"floor":35.0,"key":"DuplicationPotion"},{"floor":39.0,"key":"SpeedPotion"}],"is_trial":false,"path_per_floor":["M","?","M","M","M","E","R","M","T","E","R","$","R","M","R","B",null,"M","?","M","?","M","E","M","R","T","R","M","M","R","E","R","B",null,"M","?","$","M","M","R","M","M","T","M"],"character_chosen":"WATCHER","items_purchased":["CarveReality","BattleHymn"],"campfire_rested":4,"item_purchase_floors":[12,37],"current_hp_per_floor":[61,61,61,61,53,32,32,48,48,51,51,51,51,42,42,44,65,67,67,69,56,58,36,38,38,38,61,38,40,63,49,72,38,67,69,69,69,63,43,66,60,36,36,0],"gold":466,"neow_bonus":"RANDOM_COMMON_RELIC","is_prod":false,"is_daily":false,"chose_seed":false,"campfire_upgraded":5,"win_rate":0,"timestamp":1568397553,"path_taken":["M","?","M","?","M","E","R","M","T","E","R","$","R","M","R","BOSS","M","?","M","?","M","E","M","R","T","R","M","M","R","E","R","BOSS","M","?","$","?","?","R","M","M","T","M"],"build_version":"2019-09-12","purchased_purges":2,"victory":false,"max_hp_per_floor":[65,65,65,65,65,65,65,65,65,72,72,72,72,72,72,72,72,72,72,72,77,77,77,77,77,77,77,77,77,77,77,77,77,77,77,77,77,77,77,77,77,77,77,77],"card_choices":[{"not_picked":["SpiritShield","Scrawl"],"picked":"EmptyFist","floor":1.0},{"not_picked":["ClearTheMind","PathToVictory"],"picked":"WreathOfFlame","floor":3.0},{"not_picked":["BowlingBash","Perseverance"],"picked":"DeceiveReality","floor":4.0},{"not_picked":["FollowUp","Prostrate"],"picked":"ClearTheMind","floor":5.0},{"not_picked":["Fasting","Devotion"],"picked":"TalkToTheHand","floor":6.0},{"not_picked":["CleanseEvil","SandsOfTime"],"picked":"FlyingSleeves","floor":8.0},{"not_picked":["FollowUp","Protect"],"picked":"FlyingSleeves","floor":10.0},{"not_picked":["FlowState","Sanctity"],"picked":"CutThroughFate","floor":14.0},{"not_picked":["Wish","BattleHymn"],"picked":"Ragnarok","floor":16.0},{"not_picked":["PathToVictory","Sanctity"],"picked":"Protect","floor":18.0},{"not_picked":["EmptyMind","EmptyBody+1"],"picked":"MentalFortress","floor":20.0},{"not_picked":["Prostrate","FlurryOfBlows"],"picked":"ThirdEye","floor":22.0},{"not_picked":["Tantrum","Ragnarok"],"picked":"FearNoEvil+1","floor":23.0},{"not_picked":["Weave","Crescendo","Perseverance"],"picked":"SKIP","floor":24.0},{"not_picked":["ForeignInfluence","Protect"],"picked":"EmptyBody","floor":28.0},{"not_picked":["Protect","WaveOfTheHand+1"],"picked":"CutThroughFate+1","floor":29.0},{"not_picked":["Crescendo","StepAndStrike+1","Protect"],"picked":"SKIP","floor":31.0},{"not_picked":["Protect","Prostrate"],"picked":"EmptyMind+1","floor":35.0},{"not_picked":["Collect","FollowUp+1"],"picked":"CutThroughFate+1","floor":38.0},{"not_picked":["CarveReality","FlurryOfBlows+1","DeusExMachina"],"picked":"SKIP","floor":39.0},{"not_picked":["ForeignInfluence+1","Sanctity"],"picked":"Establishment+1","floor":41.0},{"not_picked":["Weave","Prostrate","EmptyBody+1"],"picked":"SKIP","floor":42}],"player_experience":628853,"relics_obtained":[{"floor":6.0,"key":"Shuriken"},{"floor":9.0,"key":"Bag of Marbles"},{"floor":10.0,"key":"Strawberry"},{"floor":23.0,"key":"Orichalcum"},{"floor":26.0,"key":"Art of War"},{"floor":31.0,"key":"Ancient Tea Set"},{"floor":43,"key":"CeramicFish"}],"event_choices":[{"cards_removed":["EmptyFist"],"damage_healed":0.0,"max_hp_gain":0.0,"max_hp_loss":0.0,"gold_gain":0.0,"event_name":"WeMeetAgain","player_choice":"Gave Card","floor":2.0,"gold_loss":0.0,"damage_taken":0.0,"relics_obtained":["Boot"]},{"damage_healed":0.0,"max_hp_gain":0.0,"max_hp_loss":0.0,"gold_gain":0.0,"event_name":"Ghosts","player_choice":"Ignored","floor":19.0,"gold_loss":0.0,"damage_taken":0.0},{"damage_healed":0.0,"max_hp_gain":5.0,"max_hp_loss":0.0,"gold_gain":0.0,"event_name":"Forgotten Altar","player_choice":"Shed Blood","floor":21.0,"gold_loss":0.0,"damage_taken":18.0},{"damage_healed":0.0,"max_hp_gain":0.0,"max_hp_loss":0.0,"gold_gain":0.0,"event_name":"SecretPortal","player_choice":"Ignored","floor":36.0,"gold_loss":0.0,"damage_taken":0.0}],"is_beta":true,"boss_relics":[{"not_picked":["Empty Cage","Sozu"],"picked":"Philosopher\u0027s Stone"},{"not_picked":["Busted Crown","SlaversCollar"],"picked":"Astrolabe"}],"items_purged_floors":[12,37],"is_endless":false,"potions_floor_spawned":[1,5,6,8,14,16,20,22,23,31,33,35,39],"killed_by":"Writhing Mass","ascension_level":7}