{"gold_per_floor":[361,361,375,375,387,399,438,450,540,585,597,140,153,199,199,304,304,318,10,10,10,10,337,337,370,397,397,413,413,413,425,425,425],"floor_reached":33,"playtime":1337,"items_purged":["Normality","Parasite"],"score":484,"play_id":"56ede09a-a43a-4bf4-a5bb-0668e4c3360e","local_time":"20180807200337","is_ascension_mode":true,"campfire_choices":[{"data":"Bash","floor":6,"key":"SMITH"},{"floor":8,"key":"REST"},{"floor":11,"key":"REST"},{"data":"Spot Weakness","floor":15,"key":"SMITH"},{"floor":24,"key":"REST"},{"data":"RitualDagger","floor":27,"key":"SMITH"},{"data":"True Grit","floor":29,"key":"SMITH"},{"data":"Inflame","floor":32,"key":"SMITH"}],"neow_cost":"CURSE","seed_source_timestamp":0,"circlet_count":0,"master_deck":["Strike_R","Strike_R","Strike_R","Strike_R","Defend_R","Defend_R","Defend_R","Defend_R","Bash+1","AscendersBane","Heavy Blade","Pommel Strike","Twin Strike","Immolate","Dual Wield","Spot Weakness+1","Double Tap","Mayhem","RitualDagger+1","Flash of Steel","True Grit+1","Inflame+1","Pummel"],"special_seed":0,"relics":["Burning Blood","Ice Cream","MawBank","Dream Catcher","Gremlin Horn","Incense Burner","Bag of Preparation","Anchor","Oddly Smooth Stone","Sozu","Old Coin","Mummified Hand","Omamori"],"potions_floor_usage":[33],"damage_taken":[{"damage":1.0,"enemies":"Cultist","floor":1.0,"turns":4.0},{"damage":9,"enemies":"Jaw Worm","floor":3,"turns":3},{"damage":32,"enemies":"Gremlin Nob","floor":7,"turns":4},{"damage":45,"enemies":"3 Sentries","floor":10,"turns":11},{"damage":0,"enemies":"2 Louse","floor":13,"turns":2},{"damage":55,"enemies":"Hexaghost","floor":16,"turns":9},{"damage":0,"enemies":"Chosen","floor":18,"turns":3},{"damage":15,"enemies":"Slavers","floor":23,"turns":4},{"damage":26,"enemies":"Book of Stabbing","floor":25,"turns":5},{"damage":1,"enemies":"Shell Parasite","floor":28,"turns":3},{"damage":0,"enemies":"Cultist and Chosen","floor":31,"turns":4},{"damage":64,"enemies":"Automaton","floor":33,"turns":6}],"seed_played":"-8428892876559995018","potions_obtained":[{"floor":10,"key":"Fire Potion"},{"floor":16,"key":"Block Potion"}],"is_trial":false,"path_per_floor":["M","?","M","T","$","R","E","R","T","E","R","$","M","T","R","B",null,"M","$","?","?","?","E","R","E","T","R","M","R","?","M","R"],"character_chosen":"IRONCLAD","items_purchased":["Bag of Preparation","Anchor","Dual Wield","Mayhem"],"campfire_rested":3,"item_purchase_floors":[12,12,12,19],"current_hp_per_floor":[77,77,74,74,74,74,48,72,72,33,57,57,63,63,63,14,64,70,70,70,64,50,41,64,44,44,44,49,49,49,55,55,0],"gold":425,"neow_bonus":"TWO_FIFTY_GOLD","is_prod":false,"is_daily":false,"chose_seed":false,"campfire_upgraded":5,"win_rate":0,"timestamp":1533686617,"path_taken":["M","?","M","?","$","R","E","R","T","E","R","$","M","?","R","BOSS","M","$","?","?","?","E","R","E","T","R","M","R","?","M","R","BOSS"],"build_version":"2018-08-07","purchased_purges":2,"victory":false,"max_hp_per_floor":[80,80,80,80,80,80,80,80,80,80,80,80,80,80,80,80,80,80,77,77,77,77,77,77,77,77,77,77,77,77,77,77,77],"card_choices":[{"not_picked":["Intimidate","Heavy Blade","Infernal Blade"],"picked":"SKIP","floor":1.0},{"not_picked":["Intimidate","Infernal Blade"],"picked":"Heavy Blade","floor":1.0},{"not_picked":["Intimidate","Warcry","Havoc"],"picked":"SKIP","floor":3},{"not_picked":["Blood for Blood","Thunderclap","Burning Pact"],"picked":"SKIP","floor":7},{"not_picked":["Havoc","Clothesline"],"picked":"Pommel Strike","floor":8},{"not_picked":["Armaments","Blood for Blood"],"picked":"Twin Strike","floor":10},{"not_picked":["Body Slam","Warcry"],"picked":"Immolate","floor":11},{"not_picked":["Twin Strike","Carnage"],"picked":"Spot Weakness","floor":13},{"not_picked":["Impervious","Feed"],"picked":"Double Tap","floor":16},{"not_picked":["Burning Pact","Dual Wield","Warcry"],"picked":"SKIP","floor":18},{"not_picked":["Immolate","Rampage","Rage"],"picked":"SKIP","floor":23},{"not_picked":["Cleave","Clothesline"],"picked":"True Grit","floor":24},{"not_picked":["Seeing Red","Hemokinesis"],"picked":"Inflame","floor":25},{"not_picked":["Cleave","Power Through"],"picked":"Pummel","floor":28},{"not_picked":["Fire Breathing","Metallicize","Iron Wave"],"picked":"SKIP","floor":31}],"player_experience":815663,"relics_obtained":[{"floor":4,"key":"MawBank"},{"floor":7,"key":"Dream Catcher"},{"floor":9,"key":"Gremlin Horn"},{"floor":10,"key":"Incense Burner"},{"floor":14,"key":"Oddly Smooth Stone"},{"floor":23,"key":"Old Coin"},{"floor":25,"key":"Mummified Hand"},{"floor":26,"key":"Omamori"}],"event_choices":[{"event_name":"Accursed Blacksmith","player_choice":"Rummage","floor":2.0,"damage_taken":0.0},{"event_name":"Drug Dealer","player_choice":"Ignored","floor":20,"damage_taken":0},{"event_name":"Nest","player_choice":"Joined the Cult","floor":21,"damage_taken":0},{"event_name":"Knowing Skull","player_choice":"CARD ","floor":22,"damage_taken":0},{"event_name":"Purifier","player_choice":"One Purge","floor":30,"damage_taken":0}],"is_beta":true,"boss_relics":[{"not_picked":["Runic Dome","Velvet Choker"],"picked":"Sozu"}],"items_purged_floors":[12,19],"is_endless":false,"potions_floor_spawned":[10,16,25],"killed_by":"Automaton","ascension_level":12}