{"path_per_floor":["M","M","?","M","?","E","R","M","T","M","R","M","E","$","R","B",null,"M","$","M","M","M","R","E","M","T","R","E","R","M","M","R","B",null,"M","$","?","?","$","E","M","R","T","?","R","?","E","?","R","B"],"character_chosen":"IRONCLAD","items_purchased":["Uppercut","Girya","Feel No Pain","Vajra","Paper Frog"],"gold_per_floor":[114,125,125,136,136,166,166,177,477,490,490,501,536,149,149,246,246,259,190,208,220,232,232,257,269,269,269,303,303,320,333,333,432,432,447,296,296,296,48,77,93,93,93,93,93,0,28,28,28,28],"floor_reached":51,"campfire_rested":3,"playtime":1732,"current_hp_per_floor":[78,73,78,76,69,44,69,62,62,62,62,62,53,53,53,53,85,76,76,76,76,76,76,76,76,76,76,62,62,62,60,60,60,87,89,89,89,78,78,75,58,85,85,87,87,87,80,80,95,51],"items_purged":[],"gold":28,"score":1127,"play_id":"67918e8a-1343-4f6e-b773-a5b001b4e91f","local_time":"20180329134533","is_prod":false,"is_daily":false,"is_ascension_mode":true,"campfire_upgraded":4,"timestamp":1522345533,"path_taken":["M","M","?","?","?","E","R","M","T","M","R","M","E","$","R","BOSS","M","$","M","M","M","R","E","M","T","R","E","R","M","M","R","BOSS","M","$","?","?","$","E","?","R","T","?","R","?","E","?","R","BOSS"],"build_version":"2018-03-28","purchased_purges":0,"victory":true,"master_deck":["Strike_R","Strike_R","Strike_R","Strike_R","Strike_R","Defend_R","Defend_R","Bash+1","Perfected Strike+1","Blood for Blood","Twin Strike","Perfected Strike+1","Clothesline","Perfected Strike","Uppercut","Impervious","Corruption+1","Feel No Pain+1","Flame Barrier","Perfected Strike","Shockwave+1","Twin Strike+1","Barricade+1","Uppercut+1","Fiend Fire","Madness","Madness","Sever Soul","Injury","Clash"],"max_hp_per_floor":[80,80,85,85,85,85,85,85,85,85,85,85,85,85,85,85,85,85,85,85,85,85,85,85,85,85,85,85,85,85,87,87,87,87,89,89,89,89,89,89,91,91,91,93,93,93,95,95,95,95],"relics":["Snecko Eye","Orichalcum","Old Coin","Frozen Egg 2","Girya","Velvet Choker","Singing Bowl","Ice Cream","Ginger","Cursed Key","Vajra","Paper Frog","Champion Belt","Centennial Puzzle","Red Mask","Pen Nib"],"card_choices":[{"not_picked":["Iron Wave","Spot Weakness"],"picked":"Perfected Strike","floor":4},{"not_picked":["Clash","True Grit"],"picked":"Blood for Blood","floor":6},{"not_picked":["Berserk","Anger"],"picked":"Twin Strike","floor":8},{"not_picked":["Twin Strike","Body Slam"],"picked":"Perfected Strike","floor":10},{"not_picked":["Warcry","Power Through"],"picked":"Clothesline","floor":12},{"not_picked":["Reckless Charge","Sword Boomerang"],"picked":"Perfected Strike","floor":13},{"not_picked":["Limit Break","Brutality"],"picked":"Impervious","floor":16},{"not_picked":["Wild Strike","Sever Soul"],"picked":"Corruption","floor":18},{"not_picked":["Rupture","Intimidate"],"picked":"Flame Barrier","floor":20},{"not_picked":["Feel No Pain","Pommel Strike"],"picked":"Perfected Strike","floor":22},{"not_picked":["Flex","Bloodletting"],"picked":"Shockwave","floor":24},{"not_picked":["Dual Wield","Heavy Blade"],"picked":"Twin Strike","floor":25},{"not_picked":["Disarm","Twin Strike"],"picked":"Barricade","floor":28},{"not_picked":["Warcry","Clothesline"],"picked":"Uppercut","floor":30},{"not_picked":["Immolate","Dark Embrace"],"picked":"Fiend Fire","floor":33},{"not_picked":["Combust","Feel No Pain"],"picked":"Sever Soul","floor":40}],"player_experience":633171,"potions_floor_usage":[10],"damage_taken":[{"damage":2,"enemies":"Small Slimes","floor":1,"turns":2},{"damage":5,"enemies":"2 Louse","floor":2,"turns":2},{"damage":2,"enemies":"Jaw Worm","floor":4,"turns":2},{"damage":25,"enemies":"3 Sentries","floor":6,"turns":7},{"damage":7,"enemies":"Exordium Thugs","floor":8,"turns":3},{"damage":0,"enemies":"Large Slime","floor":10,"turns":3},{"damage":0,"enemies":"Exordium Wildlife","floor":12,"turns":2},{"damage":9,"enemies":"Lagavulin","floor":13,"turns":3},{"damage":0,"enemies":"Slime Boss","floor":16,"turns":4},{"damage":9,"enemies":"Shell Parasite","floor":18,"turns":2},{"damage":0,"enemies":"Chosen","floor":20,"turns":2},{"damage":0,"enemies":"3 Cultists","floor":21,"turns":3},{"damage":0,"enemies":"Snake Plant","floor":22,"turns":2},{"damage":0,"enemies":"Gremlin Leader","floor":24,"turns":4},{"damage":0,"enemies":"Centurion and Healer","floor":25,"turns":2},{"damage":14,"enemies":"Slavers","floor":28,"turns":3},{"damage":0,"enemies":"Chosen and Byrds","floor":30,"turns":2},{"damage":4,"enemies":"Slaver and Parasite","floor":31,"turns":2},{"damage":0,"enemies":"Automaton","floor":33,"turns":4},{"damage":0,"enemies":"Flame Bruiser 1 Orb","floor":35,"turns":1},{"damage":3,"enemies":"Giant Head","floor":40,"turns":4},{"damage":19,"enemies":"3 Darklings","floor":41,"turns":3},{"damage":9,"enemies":"Nemesis","floor":47,"turns":3},{"damage":44,"enemies":"Awakened One","floor":50,"turns":7}],"event_choices":[{"event_name":"Big Fish","player_choice":"Donut","floor":3,"damage_taken":0},{"event_name":"Golden Wing","player_choice":"Card Removal","floor":5,"damage_taken":0},{"event_name":"The Lab","player_choice":"Got Potions","floor":37,"damage_taken":0},{"event_name":"Winding Halls","player_choice":"Embrace Madness","floor":38,"damage_taken":0},{"event_name":"SensoryStone","player_choice":"Memory 1","floor":44,"damage_taken":0},{"event_name":"Tomb of Lord Red Mask","player_choice":"Paid","floor":46,"damage_taken":0},{"event_name":"Transmorgrifier","player_choice":"Transform","floor":48,"damage_taken":0}],"boss_relics":[{"not_picked":["Orrery","Pandora\u0027s Box"],"picked":"Velvet Choker"},{"not_picked":["Runic Pyramid","Calling Bell"],"picked":"Cursed Key"}],"potions_floor_spawned":[8,10,18,21,24,28,35],"seed_played":"-5497802096415147707","ascension_level":4,"is_trial":false}