{"path_per_floor":["M","M","$","?","?","E","?","E","T","M","M","M","R","M","R","B",null,"M","$","M","?","?","R","E","R","T","$","?","E","M","$","R","B",null,"M","?","M","M","?","R","?","?","T","$","T","M","E","M","R"],"character_chosen":"IRONCLAD","items_purchased":["Inflame","Seeing Red","Ice Cream","Thunderclap","Shockwave","Spot Weakness","Clothesline","Panache","Bottled Lightning"],"gold_per_floor":[110,121,5,5,180,223,223,266,266,281,295,320,320,333,333,459,459,477,41,61,61,61,61,89,89,89,8,8,40,58,58,58,153,153,169,523,539,554,554,554,554,554,554,112,112,132,165,184,184],"floor_reached":50,"campfire_rested":7,"playtime":3959,"current_hp_per_floor":[80,76,76,76,76,49,49,15,15,20,22,20,44,45,69,41,80,63,63,54,54,54,78,37,61,61,61,61,53,53,53,77,35,80,80,64,37,37,37,61,61,61,61,61,61,45,44,35,59],"items_purged":[],"gold":184,"play_id":"3a40e2e1-99f6-4762-8931-1c48a666b015","is_prod":false,"is_daily":false,"campfire_rituals":0,"campfire_upgraded":0,"is_hardmode":false,"path_taken":["M","M","$","?","?","E","?","E","T","M","M","?","R","M","R","BOSS","M","$","M","?","?","R","E","R","T","$","?","E","M","$","R","BOSS","M","?","M","?","?","R","?","?","T","?","?","M","E","?","R","BOSS"],"build_version":"2017-12-14-PROD1","purchased_purges":0,"victory":false,"master_deck":["Strike_R","Strike_R","Strike_R","Strike_R","Strike_R","Defend_R","Defend_R","Defend_R","Bash","Dropkick","Perfected Strike","Inflame","Seeing Red","Rage","Demon Form","Second Wind","Armaments","Clothesline","Inflame","Fiend Fire","Shrug It Off","Thunderclap","Shockwave","Headbutt","Uppercut","Spot Weakness","Perfected Strike","Juggernaut","Double Tap","Intimidate","Pummel","Anger","Heavy Blade","Bash","Anger","Clothesline","Panache","Double Tap","Rage","Armaments"],"max_hp_per_floor":[80,80,80,80,80,80,80,80,80,80,80,80,80,80,80,80,80,80,80,80,80,80,80,80,80,80,80,80,80,80,80,80,80,80,80,80,80,80,80,80,80,80,80,80,80,80,80,80,80],"relics":["Black Blood","Toxic Egg","Lantern","Orichalcum","Mark of Pain","Ice Cream","Nloth\u0027s Gift","Oddly Smooth Stone","Gambling Chip","Molten Egg","Old Coin","Gremlin Horn","Bottled Lightning","Unceasing Top","Bottled Flame"],"campfire_meditates":0,"card_choices":[{"not_picked":["Dual Wield","Body Slam"],"picked":"Dropkick"},{"not_picked":["Sword Boomerang","Flame Barrier"],"picked":"Perfected Strike"},{"not_picked":["Sword Boomerang","Thunderclap"],"picked":"Rage"},{"not_picked":["Sever Soul","Burning Pact"],"picked":"Demon Form"},{"not_picked":["Thunderclap","Searing Blow"],"picked":"Second Wind"},{"not_picked":["Body Slam","Searing Blow"],"picked":"Armaments"},{"not_picked":["Burning Pact","Inflame"],"picked":"Clothesline"},{"not_picked":["Sever Soul","Body Slam"],"picked":"Inflame"},{"not_picked":["Brutality","Demon Form"],"picked":"Fiend Fire"},{"not_picked":["Burning Pact","Warcry"],"picked":"Shrug It Off"},{"not_picked":["Sever Soul","Bloodletting"],"picked":"Headbutt"},{"not_picked":["Barricade","Twin Strike"],"picked":"Uppercut"},{"not_picked":["True Grit","Headbutt"],"picked":"Perfected Strike"},{"not_picked":["Intimidate","Thunderclap"],"picked":"Juggernaut"},{"not_picked":["Feed","Berserk"],"picked":"Double Tap"},{"not_picked":["Body Slam","Perfected Strike"],"picked":"Intimidate"},{"not_picked":["True Grit","Dual Wield"],"picked":"Pummel"},{"not_picked":["Shrug It Off","Second Wind"],"picked":"Anger"},{"not_picked":["Thunderclap","Cleave"],"picked":"Heavy Blade"},{"not_picked":["Perfected Strike","Flex"],"picked":"Double Tap"},{"not_picked":["Barricade","Perfected Strike"],"picked":"Rage"},{"not_picked":["Iron Wave","Headbutt"],"picked":"Armaments"}],"player_experience":22732,"potions_floor_usage":[36,47,50],"damage_taken":[{"damage":1.0,"enemies":"Cultist","floor":1.0,"turns":3.0},{"damage":10.0,"enemies":"Looter","floor":2.0,"turns":3.0},{"damage":33.0,"enemies":"3 Sentries","floor":6.0,"turns":8.0},{"damage":40.0,"enemies":"Lagavulin","floor":8.0,"turns":8.0},{"damage":1.0,"enemies":"Jaw Worm","floor":10.0,"turns":4.0},{"damage":4.0,"enemies":"3 Louse","floor":11.0,"turns":3.0},{"damage":8.0,"enemies":"Lots of Slimes","floor":12.0,"turns":5.0},{"damage":5.0,"enemies":"Exordium Wildlife","floor":14.0,"turns":4.0},{"damage":34.0,"enemies":"Hexaghost","floor":16.0,"turns":7.0},{"damage":23.0,"enemies":"3 Byrds","floor":18.0,"turns":8.0},{"damage":15.0,"enemies":"2 Thieves","floor":20.0,"turns":4.0},{"damage":47.0,"enemies":"Book of Stabbing","floor":24.0,"turns":8.0},{"damage":14.0,"enemies":"Gremlin Leader","floor":29.0,"turns":4.0},{"damage":6.0,"enemies":"Snake Plant","floor":30.0,"turns":3.0},{"damage":48.0,"enemies":"Collector","floor":33.0,"turns":9.0},{"damage":4,"enemies":"Orb Walker","floor":35,"turns":2},{"damage":26,"enemies":"Mysterious Sphere","floor":36,"turns":5},{"damage":37,"enemies":"3 Shapes","floor":37,"turns":6},{"damage":10,"enemies":"3 Darklings","floor":38,"turns":7},{"damage":26,"enemies":"4 Shapes","floor":46,"turns":7},{"damage":11,"enemies":"2 Orb Walkers","floor":47,"turns":3},{"damage":19,"enemies":"Sphere and 2 Shapes","floor":48,"turns":4},{"damage":66,"enemies":"Donu and Deca","floor":50,"turns":4}],"event_choices":[{"event_name":"Golden Idol","player_choice":"Take Wound","floor":4.0,"damage_taken":0.0},{"event_name":"Liars Game","player_choice":"agreed","floor":5.0,"damage_taken":0.0},{"event_name":"Living Wall","player_choice":"Forget","floor":7.0,"damage_taken":0.0},{"event_name":"N\u0027loth","player_choice":"Traded a Golden Idol","floor":21.0,"damage_taken":0.0},{"event_name":"Addict","player_choice":"Ignored","floor":22.0,"damage_taken":0.0},{"event_name":"Purifier","player_choice":"One Purge","floor":28.0,"damage_taken":0.0},{"event_name":"Mysterious Sphere","player_choice":"Fight","floor":36,"damage_taken":0},{"event_name":"Match and Keep!","player_choice":"2 cards matched","floor":39,"damage_taken":0},{"event_name":"Tomb of Lord Red Mask","player_choice":"Ignored","floor":41,"damage_taken":0}],"boss_relics":[{"not_picked":["Runic Dome","Calling Bell"],"picked":"Black Blood"}],"potions_floor_spawned":[1,10,14,16,20,24,29,33,38,46],"seed_played":"-3195191868723561001","killed_by":"Donu and Deca","is_trial":false}