{"gold_per_floor":[113,113,113,125,137,167,167,194,246,246,263,292,62,77,77,154,154,165,178,195,195,120,120,139,149,203,203,203,220,230,230],"floor_reached":31,"playtime":1644,"items_purged":[],"score":479,"play_id":"fb1c745d-a37c-4ce4-91e6-1242303ae636","local_time":"20190908143209","is_ascension_mode":true,"campfire_choices":[{"data":"Whirlwind","floor":7.0,"key":"SMITH"},{"floor":10.0,"key":"REST"},{"data":"Disarm","floor":15.0,"key":"SMITH"},{"floor":23,"key":"REST"},{"data":"Warcry","floor":27,"key":"SMITH"}],"neow_cost":"TEN_PERCENT_HP_LOSS","seed_source_timestamp":0,"circlet_count":0,"master_deck":["AscendersBane","Strike_R","Strike_R","Strike_R","Strike_R","Defend_R","Defend_R","Defend_R","Defend_R","Bash","Fiend Fire","Feel No Pain","Headbutt","Whirlwind+1","Warcry+1","Disarm+1","Disarm","Reaper","Flame Barrier","Warcry","Corruption"],"special_seed":0,"relics":["Burning Blood","NlothsMask","Bottled Tornado","Strawberry","Shuriken","Brimstone","Runic Dome","Tiny Chest"],"potions_floor_usage":[31],"damage_taken":[{"damage":2.0,"enemies":"Jaw Worm","floor":1.0,"turns":3.0},{"damage":6.0,"enemies":"Cultist","floor":4.0,"turns":3.0},{"damage":7.0,"enemies":"Small Slimes","floor":5.0,"turns":3.0},{"damage":25.0,"enemies":"3 Sentries","floor":6.0,"turns":11.0},{"damage":34.0,"enemies":"Gremlin Nob","floor":8.0,"turns":5.0},{"damage":8.0,"enemies":"3 Louse","floor":11.0,"turns":2.0},{"damage":24.0,"enemies":"3 Sentries","floor":12.0,"turns":6.0},{"damage":9.0,"enemies":"2 Fungi Beasts","floor":14.0,"turns":2.0},{"damage":19.0,"enemies":"Hexaghost","floor":16.0,"turns":7.0},{"damage":5.0,"enemies":"Spheric Guardian","floor":18.0,"turns":3.0},{"damage":34.0,"enemies":"Shell Parasite","floor":19.0,"turns":4.0},{"damage":30,"enemies":"Snecko","floor":20,"turns":5},{"damage":11,"enemies":"Centurion and Healer","floor":24,"turns":4},{"damage":28,"enemies":"Snake Plant","floor":25,"turns":4},{"damage":29,"enemies":"Cultist and Chosen","floor":29,"turns":6},{"damage":41,"enemies":"Chosen and Byrds","floor":30,"turns":5},{"damage":38,"enemies":"Centurion and Healer","floor":31,"turns":3}],"seed_played":"4990567243858267940","potions_obtained":[{"floor":1.0,"key":"Ancient Potion"},{"floor":6.0,"key":"Ancient Potion"},{"floor":8.0,"key":"Dexterity Potion"},{"floor":29,"key":"Regen Potion"}],"is_trial":false,"path_per_floor":["M","?","?","M","M","E","R","E","T","R","M","E","$","M","R","B",null,"M","M","M","?","?","R","M","M","T","R","?","M","M","M"],"character_chosen":"IRONCLAD","items_purchased":["Brimstone"],"campfire_rested":2,"item_purchase_floors":[13],"current_hp_per_floor":[68,68,68,68,67,48,48,27,27,49,47,29,29,26,26,13,60,61,41,17,17,17,39,59,47,47,47,47,38,15,0],"gold":230,"neow_bonus":"THREE_RARE_CARDS","is_prod":false,"is_daily":false,"chose_seed":false,"campfire_upgraded":3,"win_rate":0,"timestamp":1567978329,"path_taken":["M","?","?","?","M","E","R","E","T","R","M","E","$","M","R","BOSS","M","M","M","?","?","R","M","M","T","R","?","M","M","M"],"build_version":"2019-07-17","purchased_purges":0,"victory":false,"max_hp_per_floor":[68,68,68,68,68,68,68,75,75,75,75,75,75,75,75,75,75,75,75,75,75,75,75,75,75,75,75,75,75,75,75],"card_choices":[{"not_picked":["Impervious","Berserk"],"picked":"Fiend Fire","floor":0.0},{"not_picked":["Armaments","Rage"],"picked":"Feel No Pain","floor":1.0},{"not_picked":["Cleave","Armaments","Body Slam"],"picked":"SKIP","floor":4.0},{"not_picked":["Burning Pact","Clash"],"picked":"Headbutt","floor":5.0},{"not_picked":["Shockwave","Sentinel"],"picked":"Whirlwind","floor":6.0},{"not_picked":["Sever Soul","Whirlwind"],"picked":"Warcry","floor":8.0},{"not_picked":["Whirlwind","Thunderclap","Sword Boomerang"],"picked":"SKIP","floor":11.0},{"not_picked":["Metallicize","Clash"],"picked":"Disarm","floor":12.0},{"not_picked":["Intimidate","Infernal Blade"],"picked":"Disarm","floor":14.0},{"not_picked":["Berserk","Barricade"],"picked":"Reaper","floor":16.0},{"not_picked":["Perfected Strike","Twin Strike"],"picked":"Flame Barrier","floor":18.0},{"not_picked":["Sword Boomerang","True Grit","Carnage"],"picked":"SKIP","floor":19},{"not_picked":["Cleave","Bloodletting"],"picked":"Warcry","floor":20},{"not_picked":["True Grit","Thunderclap","Cleave"],"picked":"SKIP","floor":24},{"not_picked":["True Grit","Headbutt","Second Wind"],"picked":"SKIP","floor":25},{"not_picked":["Cleave+1","Wild Strike"],"picked":"Corruption","floor":29},{"not_picked":["Thunderclap","Fiend Fire","Sword Boomerang"],"picked":"SKIP","floor":30}],"player_experience":1384158,"relics_obtained":[{"floor":6.0,"key":"Bottled Tornado"},{"floor":8.0,"key":"Strawberry"},{"floor":12.0,"key":"Shuriken"},{"floor":26,"key":"Tiny Chest"}],"event_choices":[{"damage_healed":0.0,"max_hp_gain":0.0,"max_hp_loss":0.0,"gold_gain":0.0,"event_name":"Liars Game","player_choice":"Ignored","floor":2.0,"gold_loss":0.0,"damage_taken":0.0},{"damage_healed":0.0,"max_hp_gain":0.0,"max_hp_loss":0.0,"gold_gain":0.0,"event_name":"FaceTrader","player_choice":"Trade","floor":3.0,"gold_loss":0.0,"damage_taken":0.0,"relics_obtained":["NlothsMask"]},{"damage_healed":0,"gold_gain":0,"player_choice":"Ignored","damage_taken":0,"max_hp_gain":0,"max_hp_loss":0,"event_name":"Cursed Tome","floor":21,"gold_loss":0},{"cards_removed":["Strike_R"],"damage_healed":0,"gold_gain":0,"player_choice":"Gave Gold","damage_taken":0,"max_hp_gain":0,"max_hp_loss":0,"event_name":"Beggar","floor":22,"gold_loss":75},{"damage_healed":0,"gold_gain":0,"player_choice":"Ignored","damage_taken":0,"max_hp_gain":0,"max_hp_loss":0,"event_name":"Vampires","floor":28,"gold_loss":0}],"is_beta":false,"boss_relics":[{"not_picked":["Eternal Feather","Philosopher\u0027s Stone"],"picked":"Runic Dome"}],"items_purged_floors":[],"is_endless":false,"potions_floor_spawned":[1,6,8,14,19,25,29],"killed_by":"Centurion and Healer","ascension_level":17}