{"path_per_floor":["M","?","$","T","?","R","E","$","T","E","R","M","E","M","R","B",null,"M","?","M","?","?","R","$","R","T","$"],"character_chosen":"IRONCLAD","items_purchased":["Power Through","Kunai","Double Tap","Pommel Strike"],"gold_per_floor":[117,117,47,94,94,94,128,128,128,156,156,176,205,215,215,311,311,327,327,340,340,366,366,45,45,45,23,23],"floor_reached":28,"campfire_rested":1,"playtime":1096,"current_hp_per_floor":[78,78,78,78,83,83,85,85,85,85,85,85,74,79,79,33,72,60,60,44,44,33,58,58,58,58,58,0],"items_purged":[],"gold":23,"score":420,"play_id":"32b0590a-e45f-4eb8-99e7-448048e647fc","local_time":"20180515163218","is_prod":false,"is_daily":false,"chose_seed":false,"is_ascension_mode":true,"campfire_upgraded":4,"timestamp":1526416338,"path_taken":["M","?","$","?","?","R","E","$","T","E","R","M","E","M","R","BOSS","M","?","?","?","?","R","?","R","T","$","E"],"build_version":"2018-05-14v2","seed_source_timestamp":78364332043383,"purchased_purges":0,"victory":false,"master_deck":["Strike_R","Strike_R","Strike_R","Strike_R","Strike_R","Defend_R","Defend_R","Defend_R","Bash+1","AscendersBane","Infernal Blade","Carnage+1","Power Through","Warcry+1","Shrug It Off+1","Rage+1","Perfected Strike+1","Impervious+1","Fiend Fire+1","Twin Strike","Hemokinesis","Bloodletting+1","Hemokinesis","Warcry+1","Demon Form","Pommel Strike","Sword Boomerang+1","Power Through+1","Double Tap+1","Pommel Strike"],"max_hp_per_floor":[80,80,80,80,85,85,85,85,85,85,85,85,85,85,85,85,85,85,85,85,85,85,85,85,85,85,85,85],"relics":["Burning Blood","NeowsBlessing","Prayer Wheel","Bird Faced Urn","Toxic Egg 2","Letter Opener","Dream Catcher","Orrery","The Courier","Red Mask","Kunai","Paper Frog"],"card_choices":[{"not_picked":["Armaments","Sever Soul"],"picked":"Infernal Blade","floor":1},{"not_picked":["Clothesline","Iron Wave","Anger"],"picked":"SKIP","floor":7},{"not_picked":["Body Slam","Sword Boomerang","Warcry"],"picked":"SKIP","floor":9},{"not_picked":["Body Slam","Sword Boomerang"],"picked":"Warcry","floor":9},{"not_picked":["Burning Pact+1","Armaments+1"],"picked":"Shrug It Off+1","floor":10},{"not_picked":["Berserk","Clothesline"],"picked":"Rage+1","floor":12},{"not_picked":["Power Through+1","Pommel Strike"],"picked":"Perfected Strike","floor":13},{"not_picked":["Wild Strike","Headbutt"],"picked":"Impervious+1","floor":14},{"not_picked":["Brutality","Limit Break+1"],"picked":"Fiend Fire","floor":16},{"not_picked":["Sword Boomerang","Havoc+1"],"picked":"Twin Strike","floor":17},{"not_picked":["Twin Strike","Havoc+1"],"picked":"Hemokinesis","floor":17},{"not_picked":["Clash","Thunderclap"],"picked":"Bloodletting+1","floor":17},{"not_picked":["Cleave","Sword Boomerang"],"picked":"Hemokinesis","floor":17},{"not_picked":["Clothesline","Clash"],"picked":"Warcry+1","floor":17},{"not_picked":["Cleave","Heavy Blade"],"picked":"Demon Form","floor":18},{"not_picked":["Burning Pact+1","Warcry+1"],"picked":"Pommel Strike","floor":20},{"not_picked":["Entrench+1","Evolve"],"picked":"Sword Boomerang+1","floor":22},{"not_picked":["Armaments+1","Heavy Blade+1"],"picked":"Power Through+1","floor":23},{"not_picked":["Power Through+1","Entrench+1","Warcry+1"],"picked":"SKIP","floor":26}],"player_experience":767940,"potions_floor_usage":[16,28],"damage_taken":[{"damage":0,"enemies":"Cultist","floor":1,"turns":1},{"damage":0,"enemies":"Gremlin Nob","floor":7,"turns":1},{"damage":0,"enemies":"Lagavulin","floor":10,"turns":2},{"damage":0,"enemies":"Small Slimes","floor":12,"turns":2},{"damage":17,"enemies":"3 Sentries","floor":13,"turns":6},{"damage":1,"enemies":"Jaw Worm","floor":14,"turns":2},{"damage":52,"enemies":"Hexaghost","floor":16,"turns":11},{"damage":18,"enemies":"3 Byrds","floor":18,"turns":6},{"damage":22,"enemies":"Shell Parasite","floor":20,"turns":5},{"damage":17,"enemies":"Masked Bandits","floor":22,"turns":4},{"damage":67,"enemies":"Book of Stabbing","floor":28,"turns":6}],"relics_obtained":[{"floor":4,"key":"Prayer Wheel"},{"floor":7,"key":"Bird Faced Urn"},{"floor":9,"key":"Toxic Egg 2"},{"floor":10,"key":"Letter Opener"},{"floor":13,"key":"Dream Catcher"},{"floor":22,"key":"Red Mask"},{"floor":26,"key":"Paper Frog"}],"event_choices":[{"event_name":"Transmorgrifier","player_choice":"Transform","floor":2,"damage_taken":0},{"event_name":"Big Fish","player_choice":"Donut","floor":5,"damage_taken":0},{"event_name":"The Woman in Blue","player_choice":"Bought 0 Potions","floor":19,"damage_taken":0},{"event_name":"The Mausoleum","player_choice":"Yes","floor":21,"damage_taken":0},{"event_name":"Masked Bandits","player_choice":"Fought over 340 gold","floor":22,"damage_taken":0}],"boss_relics":[{"not_picked":["Astrolabe","Runic Dome"],"picked":"Orrery"}],"potions_floor_spawned":[1,7,12,16,22],"seed_played":"-823824022967371855","killed_by":"Book of Stabbing","ascension_level":10,"potions_obtained":[{"floor":1,"key":"BloodPotion"},{"floor":7,"key":"Strength Potion"},{"floor":12,"key":"AttackPotion"},{"floor":16,"key":"Ancient Potion"},{"floor":22,"key":"SpeedPotion"}],"is_trial":false}