{"gold_per_floor":[110,122,122,137,85,85,115,130,130,156,156,156,188,198,198,298,298,308,18,18,18,35,67,80,80,80,80,80,80,80,93,93,193,193,213,288,305,220,220,253,269,302,354,354,379,394,0,34,34,34],"floor_reached":51,"playtime":1900,"items_purged":["Stack","Shame"],"score":951,"play_id":"f4a40c5a-9cbb-468e-917b-7f070caeb5e1","local_time":"20190902032752","is_ascension_mode":true,"campfire_choices":[{"data":"Sunder","floor":6,"key":"SMITH"},{"data":"Multi-Cast","floor":11,"key":"SMITH"},{"floor":15,"key":"REST"},{"floor":25,"key":"REST"},{"data":"Defragment","floor":27,"key":"SMITH"},{"data":"Coolheaded","floor":29,"key":"SMITH"},{"data":"Multi-Cast","floor":32,"key":"SMITH"},{"data":"Defragment","floor":44,"key":"SMITH"},{"data":"Electrodynamics","floor":49,"key":"SMITH"}],"neow_cost":"NONE","seed_source_timestamp":17043929874534,"circlet_count":0,"master_deck":["Zap+1","Dualcast+1","Sunder+1","Ball Lightning","Multi-Cast+1","Go for the Eyes+1","Auto Shields","Coolheaded+1","Electrodynamics+1","Compile Driver+1","Thunder Strike+1","Multi-Cast+1","Double Energy","Cold Snap+1","Doom and Gloom+1","Cold Snap+1","Conserve Battery","Conserve Battery","Cold Snap+1","Conserve Battery+1","Defragment+1","Defragment+1","Capacitor+1","Biased Cognition","Reinforced Body+1","Defragment+1","Blind","Hologram+1"],"relics":["Cracked Core","War Paint","StoneCalendar","Molten Egg 2","Smiling Mask","Prayer Wheel","Pandora\u0027s Box","Toy Ornithopter","Bag of Marbles","Centennial Puzzle","Enchiridion","Juzu Bracelet","Busted Crown","Mercury Hourglass","Omamori","Ice Cream","Red Mask","Bronze Scales"],"potions_floor_usage":[2,7,10,13,14,16,23,31,40,41,45,45,46,50],"damage_taken":[{"damage":3,"enemies":"2 Louse","floor":1,"turns":3},{"damage":2,"enemies":"Small Slimes","floor":2,"turns":2},{"damage":0,"enemies":"Cultist","floor":4,"turns":2},{"damage":11,"enemies":"Lagavulin","floor":7,"turns":6},{"damage":0,"enemies":"Blue Slaver","floor":8,"turns":2},{"damage":10,"enemies":"3 Sentries","floor":10,"turns":4},{"damage":15,"enemies":"Lagavulin","floor":13,"turns":5},{"damage":0,"enemies":"Exordium Thugs","floor":14,"turns":2},{"damage":11,"enemies":"Hexaghost","floor":16,"turns":9},{"damage":9,"enemies":"Spheric Guardian","floor":18,"turns":4},{"damage":0,"enemies":"Chosen","floor":22,"turns":3},{"damage":26,"enemies":"Book of Stabbing","floor":23,"turns":5},{"damage":3,"enemies":"3 Cultists","floor":24,"turns":3},{"damage":5,"enemies":"Snecko","floor":31,"turns":3},{"damage":19,"enemies":"Champ","floor":33,"turns":7},{"damage":2,"enemies":"3 Darklings","floor":35,"turns":2},{"damage":11,"enemies":"Orb Walker","floor":37,"turns":2},{"damage":8,"enemies":"Nemesis","floor":40,"turns":7},{"damage":0,"enemies":"4 Shapes","floor":41,"turns":5},{"damage":5,"enemies":"Reptomancer","floor":42,"turns":7},{"damage":1,"enemies":"Giant Head","floor":45,"turns":7},{"damage":0,"enemies":"Maw","floor":46,"turns":6},{"damage":2,"enemies":"Reptomancer","floor":48,"turns":5},{"damage":22,"enemies":"Awakened One","floor":50,"turns":9}],"seed_played":"1638727345796405000","potions_obtained":[{"floor":1,"key":"SkillPotion"},{"floor":4,"key":"Poison Potion"},{"floor":7,"key":"EntropicBrew"},{"floor":13,"key":"AttackPotion"},{"floor":16,"key":"LiquidBronze"},{"floor":22,"key":"PowerPotion"},{"floor":24,"key":"Weak Potion"},{"floor":33,"key":"Strength Potion"},{"floor":40,"key":"Regen Potion"},{"floor":41,"key":"Ancient Potion"},{"floor":45,"key":"Fire Potion"},{"floor":48,"key":"SpeedPotion"}],"is_trial":false,"path_per_floor":["M","M","?","M","?","R","E","M","T","E","R","?","E","M","R","B",null,"M","$","?","$","M","E","M","R","T","R","?","R","?","M","R","B",null,"M","?","M","$","?","E","M","E","T","R","E","M","?","E","R","B",null],"character_chosen":"DEFECT","items_purchased":["Conserve Battery","Toy Ornithopter","Defragment"],"campfire_rested":2,"item_purchase_floors":[19,19,38],"current_hp_per_floor":[72,70,55,55,55,55,44,44,44,34,34,34,19,19,41,30,75,66,66,66,66,66,45,42,64,64,64,48,48,48,48,48,29,75,73,66,55,55,55,52,71,66,66,66,74,75,75,73,73,56],"gold":34,"neow_bonus":"UPGRADE_CARD","is_prod":false,"is_daily":false,"chose_seed":false,"campfire_upgraded":7,"win_rate":1,"timestamp":1567362472,"path_taken":["M","M","?","M","?","R","E","?","T","E","R","?","E","?","R","BOSS","M","$","?","$","M","E","M","R","T","R","?","R","?","M","R","BOSS","M","?","M","$","?","E","M","E","T","R","E","M","?","E","R","BOSS"],"build_version":"2019-07-17","purchased_purges":2,"victory":true,"max_hp_per_floor":[75,75,75,75,75,75,75,75,75,75,75,75,75,75,75,75,75,75,75,75,75,75,75,75,75,75,75,75,75,75,75,75,75,75,75,75,75,75,75,75,75,75,75,75,75,75,75,75,75,75],"card_choices":[{"not_picked":["Chaos","Conserve Battery"],"picked":"Sunder","floor":1},{"not_picked":["Hologram","Redo"],"picked":"Ball Lightning","floor":2},{"not_picked":["Skim","Scrape","Redo"],"picked":"SKIP","floor":4},{"not_picked":["Go for the Eyes","Gash"],"picked":"Cold Snap","floor":7},{"not_picked":["Stack","Barrage"],"picked":"Multi-Cast","floor":8},{"not_picked":["Beam Cell+1","Hologram"],"picked":"Go for the Eyes+1","floor":10},{"not_picked":["Redo","Go for the Eyes+1"],"picked":"Auto Shields","floor":13},{"not_picked":["Undo","Cold Snap+1"],"picked":"Coolheaded","floor":14},{"not_picked":["Machine Learning","Darkness","Stack"],"picked":"SKIP","floor":14},{"not_picked":["Machine Learning","Core Surge+1"],"picked":"Electrodynamics","floor":16},{"not_picked":["Stack","Beam Cell+1"],"picked":"Cold Snap+1","floor":18},{"not_picked":["Melter+1","Storm"],"picked":"Conserve Battery","floor":18},{"not_picked":["Chaos+1","Rebound+1"],"picked":"Cold Snap+1","floor":22},{"not_picked":["Storm","Capacitor+1"],"picked":"Conserve Battery+1","floor":22},{"not_picked":["Rebound+1","Sweeping Beam+1"],"picked":"Defragment+1","floor":23},{"not_picked":["Seek","Turbo"],"picked":"Defragment","floor":24},{"not_picked":["Coolheaded","Streamline+1","Skim"],"picked":"SKIP","floor":24},{"not_picked":["Beam Cell+1","Barrage+1"],"picked":"Capacitor+1","floor":31},{"not_picked":["Redo","Beam Cell+1","Coolheaded"],"picked":"SKIP","floor":31},{"not_picked":["Hyperbeam+1","Reboot"],"picked":"Biased Cognition","floor":33},{"not_picked":[],"picked":"Reinforced Body+1","floor":35},{"not_picked":["Coolheaded+1"],"picked":"SKIP","floor":35},{"not_picked":["Sweeping Beam+1"],"picked":"SKIP","floor":37},{"not_picked":["Leap"],"picked":"SKIP","floor":37},{"not_picked":[],"picked":"Blind","floor":39},{"not_picked":["Leap"],"picked":"SKIP","floor":40},{"not_picked":["Turbo"],"picked":"SKIP","floor":41},{"not_picked":["Conserve Battery"],"picked":"SKIP","floor":41},{"not_picked":["Compile Driver+1"],"picked":"SKIP","floor":42},{"not_picked":["Ball Lightning+1"],"picked":"SKIP","floor":45},{"not_picked":[],"picked":"Hologram+1","floor":46},{"not_picked":["Stack+1"],"picked":"SKIP","floor":46},{"not_picked":["Sweeping Beam+1"],"picked":"SKIP","floor":48}],"player_experience":337181,"relics_obtained":[{"floor":7,"key":"StoneCalendar"},{"floor":9,"key":"Molten Egg 2"},{"floor":10,"key":"Smiling Mask"},{"floor":13,"key":"Prayer Wheel"},{"floor":23,"key":"Bag of Marbles"},{"floor":26,"key":"Centennial Puzzle"},{"floor":28,"key":"Enchiridion"},{"floor":42,"key":"Mercury Hourglass"},{"floor":43,"key":"Omamori"},{"floor":45,"key":"Ice Cream"},{"floor":48,"key":"Bronze Scales"}],"event_choices":[{"damage_healed":0,"gold_gain":0,"player_choice":"Entered Light","damage_taken":15,"max_hp_gain":0,"max_hp_loss":0,"event_name":"Shining Light","floor":3,"gold_loss":0,"cards_upgraded":["Dualcast","Strike_B"]},{"damage_healed":0,"gold_gain":0,"player_choice":"Paid Gold","damage_taken":0,"relics_obtained":["War Paint"],"max_hp_gain":0,"max_hp_loss":0,"event_name":"WeMeetAgain","floor":5,"gold_loss":52},{"cards_removed":["Strike_B"],"damage_healed":0,"gold_gain":0,"player_choice":"Offered Basic","damage_taken":0,"max_hp_gain":0,"max_hp_loss":0,"event_name":"Bonfire Elementals","floor":12,"gold_loss":0},{"cards_removed":["Cold Snap"],"damage_healed":0,"gold_gain":0,"player_choice":"Elegance","damage_taken":0,"max_hp_gain":0,"max_hp_loss":0,"event_name":"Back to Basics","floor":20,"gold_loss":0},{"damage_healed":0,"gold_gain":0,"player_choice":"Obtained Book","damage_taken":16,"max_hp_gain":0,"max_hp_loss":0,"event_name":"Cursed Tome","floor":28,"gold_loss":0},{"damage_healed":0,"gold_gain":0,"player_choice":"Stole Relic","damage_taken":0,"relics_obtained":["Juzu Bracelet"],"max_hp_gain":0,"max_hp_loss":0,"event_name":"Addict","floor":30,"gold_loss":0,"cards_obtained":["Shame"]},{"damage_healed":0,"gold_gain":75,"player_choice":"Touch","damage_taken":7,"max_hp_gain":0,"max_hp_loss":0,"event_name":"FaceTrader","floor":36,"gold_loss":0},{"damage_healed":0,"gold_gain":0,"player_choice":"Memory 1","damage_taken":0,"max_hp_gain":0,"max_hp_loss":0,"event_name":"SensoryStone","floor":39,"gold_loss":0},{"damage_healed":0,"gold_gain":0,"player_choice":"Paid","damage_taken":0,"relics_obtained":["Red Mask"],"max_hp_gain":0,"max_hp_loss":0,"event_name":"Tomb of Lord Red Mask","floor":47,"gold_loss":394}],"is_beta":false,"boss_relics":[{"not_picked":["Calling Bell","Runic Dome"],"picked":"Pandora\u0027s Box"},{"not_picked":["Lizard Tail","Nuclear Battery"],"picked":"Busted Crown"}],"items_purged_floors":[19,38],"is_endless":false,"potions_floor_spawned":[1,4,7,13,16,22,24,33,40,41,45,48],"ascension_level":4}