{"gold_per_floor":[110,110,60,74,74,108,108,167,167,182,182,182,202,218,218,314,314,334,259,182,193,193,193,209,209,209,240,17,17,51,71,71,71],"floor_reached":33,"playtime":941,"items_purged":[],"score":453,"play_id":"ab570587-c819-4bb6-9d93-157baa66b870","local_time":"20180813215404","is_ascension_mode":true,"campfire_choices":[{"floor":7,"key":"REST"},{"floor":12,"key":"REST"},{"floor":15,"key":"REST"},{"data":"Spot Weakness","floor":23,"key":"SMITH"},{"floor":29,"key":"REST"},{"floor":32,"key":"REST"}],"neow_cost":"","seed_source_timestamp":525376310161788,"circlet_count":0,"master_deck":["Strike_R+1","Strike_R+1","Strike_R+1","Strike_R+1","Strike_R+1","Defend_R+1","Defend_R+1","Defend_R+1","Bash","AscendersBane","Battle Trance","Spot Weakness+1","Twin Strike+1","Rage","Heavy Blade","J.A.X.","Sword Boomerang","Spot Weakness","Heavy Blade","Shrug It Off","Double Tap","Armaments"],"relics":["Burning Blood","Bottled Lightning","Whetstone","Lantern","Mark of Pain","Meat on the Bone","Bag of Marbles","Red Skull"],"potions_floor_usage":[8,16,16,27,27],"damage_taken":[{"damage":13,"enemies":"Small Slimes","floor":1,"turns":5},{"damage":7,"enemies":"Jaw Worm","floor":4,"turns":3},{"damage":50,"enemies":"Lagavulin","floor":6,"turns":8},{"damage":40,"enemies":"Gremlin Nob","floor":8,"turns":5},{"damage":2,"enemies":"2 Louse","floor":10,"turns":3},{"damage":12,"enemies":"Exordium Thugs","floor":13,"turns":3},{"damage":0,"enemies":"2 Fungi Beasts","floor":14,"turns":2},{"damage":37,"enemies":"Hexaghost","floor":16,"turns":7},{"damage":12,"enemies":"Chosen","floor":18,"turns":4},{"damage":3,"enemies":"3 Byrds","floor":21,"turns":5},{"damage":25,"enemies":"3 Cultists","floor":24,"turns":4},{"damage":29,"enemies":"Slavers","floor":27,"turns":6},{"damage":46,"enemies":"Book of Stabbing","floor":30,"turns":4},{"damage":12,"enemies":"Centurion and Healer","floor":31,"turns":3},{"damage":100,"enemies":"Collector","floor":33,"turns":6}],"seed_played":"-3895366438054130659","potions_obtained":[{"floor":1,"key":"PowerPotion"},{"floor":6,"key":"PowerPotion"},{"floor":10,"key":"Strength Potion"},{"floor":16,"key":"PowerPotion"},{"floor":18,"key":"Regen Potion"}],"is_trial":false,"path_per_floor":["M","?","?","M","$","E","R","?","T","M","?","R","M","M","R","B",null,"M","?","?","M","?","R","M","?","T","E","$","R","E","M","R"],"character_chosen":"IRONCLAD","items_purchased":["Heavy Blade","Shrug It Off","Double Tap"],"campfire_rested":5,"item_purchase_floors":[28,28,28],"current_hp_per_floor":[65,70,70,69,69,25,50,16,16,20,3,28,22,28,53,22,69,63,63,63,66,66,66,47,31,31,34,34,61,33,39,66,0],"gold":71,"neow_bonus":"","is_prod":false,"is_daily":false,"chose_seed":false,"campfire_upgraded":1,"win_rate":0,"timestamp":1534211644,"path_taken":["M","?","?","?","$","E","R","?","T","M","?","R","M","M","R","BOSS","M","?","?","?","?","R","M","?","T","E","$","R","E","M","R","BOSS"],"build_version":"2018-08-08","purchased_purges":0,"victory":false,"max_hp_per_floor":[80,85,85,85,85,85,85,85,85,85,85,85,85,85,85,85,85,85,85,85,85,85,85,85,90,90,90,90,90,90,90,90,90],"card_choices":[{"not_picked":["Evolve","Entrench"],"picked":"Clash","floor":1},{"not_picked":["Shockwave","Intimidate"],"picked":"Battle Trance","floor":4},{"not_picked":["Evolve","Twin Strike"],"picked":"Spot Weakness","floor":6},{"not_picked":["Headbutt","Armaments"],"picked":"Twin Strike","floor":10},{"not_picked":["Pommel Strike","Headbutt"],"picked":"Rage","floor":13},{"not_picked":["Armaments","Cleave","Seeing Red"],"picked":"SKIP","floor":14},{"not_picked":["True Grit","Armaments"],"picked":"Heavy Blade","floor":18},{"not_picked":["Anger","Thunderclap"],"picked":"Sword Boomerang","floor":21},{"not_picked":["Iron Wave","Intimidate+1"],"picked":"Spot Weakness","floor":24},{"not_picked":["Blood for Blood","Immolate","Armaments"],"picked":"SKIP","floor":27},{"not_picked":["Anger","Battle Trance"],"picked":"Armaments","floor":30},{"not_picked":["Rupture","Perfected Strike","Metallicize"],"picked":"SKIP","floor":31}],"player_experience":821660,"relics_obtained":[{"floor":6,"key":"Bottled Lightning"},{"floor":8,"key":"Whetstone"},{"floor":9,"key":"Lantern"},{"floor":26,"key":"Meat on the Bone"},{"floor":27,"key":"Bag of Marbles"},{"floor":30,"key":"Red Skull"}],"event_choices":[{"event_name":"Big Fish","player_choice":"Donut","floor":2,"damage_taken":0},{"event_name":"The Cleric","player_choice":"Card Removal","floor":3,"damage_taken":0},{"event_name":"Dead Adventurer","player_choice":"Searched \u00271\u0027 times","floor":8,"damage_taken":0},{"event_name":"Shining Light","player_choice":"Entered Light","floor":11,"damage_taken":0},{"event_name":"Beggar","player_choice":"Gave Gold","floor":19,"damage_taken":0},{"event_name":"Drug Dealer","player_choice":"Got JAXXED","floor":20,"damage_taken":0},{"event_name":"Back to Basics","player_choice":"Simplicity","floor":22,"damage_taken":0},{"event_name":"Forgotten Altar","player_choice":"Shed Blood","floor":25,"damage_taken":0}],"is_beta":true,"boss_relics":[{"not_picked":["Runic Pyramid","Runic Cube"],"picked":"Mark of Pain"}],"items_purged_floors":[],"is_endless":false,"potions_floor_spawned":[1,6,10,14,16,18,21],"killed_by":"Collector","ascension_level":12}