{"gold_per_floor":[118,130,142,159,178,178,207,207,282,301,320,339,359,386,386,462,462,481,496,513,513,528,528,557,557,604,679,679,679,708,33,33,33],"floor_reached":33,"playtime":1590,"items_purged":["Strike_R"],"score":542,"play_id":"d5b9e903-1b33-409b-b9fc-2cf5ea9e516d","local_time":"20190907231932","is_ascension_mode":true,"campfire_choices":[{"data":"Armaments","floor":6,"key":"SMITH"},{"floor":8,"key":"REST"},{"data":"True Grit","floor":15,"key":"SMITH"},{"floor":23,"key":"REST"},{"floor":25,"key":"REST"},{"floor":28,"key":"REST"},{"floor":32,"key":"RECALL"}],"neow_cost":"TEN_PERCENT_HP_LOSS","seed_source_timestamp":267468434433900,"circlet_count":0,"master_deck":["AscendersBane","Strike_R","Strike_R","Defend_R","Defend_R","Defend_R","Defend_R","Bash","True Grit+1","Cleave","Armaments+1","Carnage","Ghostly Armor+1","Iron Wave","Corruption+1","Entrench","Spot Weakness","Headbutt","Impervious","Feel No Pain+1","Flame Barrier","Writhe","Spot Weakness+1","Burning Pact","Havoc+1","Apotheosis"],"special_seed":0,"relics":["Burning Blood","Frozen Egg 2","qcfpunch:White_Boots","Torii","Fusion Hammer","Regal Pillow","Boot","Bag of Preparation","Blue Candle","qcfpunch:Neverending_Blood","Blood Vial","War Paint","ClockworkSouvenir"],"potions_floor_usage":[16],"damage_taken":[{"damage":11,"enemies":"Cultist","floor":1,"turns":4},{"damage":16,"enemies":"Jaw Worm","floor":2,"turns":8},{"damage":7,"enemies":"2 Louse","floor":3,"turns":4},{"damage":17,"enemies":"Blue Slaver","floor":4,"turns":4},{"damage":2,"enemies":"2 Fungi Beasts","floor":5,"turns":4},{"damage":32,"enemies":"Gremlin Nob","floor":7,"turns":4},{"damage":1,"enemies":"Exordium Thugs","floor":10,"turns":5},{"damage":6,"enemies":"Looter","floor":11,"turns":3},{"damage":6,"enemies":"3 Louse","floor":12,"turns":4},{"damage":16,"enemies":"2 Fungi Beasts","floor":13,"turns":5},{"damage":7,"enemies":"Lagavulin","floor":14,"turns":5},{"damage":21,"enemies":"Hexaghost","floor":16,"turns":12},{"damage":0,"enemies":"Spheric Guardian","floor":18,"turns":2},{"damage":1,"enemies":"Chosen","floor":19,"turns":4},{"damage":1,"enemies":"Snake Plant","floor":20,"turns":6},{"damage":22,"enemies":"3 Cultists","floor":22,"turns":6},{"damage":66,"enemies":"Slavers","floor":24,"turns":8},{"damage":12,"enemies":"Slavers","floor":29,"turns":5},{"damage":15,"enemies":"Gremlin Leader","floor":30,"turns":7},{"damage":100,"enemies":"Automaton","floor":33,"turns":12}],"seed_played":"3314466236764374088","potions_obtained":[{"floor":1,"key":"FearPotion"},{"floor":3,"key":"Energy Potion"},{"floor":10,"key":"Strength Potion"},{"floor":11,"key":"Regen Potion"},{"floor":16,"key":"LiquidBronze"}],"is_trial":false,"path_per_floor":["M","M","M","M","M","R","E","R","T","M","M","M","M","E","R","B",null,"M","M","M","?","M","R","E","R","T","T","R","?","E","$","R","B"],"character_chosen":"IRONCLAD","items_purchased":["Apotheosis","War Paint","ClockworkSouvenir"],"campfire_rested":4,"item_purchase_floors":[31,31,31],"current_hp_per_floor":[63,53,52,41,45,45,19,39,39,44,44,44,34,33,33,33,59,65,68,68,68,52,68,8,43,43,43,68,62,57,57,57,0],"gold":33,"neow_bonus":"REMOVE_TWO","is_prod":false,"is_daily":false,"chose_seed":false,"campfire_upgraded":2,"win_rate":0,"timestamp":1567923572,"path_taken":["M","?","M","M","M","R","E","R","T","M","M","M","M","E","R","BOSS","M","M","M","?","M","R","E","R","T","?","R","?","E","?","R","BOSS"],"build_version":"2019-07-17","purchased_purges":1,"victory":false,"max_hp_per_floor":[68,68,68,68,68,68,68,68,68,68,68,68,68,68,68,68,68,68,68,68,68,68,68,68,68,68,68,68,68,68,68,68,68],"card_choices":[{"not_picked":["Second Wind","Rage"],"picked":"True Grit","floor":1},{"not_picked":["Sentinel","Infernal Blade","Wild Strike"],"picked":"SKIP","floor":2},{"not_picked":["True Grit","Intimidate"],"picked":"Cleave","floor":3},{"not_picked":["True Grit","Rupture"],"picked":"Armaments","floor":4},{"not_picked":["Armaments","Pommel Strike"],"picked":"Carnage","floor":5},{"not_picked":["Dual Wield","Clash"],"picked":"Ghostly Armor","floor":7},{"not_picked":["Havoc","Dropkick"],"picked":"Iron Wave","floor":10},{"not_picked":["Iron Wave","Shockwave"],"picked":"Corruption+1","floor":11},{"not_picked":["Wild Strike","True Grit"],"picked":"Entrench","floor":12},{"not_picked":["Twin Strike","Perfected Strike"],"picked":"Spot Weakness","floor":13},{"not_picked":["Perfected Strike","Dropkick"],"picked":"Headbutt","floor":14},{"not_picked":["Exhume","Fiend Fire"],"picked":"Impervious","floor":16},{"not_picked":["Metallicize+1","Ghostly Armor"],"picked":"Feel No Pain+1","floor":18},{"not_picked":["Pommel Strike","Searing Blow"],"picked":"Flame Barrier","floor":19},{"not_picked":["Anger","Corruption+1","Warcry"],"picked":"SKIP","floor":20},{"not_picked":["Ghostly Armor","Burning Pact"],"picked":"Spot Weakness","floor":22},{"not_picked":["Iron Wave","Clothesline"],"picked":"Burning Pact","floor":24},{"not_picked":["Wild Strike","Combust+1"],"picked":"Havoc+1","floor":30}],"player_experience":1379131,"relics_obtained":[{"floor":7,"key":"Frozen Egg 2"},{"floor":9,"key":"qcfpunch:White_Boots"},{"floor":14,"key":"Torii"},{"floor":24,"key":"Boot"},{"floor":26,"key":"Bag of Preparation"},{"floor":27,"key":"Blue Candle"},{"floor":30,"key":"Blood Vial"}],"event_choices":[{"damage_healed":0,"gold_gain":0,"player_choice":"Opened","damage_taken":0,"relics_obtained":["Regal Pillow"],"max_hp_gain":0,"max_hp_loss":0,"event_name":"The Mausoleum","floor":21,"gold_loss":0,"cards_obtained":["Writhe"]}],"is_beta":false,"boss_relics":[{"not_picked":["Empty Cage","Black Star"],"picked":"Fusion Hammer"}],"items_purged_floors":[31],"is_endless":false,"potions_floor_spawned":[1,3,7,10,11,13,16,18,20,30],"killed_by":"Automaton","ascension_level":16}