{"gold_per_floor":[117,132,147,159,159,159,15,49,49,49,60,72,72,104,104,104],"floor_reached":16,"playtime":548,"items_purged":[],"score":179,"play_id":"cb7fb9d6-ad1b-46cf-a4d1-8c9b5041993b","local_time":"20190407232337","is_ascension_mode":true,"campfire_choices":[{"floor":6,"key":"REST"},{"floor":10,"key":"REST"},{"data":"Deadly Poison","floor":13,"key":"SMITH"},{"floor":15,"key":"REST"}],"neow_cost":"PERCENT_DAMAGE","seed_source_timestamp":179309986267655,"circlet_count":0,"master_deck":["AscendersBane","Defend_G","Defend_G","Defend_G","Defend_G","Defend_G","Strike_G","Strike_G","Strike_G","Strike_G","Strike_G","Survivor","Neutralize+1","PiercingWail","Terror+1","Flying Knee","Dodge and Roll","Dodge and Roll","Cloak And Dagger","Deadly Poison+1","Backflip"],"relics":["Ring of the Snake","Blood Vial","Question Card","Dead Branch","Bird Faced Urn"],"potions_floor_usage":[4,16],"damage_taken":[{"damage":4,"enemies":"Small Slimes","floor":1,"turns":4},{"damage":1,"enemies":"2 Louse","floor":2,"turns":4},{"damage":7,"enemies":"Jaw Worm","floor":3,"turns":4},{"damage":5,"enemies":"Exordium Thugs","floor":4,"turns":6},{"damage":37,"enemies":"Lagavulin","floor":8,"turns":8},{"damage":0,"enemies":"Red Slaver","floor":11,"turns":6},{"damage":6,"enemies":"Large Slime","floor":12,"turns":10},{"damage":34,"enemies":"Gremlin Nob","floor":14,"turns":5},{"damage":20,"enemies":"The Guardian","floor":16,"turns":6}],"seed_played":"1585511677068074971","potions_obtained":[{"floor":1,"key":"AttackPotion"},{"floor":8,"key":"SteroidPotion"},{"floor":14,"key":"PowerPotion"}],"is_trial":false,"path_per_floor":["M","M","M","M","?","R","$","E","T","R","M","M","R","E","R","B"],"character_chosen":"THE_SILENT","items_purchased":["Blood Vial"],"campfire_rested":3,"item_purchase_floors":[7],"current_hp_per_floor":[55,54,47,42,25,50,50,15,15,40,42,38,38,6,31,15],"gold":104,"neow_bonus":"TWENTY_PERCENT_HP_BONUS","is_prod":false,"is_daily":false,"chose_seed":false,"campfire_upgraded":1,"win_rate":0,"timestamp":1554701017,"path_taken":["M","M","M","M","?","R","$","E","T","R","M","M","R","E","R","BOSS"],"build_version":"2019-01-23","purchased_purges":0,"victory":false,"max_hp_per_floor":[84,84,84,84,84,84,84,84,84,84,84,84,84,84,84,84],"card_choices":[{"not_picked":["Sucker Punch","Accuracy"],"picked":"PiercingWail","floor":1},{"not_picked":["Escape Plan","Reflex"],"picked":"Terror","floor":2},{"not_picked":["Outmaneuver","Escape Plan"],"picked":"Flying Knee","floor":3},{"not_picked":["Outmaneuver","PiercingWail"],"picked":"Dodge and Roll","floor":4},{"not_picked":["Quick Slash","Dagger Spray"],"picked":"Dodge and Roll","floor":8},{"not_picked":["Caltrops","All Out Attack","Eviscerate"],"picked":"Cloak And Dagger","floor":11},{"not_picked":["Deflect","Backstab","Sucker Punch"],"picked":"Deadly Poison","floor":12},{"not_picked":["Choke","Expertise","Cloak And Dagger"],"picked":"Backflip","floor":14}],"player_experience":500793,"relics_obtained":[{"floor":8,"key":"Question Card"},{"floor":9,"key":"Dead Branch"},{"floor":14,"key":"Bird Faced Urn"}],"event_choices":[{"damage_healed":0,"gold_gain":0,"player_choice":"Entered Light","damage_taken":17,"max_hp_gain":0,"max_hp_loss":0,"event_name":"Shining Light","floor":5,"gold_loss":0,"cards_upgraded":["Terror","Neutralize"]}],"is_beta":false,"boss_relics":[],"items_purged_floors":[],"is_endless":false,"potions_floor_spawned":[1,8,14],"killed_by":"The Guardian","ascension_level":12}