{"gold_per_floor":[114,43,118,142,162,162,195,195,218,218,228,228,1,19,19,117,117,127,145,145,10,29,29,61,73,85,97,109,41,41,55,55,160,160,179,197,197,209,156,156,10,10,92,109,119,119,131,149,149,149],"floor_reached":51,"playtime":3041,"items_purged":["Strike_B","Strike_B"],"score":732,"play_id":"b98dd53e-2e6e-4958-99f3-442ebf2b83cd","local_time":"20190815220639","is_ascension_mode":true,"campfire_choices":[{"data":"Defragment","floor":6.0,"key":"SMITH"},{"floor":8.0,"key":"REST"},{"data":"Defragment","floor":10.0,"key":"SMITH"},{"data":"Cold Snap","floor":12.0,"key":"SMITH"},{"floor":15.0,"key":"REST"},{"data":"Dualcast","floor":23.0,"key":"SMITH"},{"data":"Coolheaded","floor":25.0,"key":"SMITH"},{"data":"Go for the Eyes","floor":27.0,"key":"SMITH"},{"data":"Consume","floor":32.0,"key":"SMITH"},{"data":"Redo","floor":40.0,"key":"SMITH"},{"data":"All For One","floor":42.0,"key":"SMITH"},{"data":"Reinforced Body","floor":46.0,"key":"SMITH"},{"data":"Cold Snap","floor":49,"key":"SMITH"}],"neow_cost":"NONE","seed_source_timestamp":517418954099,"circlet_count":0,"master_deck":["Defend_B+1","Defend_B+1","Zap+1","Dualcast+1","Cold Snap+1","Defragment+1","Ball Lightning","Defragment+1","Cold Snap+1","All For One+1","Consume+1","Go for the Eyes+1","Self Repair","Coolheaded+1","Self Repair","Reinforced Body+1","Core Surge","Echo Form+1","Seek+1","Steam+1","Ball Lightning+1","Loop+1","Redo+1","Redo+1","White Noise"],"special_seed":0,"relics":["Cracked Core","War Paint","DataDisk","Oddly Smooth Stone","Happy Flower","Inserter","MawBank","Ice Cream","Enchiridion","Astrolabe","Art of War","Darkstone Periapt"],"potions_floor_usage":[50],"damage_taken":[{"damage":7.0,"enemies":"Jaw Worm","floor":1.0,"turns":4.0},{"damage":0.0,"enemies":"Small Slimes","floor":5.0,"turns":3.0},{"damage":23.0,"enemies":"Lagavulin","floor":7.0,"turns":5.0},{"damage":0.0,"enemies":"Cultist","floor":11.0,"turns":2.0},{"damage":13.0,"enemies":"Blue Slaver","floor":14.0,"turns":2.0},{"damage":13.0,"enemies":"Hexaghost","floor":16.0,"turns":7.0},{"damage":19.0,"enemies":"2 Thieves","floor":18.0,"turns":4.0},{"damage":0.0,"enemies":"Spheric Guardian","floor":19.0,"turns":4.0},{"damage":6.0,"enemies":"Cultist and Chosen","floor":22.0,"turns":6.0},{"damage":1.0,"enemies":"Gremlin Leader","floor":24.0,"turns":7.0},{"damage":0.0,"enemies":"Centurion and Healer","floor":31.0,"turns":6.0},{"damage":1.0,"enemies":"Champ","floor":33.0,"turns":9.0},{"damage":2.0,"enemies":"3 Darklings","floor":35.0,"turns":4.0},{"damage":2.0,"enemies":"Orb Walker","floor":36.0,"turns":3.0},{"damage":7.0,"enemies":"Transient","floor":38.0,"turns":5.0},{"damage":1.0,"enemies":"4 Shapes","floor":44.0,"turns":4.0},{"damage":12.0,"enemies":"3 Darklings","floor":45.0,"turns":5.0},{"damage":7.0,"enemies":"Sphere and 2 Shapes","floor":47.0,"turns":4.0},{"damage":0.0,"enemies":"Transient","floor":48.0,"turns":5.0},{"damage":34,"enemies":"Time Eater","floor":50,"turns":11}],"seed_played":"7014689124742994809","potions_obtained":[{"floor":7.0,"key":"Dexterity Potion"},{"floor":14.0,"key":"Weak Potion"},{"floor":16.0,"key":"SpeedPotion"},{"floor":22.0,"key":"Ancient Potion"},{"floor":33.0,"key":"GamblersBrew"},{"floor":44.0,"key":"SkillPotion"},{"floor":45.0,"key":"FearPotion"},{"floor":47.0,"key":"FocusPotion"},{"floor":48.0,"key":"GamblersBrew"}],"is_trial":false,"path_per_floor":["M","$","?","T","M","R","E","R","T","R","M","R","$","M","R","B",null,"M","M","?","$","M","R","E","R","T","R","?","$","?","M","R","B",null,"M","M","?","M","$","R","$","R","T","M","M","R","M","M","R","B",null],"character_chosen":"DEFECT","items_purchased":["Defragment","Happy Flower","Self Repair","Reinforced Body","Redo","Art of War"],"campfire_rested":2,"item_purchase_floors":[2,13,21,29,39,41],"current_hp_per_floor":[68,68,57,57,57,57,34,56,56,56,56,56,56,43,65,52,75,56,56,75,75,75,75,75,75,75,75,59,59,59,73,73,75,75,75,75,75,75,75,75,75,75,75,74,69,69,75,75,75,55],"gold":149,"neow_bonus":"UPGRADE_CARD","is_prod":false,"is_daily":false,"chose_seed":false,"campfire_upgraded":11,"win_rate":0,"timestamp":1565903199,"path_taken":["M","$","?","?","M","R","E","R","T","R","M","R","?","?","R","BOSS","M","M","?","$","M","R","E","R","T","R","?","$","?","M","R","BOSS","M","M","?","M","$","R","$","R","T","M","M","R","M","?","R","BOSS"],"build_version":"2019-07-17","purchased_purges":2,"victory":true,"max_hp_per_floor":[75,75,75,75,75,75,75,75,75,75,75,75,75,75,75,75,75,75,75,75,75,75,75,75,75,75,75,75,75,75,75,75,75,75,75,75,75,75,75,75,75,75,75,75,75,75,75,75,75,75],"card_choices":[{"not_picked":["Conserve Battery","Beam Cell"],"picked":"Cold Snap","floor":1.0},{"not_picked":["Turbo","Stack"],"picked":"Ball Lightning","floor":5.0},{"not_picked":["Cold Snap","Ball Lightning"],"picked":"Defragment","floor":7.0},{"not_picked":["Rebound","Gash"],"picked":"Cold Snap","floor":11.0},{"not_picked":["Sweeping Beam","Barrage","Turbo"],"picked":"SKIP","floor":14.0},{"not_picked":["Electrodynamics","Meteor Strike"],"picked":"All For One","floor":16.0},{"not_picked":["Steam","Rebound"],"picked":"Consume","floor":18.0},{"not_picked":["Gash","Fusion+1"],"picked":"Go for the Eyes","floor":19.0},{"not_picked":["Reboot","Rebound"],"picked":"Coolheaded","floor":22.0},{"not_picked":["Reprogram","Storm+1"],"picked":"Self Repair","floor":24.0},{"not_picked":["Compile Driver","Double Energy","Turbo+1"],"picked":"SKIP","floor":31.0},{"not_picked":["Reboot","Amplify"],"picked":"Core Surge","floor":33.0},{"not_picked":["Streamline+1","Stack+1"],"picked":"Ball Lightning+1","floor":35.0},{"not_picked":["Cold Snap","Core Surge"],"picked":"Loop+1","floor":36.0},{"not_picked":["Sunder","Rebound+1","Compile Driver"],"picked":"SKIP","floor":38.0},{"not_picked":["Go for the Eyes","Rebound+1"],"picked":"Redo+1","floor":44.0},{"not_picked":["Leap","Compile Driver","Rip and Tear"],"picked":"SKIP","floor":45.0},{"not_picked":["Hello World+1","Sweeping Beam+1"],"picked":"White Noise","floor":47.0},{"not_picked":["Reinforced Body","Tempest+1","Rebound"],"picked":"SKIP","floor":48.0}],"player_experience":143178,"relics_obtained":[{"floor":4.0,"key":"War Paint"},{"floor":7.0,"key":"DataDisk"},{"floor":9.0,"key":"Oddly Smooth Stone"},{"floor":24.0,"key":"MawBank"},{"floor":26.0,"key":"Ice Cream"},{"floor":28.0,"key":"Enchiridion"},{"floor":43.0,"key":"Darkstone Periapt"}],"event_choices":[{"damage_healed":0.0,"max_hp_gain":0.0,"max_hp_loss":0.0,"gold_gain":75.0,"event_name":"World of Goop","player_choice":"Gather Gold","floor":3.0,"gold_loss":0.0,"damage_taken":11.0},{"damage_healed":25.0,"max_hp_gain":0.0,"max_hp_loss":0.0,"gold_gain":0.0,"event_name":"The Library","player_choice":"Heal","floor":20.0,"gold_loss":0.0,"damage_taken":0.0},{"damage_healed":0.0,"max_hp_gain":0.0,"max_hp_loss":0.0,"gold_gain":0.0,"event_name":"Cursed Tome","player_choice":"Obtained Book","floor":28.0,"gold_loss":0.0,"damage_taken":16.0},{"cards_removed":["Defend_B"],"damage_healed":0.0,"max_hp_gain":0.0,"max_hp_loss":0.0,"gold_gain":0.0,"event_name":"Bonfire Elementals","player_choice":"Offered Basic","floor":37.0,"gold_loss":0.0,"damage_taken":0.0}],"is_beta":false,"boss_relics":[{"not_picked":["Ectoplasm","Runic Pyramid"],"picked":"Inserter"},{"not_picked":["Fusion Hammer","Pandora\u0027s Box"],"picked":"Astrolabe"}],"items_purged_floors":[13,21],"is_endless":false,"potions_floor_spawned":[7,14,16,22,33,44,45,47,48],"ascension_level":3}