{"path_per_floor":["M","?","?","?","M","R","E","R","T","M","E","R","M","E","R","B",null,"M","M","?","M","?","R","M","$","T","$","R","M","?","M","R"],"character_chosen":"IRONCLAD","items_purchased":["Fruit Juice"],"gold_per_floor":[113,113,113,113,128,128,172,172,195,219,250,250,268,309,309,437,437,455,468,383,408,408,408,424,249,249,149,149,170,170,193,193,193],"floor_reached":33,"campfire_rested":1,"playtime":842,"current_hp_per_floor":[78,71,71,51,57,57,63,63,63,69,65,65,57,54,54,27,67,77,73,73,57,57,80,70,70,70,70,70,77,77,79,79,0],"items_purged":["Writhe","Perfected Strike"],"gold":193,"score":435,"play_id":"dce8abb9-8885-4bef-8868-b7a6fb8ca75b","local_time":"20180515164629","is_prod":false,"is_daily":false,"chose_seed":false,"is_ascension_mode":true,"campfire_upgraded":6,"timestamp":1526417189,"path_taken":["M","?","?","?","?","R","E","R","T","?","E","R","M","E","R","BOSS","M","?","?","M","?","R","M","$","T","$","R","M","?","?","R","BOSS"],"build_version":"2018-05-14v2","seed_source_timestamp":79476260537343,"purchased_purges":2,"victory":false,"master_deck":["Strike_R","Strike_R","Strike_R","Strike_R","Defend_R","Defend_R","Defend_R","Bash+1","AscendersBane","Whirlwind+1","Ghostly Armor","Uppercut+1","Fiend Fire+1","Power Through","Hemokinesis","Demon Form+1","Cleave+1","Wild Strike+1","Shrug It Off","Spot Weakness+1"],"max_hp_per_floor":[80,80,80,80,80,80,80,80,80,80,80,80,80,80,80,80,80,80,80,80,80,80,80,80,80,80,80,80,80,80,80,80,85],"relics":["Black Blood","NeowsBlessing","Golden Idol","Bag of Preparation","Regal Pillow","Vajra","Anchor","Centennial Puzzle","Self Forming Clay","Gremlin Horn"],"card_choices":[{"not_picked":["Flex","Clash","Dropkick"],"picked":"SKIP","floor":1},{"not_picked":["Headbutt","Rage"],"picked":"Ghostly Armor","floor":5},{"not_picked":["Thunderclap","Entrench"],"picked":"Uppercut","floor":7},{"not_picked":["Fire Breathing","Metallicize","Sword Boomerang"],"picked":"SKIP","floor":10},{"not_picked":["Twin Strike","Reaper"],"picked":"Fiend Fire","floor":11},{"not_picked":["Feel No Pain","True Grit"],"picked":"Power Through","floor":13},{"not_picked":["Rage","Entrench"],"picked":"Hemokinesis","floor":14},{"not_picked":["Berserk","Barricade"],"picked":"Demon Form","floor":16},{"not_picked":["Anger+1","Sever Soul"],"picked":"Cleave+1","floor":18},{"not_picked":["Clothesline","Intimidate"],"picked":"Perfected Strike","floor":19},{"not_picked":["Flex","Clash"],"picked":"Wild Strike+1","floor":21},{"not_picked":["Corruption","Entrench","Anger"],"picked":"SKIP","floor":24},{"not_picked":["Burning Pact+1","Heavy Blade"],"picked":"Shrug It Off","floor":29},{"not_picked":["Armaments","Anger","Clothesline"],"picked":"SKIP","floor":31}],"player_experience":769036,"potions_floor_usage":[16,29,33,33],"damage_taken":[{"damage":0,"enemies":"Cultist","floor":1,"turns":1},{"damage":0,"enemies":"Jaw Worm","floor":5,"turns":1},{"damage":0,"enemies":"3 Sentries","floor":7,"turns":1},{"damage":0,"enemies":"2 Louse","floor":10,"turns":2},{"damage":10,"enemies":"Gremlin Nob","floor":11,"turns":4},{"damage":14,"enemies":"Red Slaver","floor":13,"turns":4},{"damage":9,"enemies":"3 Sentries","floor":14,"turns":6},{"damage":33,"enemies":"Slime Boss","floor":16,"turns":10},{"damage":0,"enemies":"2 Thieves","floor":18,"turns":3},{"damage":14,"enemies":"Spheric Guardian","floor":19,"turns":3},{"damage":26,"enemies":"3 Cultists","floor":21,"turns":6},{"damage":20,"enemies":"Slaver and Parasite","floor":24,"turns":7},{"damage":3,"enemies":"Chosen and Byrds","floor":29,"turns":5},{"damage":8,"enemies":"Cultist and Chosen","floor":31,"turns":3},{"damage":102,"enemies":"Champ","floor":33,"turns":7}],"relics_obtained":[{"floor":7,"key":"Bag of Preparation"},{"floor":9,"key":"Regal Pillow"},{"floor":11,"key":"Vajra"},{"floor":14,"key":"Anchor"},{"floor":26,"key":"Gremlin Horn"}],"event_choices":[{"event_name":"Golden Wing","player_choice":"Card Removal","floor":2,"damage_taken":0},{"event_name":"Transmorgrifier","player_choice":"Transform","floor":3,"damage_taken":0},{"event_name":"Golden Idol","player_choice":"Take Damage","floor":4,"damage_taken":0},{"event_name":"Addict","player_choice":"Obtained Relic","floor":20,"damage_taken":0},{"event_name":"The Mausoleum","player_choice":"Yes","floor":22,"damage_taken":0},{"event_name":"The Library","player_choice":"Read","floor":30,"damage_taken":0}],"boss_relics":[{"not_picked":["Snecko Eye","Black Star"],"picked":"Black Blood"}],"potions_floor_spawned":[5,7,13,14,18,21,29,31],"seed_played":"5015079279579040870","killed_by":"Champ","ascension_level":10,"potions_obtained":[{"floor":5,"key":"Dexterity Potion"},{"floor":7,"key":"Fire Potion"},{"floor":13,"key":"AttackPotion"},{"floor":18,"key":"SpeedPotion"},{"floor":29,"key":"GamblersBrew"},{"floor":31,"key":"Regen Potion"}],"is_trial":false}