{"gold_per_floor":[109,284,295,295,295,329,329,404,404,208,234,247,247,265,265,369,369,386,386,101,101,32,32,51,83,132,149,6,6,6,25,25,127,127,146,161,161,179,196,196,196,216,216,231,0,52,63,91,91,91,91,91,21,53,53],"floor_reached":55,"playtime":2024,"items_purged":[],"score":1019,"play_id":"bdce8e7f-06ed-48ee-b11f-b0254bd83dd5","local_time":"20190203010104","is_ascension_mode":true,"campfire_choices":[{"data":"Leg Sweep","floor":7.0,"key":"SMITH"},{"data":"Poisoned Stab","floor":13.0,"key":"SMITH"},{"data":"A Thousand Cuts","floor":15.0,"key":"SMITH"},{"data":"Footwork","floor":23,"key":"SMITH"},{"floor":32,"key":"REST"},{"data":"Infinite Blades","floor":40,"key":"SMITH"},{"floor":49,"key":"RECALL"},{"data":"Envenom","floor":52,"key":"SMITH"}],"neow_cost":"NONE","seed_source_timestamp":0,"circlet_count":0,"master_deck":["Defend_G","Defend_G","Defend_G","Defend_G","Defend_G","Strike_G","Strike_G","Strike_G","Strike_G","Survivor","Neutralize","Backstab","Leg Sweep+1","Poisoned Stab+1","Backflip+1","Calculated Gamble+1","Deadly Poison+1","A Thousand Cuts+1","After Image+1","Prepared+1","Footwork+1","Infinite Blades+1","Noxious Fumes","Catalyst+1","Accuracy","Choke+1","Cloak And Dagger+1","PiercingWail+1","Cloak And Dagger+1","Dodge and Roll+1","Finisher","Night Terror+1","Envenom+1","Accuracy+1","Footwork","Venomology+1"],"special_seed":0,"relics":["Ring of the Snake","NeowsBlessing","Vajra","Toxic Egg 2","Anchor","Odd Mushroom","Lizard Tail","Mummified Hand","Darkstone Periapt","Omamori","Blood Vial","Prayer Wheel","Coffee Dripper","Red Mask","Pen Nib","Art of War","Bottled Lightning"],"potions_floor_usage":[24,36,41,47,47,48,55,55],"damage_taken":[{"damage":0.0,"enemies":"Jaw Worm","floor":1.0,"turns":1.0},{"damage":0.0,"enemies":"2 Louse","floor":3.0,"turns":1.0},{"damage":0.0,"enemies":"Lagavulin","floor":6.0,"turns":1.0},{"damage":5.0,"enemies":"The Mushroom Lair","floor":11.0,"turns":6.0},{"damage":0.0,"enemies":"Small Slimes","floor":12.0,"turns":2.0},{"damage":0.0,"enemies":"Blue Slaver","floor":14.0,"turns":3.0},{"damage":0.0,"enemies":"Slime Boss","floor":16.0,"turns":8.0},{"damage":14,"enemies":"Shell Parasite","floor":18,"turns":7},{"damage":0,"enemies":"Chosen","floor":24,"turns":5},{"damage":5,"enemies":"Book of Stabbing","floor":25,"turns":7},{"damage":20,"enemies":"Snake Plant","floor":27,"turns":3},{"damage":12,"enemies":"Chosen and Byrds","floor":31,"turns":6},{"damage":24,"enemies":"Automaton","floor":33,"turns":11},{"damage":6,"enemies":"Orb Walker","floor":35,"turns":3},{"damage":17,"enemies":"3 Darklings","floor":36,"turns":7},{"damage":0,"enemies":"Jaw Worm Horde","floor":38,"turns":5},{"damage":25,"enemies":"Transient","floor":39,"turns":5},{"damage":2,"enemies":"Giant Head","floor":41,"turns":8},{"damage":0,"enemies":"Writhing Mass","floor":42,"turns":7},{"damage":6,"enemies":"Sphere and 2 Shapes","floor":44,"turns":5},{"damage":8,"enemies":"Transient","floor":47,"turns":5},{"damage":31,"enemies":"Reptomancer","floor":48,"turns":6},{"damage":35,"enemies":"Time Eater","floor":50,"turns":7},{"damage":34,"enemies":"Shield and Spear","floor":54,"turns":8},{"damage":33,"enemies":"The Heart","floor":55,"turns":6}],"seed_played":"-3595956188962985648","potions_obtained":[{"floor":1.0,"key":"Fire Potion"},{"floor":6.0,"key":"Energy Potion"},{"floor":14.0,"key":"FearPotion"},{"floor":18,"key":"Energy Potion"},{"floor":25,"key":"SmokeBomb"},{"floor":36,"key":"Energy Potion"},{"floor":42,"key":"SpeedPotion"},{"floor":54,"key":"SneckoOil"}],"is_trial":false,"path_per_floor":["M","?","M","?","?","E","R","?","T","$","?","M","R","M","R","B",null,"M","?","$","?","$","R","M","E","T","M","$","?","?","M","R","B",null,"M","M","?","M","M","R","E","M","T","M","?","T","M","E","R","B",null,"R","$","E","B"],"character_chosen":"THE_SILENT","items_purchased":["Anchor","Backflip+1","Infinite Blades","Mummified Hand","Noxious Fumes","Blood Vial","Footwork"],"campfire_rested":1,"item_purchase_floors":[10,10,20,20,22,28,53],"current_hp_per_floor":[70,70,70,70,63,63,63,52,52,52,47,47,47,47,47,47,64,50,50,50,50,50,50,50,45,45,25,25,25,25,15,36,14,56,52,37,37,39,16,16,16,18,18,14,14,14,8,35,35,2,53,53,53,21,0],"gold":53,"neow_bonus":"THREE_ENEMY_KILL","is_prod":false,"is_daily":false,"chose_seed":false,"campfire_upgraded":6,"win_rate":0,"timestamp":1549180864,"path_taken":["M","?","M","?","?","E","R","?","T","$","?","M","R","M","R","BOSS","M","?","$","?","$","R","M","E","T","M","$","?","?","M","R","BOSS","M","M","?","M","M","R","E","M","T","?","?","?","M","E","R","BOSS","R","$","E","BOSS"],"build_version":"2019-01-23","purchased_purges":0,"victory":false,"max_hp_per_floor":[70,70,70,70,70,70,70,70,70,70,70,70,70,70,70,70,70,70,70,70,70,70,70,70,70,70,70,70,70,70,70,70,70,70,70,70,70,70,70,70,70,70,70,70,70,70,70,70,70,70,70,70,70,70,70],"card_choices":[{"not_picked":["Choke","Sucker Punch"],"picked":"Backstab","floor":1.0},{"not_picked":["Concentrate","Dagger Spray"],"picked":"Leg Sweep","floor":3.0},{"not_picked":["Dodge and Roll","Prepared"],"picked":"Poisoned Stab","floor":6.0},{"not_picked":["Concentrate+1","Acrobatics+1"],"picked":"Calculated Gamble+1","floor":11.0},{"not_picked":["PiercingWail+1","Dagger Spray"],"picked":"Deadly Poison+1","floor":12.0},{"not_picked":["Dash","Choke"],"picked":"A Thousand Cuts","floor":14.0},{"not_picked":["Corpse Explosion+1","Malaise+1"],"picked":"After Image","floor":16.0},{"not_picked":["Calculated Gamble+1","Dagger Throw+1"],"picked":"Prepared+1","floor":18},{"not_picked":["Blade Dance+1","Poisoned Stab+1"],"picked":"Catalyst+1","floor":24},{"not_picked":["Flechettes","Reflex+1"],"picked":"Accuracy","floor":25},{"not_picked":["Prepared+1","Acrobatics+1"],"picked":"Choke+1","floor":27},{"not_picked":["Deflect+1","Choke"],"picked":"Cloak And Dagger+1","floor":31},{"not_picked":["Dodge and Roll+1","Blade Dance+1"],"picked":"PiercingWail+1","floor":31},{"not_picked":["Dagger Throw+1","Distraction+1"],"picked":"Cloak And Dagger+1","floor":35},{"not_picked":["Deadly Poison+1","Blade Dance+1","Poisoned Stab+1"],"picked":"SKIP","floor":35},{"not_picked":["Quick Slash","All Out Attack+1","Escape Plan+1"],"picked":"SKIP","floor":36},{"not_picked":["Acrobatics+1","Underhanded Strike+1","Outmaneuver+1"],"picked":"SKIP","floor":36},{"not_picked":["Deflect+1","Dagger Spray"],"picked":"Dodge and Roll+1","floor":38},{"not_picked":["Dash","Slice+1"],"picked":"Finisher","floor":38},{"not_picked":["Quick Slash","Slice","Poisoned Stab+1"],"picked":"SKIP","floor":39},{"not_picked":["Prepared+1","Acrobatics+1","Endless Agony"],"picked":"SKIP","floor":39},{"not_picked":["Finisher+1","Deadly Poison+1"],"picked":"Night Terror+1","floor":42},{"not_picked":["Outmaneuver+1","Sucker Punch+1","Quick Slash"],"picked":"SKIP","floor":42},{"not_picked":["Slice","PiercingWail+1","Flechettes+1"],"picked":"SKIP","floor":44},{"not_picked":["Outmaneuver+1","Dodge and Roll+1","Flying Knee+1"],"picked":"SKIP","floor":44},{"not_picked":["Outmaneuver+1","Concentrate+1"],"picked":"Envenom","floor":47},{"not_picked":["Leg Sweep+1","Acrobatics+1"],"picked":"Accuracy+1","floor":47},{"not_picked":["Choke","Deadly Poison+1","Poisoned Stab+1"],"picked":"SKIP","floor":48},{"not_picked":["Footwork","Heel Hook"],"picked":"Venomology+1","floor":54}],"player_experience":327234,"relics_obtained":[{"floor":6.0,"key":"Vajra"},{"floor":9.0,"key":"Toxic Egg 2"},{"floor":11.0,"key":"Odd Mushroom"},{"floor":25,"key":"Darkstone Periapt"},{"floor":26,"key":"Omamori"},{"floor":46,"key":"Pen Nib"},{"floor":48,"key":"Art of War"},{"floor":54,"key":"Bottled Lightning"}],"event_choices":[{"damage_healed":0.0,"max_hp_gain":0.0,"max_hp_loss":0.0,"gold_gain":175.0,"event_name":"Liars Game","player_choice":"AGREE","floor":2.0,"gold_loss":0.0,"damage_taken":0.0,"cards_obtained":["Doubt"]},{"cards_removed":["Doubt"],"damage_healed":0.0,"max_hp_gain":0.0,"max_hp_loss":0.0,"gold_gain":0.0,"event_name":"Living Wall","player_choice":"Forget","floor":4.0,"gold_loss":0.0,"damage_taken":0.0},{"cards_removed":["Strike_G"],"damage_healed":0.0,"max_hp_gain":0.0,"max_hp_loss":0.0,"gold_gain":0.0,"event_name":"Golden Wing","player_choice":"Card Removal","floor":5.0,"gold_loss":0.0,"damage_taken":7.0},{"damage_healed":0.0,"max_hp_gain":0.0,"max_hp_loss":0.0,"gold_gain":75.0,"event_name":"World of Goop","player_choice":"Gather Gold","floor":8.0,"gold_loss":0.0,"damage_taken":11.0},{"damage_healed":0.0,"max_hp_gain":0.0,"max_hp_loss":0.0,"gold_gain":0.0,"event_name":"Mushrooms","player_choice":"Fought Mushrooms","floor":11.0,"gold_loss":0.0,"damage_taken":0.0},{"damage_healed":0,"gold_gain":0,"player_choice":"Read","damage_taken":0,"max_hp_gain":0,"max_hp_loss":0,"event_name":"The Library","floor":19,"gold_loss":0,"cards_obtained":["Footwork"]},{"damage_healed":0,"gold_gain":0,"player_choice":"Ignored","damage_taken":0,"max_hp_gain":0,"max_hp_loss":0,"event_name":"Vampires","floor":21,"gold_loss":0},{"damage_healed":0,"gold_gain":0,"player_choice":"Ignored","damage_taken":0,"max_hp_gain":0,"max_hp_loss":0,"event_name":"Ghosts","floor":29,"gold_loss":0},{"damage_healed":0,"gold_gain":0,"player_choice":"Opened","damage_taken":0,"relics_obtained":["Prayer Wheel"],"max_hp_gain":0,"max_hp_loss":0,"event_name":"The Mausoleum","floor":30,"gold_loss":0,"cards_obtained":["Writhe"]},{"damage_healed":0,"gold_gain":0,"player_choice":"Upgraded","damage_taken":0,"max_hp_gain":0,"max_hp_loss":0,"event_name":"Upgrade Shrine","floor":37,"gold_loss":0,"cards_upgraded":["After Image"]},{"damage_healed":0,"gold_gain":0,"player_choice":"Paid","damage_taken":0,"relics_obtained":["Red Mask"],"max_hp_gain":0,"max_hp_loss":0,"event_name":"Tomb of Lord Red Mask","floor":45,"gold_loss":231}],"is_beta":false,"boss_relics":[{"not_picked":["Orrery","HoveringKite"],"picked":"Lizard Tail"},{"not_picked":["Ring of the Serpent","Tiny House"],"picked":"Coffee Dripper"}],"items_purged_floors":[],"is_endless":false,"potions_floor_spawned":[1,6,14,18,25,36,42,44,54],"killed_by":"The Heart","ascension_level":5}