{"gold_per_floor":[119,132,132,152,168,195,210,238,307,307,307,130,130,149,149,226,226,208,227,277,277,88,88,88,98,147,147,72,88,12,12,12,12],"floor_reached":33,"playtime":1518,"items_purged":["Strike_R"],"score":446,"play_id":"04e93027-2a1c-4952-815f-1c57e10bd8e7","local_time":"20190901153146","is_ascension_mode":true,"campfire_choices":[{"floor":11.0,"key":"REST"},{"floor":13.0,"key":"REST"},{"data":"Whirlwind","floor":15.0,"key":"SMITH"},{"floor":23,"key":"REST"},{"floor":27,"key":"REST"},{"floor":32,"key":"REST"}],"neow_cost":"NONE","seed_source_timestamp":1539169011170500,"circlet_count":0,"master_deck":["AscendersBane","Strike_R+1","Strike_R","Strike_R","Defend_R","Defend_R","Defend_R","Defend_R","Bash+1","Whirlwind+1","Iron Wave","True Grit","Shrug It Off","Reaper","Shrug It Off+1","Armaments+1","Anger+1","Double Tap+1","Headbutt+1","Apotheosis+1","Feed"],"special_seed":0,"relics":["Black Blood","Vajra","Toxic Egg 2","Mummified Hand","Whetstone","MutagenicStrength"],"potions_floor_usage":[16,25,33,33],"damage_taken":[{"damage":6.0,"enemies":"Cultist","floor":1.0,"turns":3.0},{"damage":5.0,"enemies":"2 Louse","floor":2.0,"turns":6.0},{"damage":8.0,"enemies":"Jaw Worm","floor":4.0,"turns":4.0},{"damage":16.0,"enemies":"2 Fungi Beasts","floor":5.0,"turns":3.0},{"damage":25.0,"enemies":"3 Sentries","floor":6.0,"turns":6.0},{"damage":7.0,"enemies":"Blue Slaver","floor":7.0,"turns":4.0},{"damage":32.0,"enemies":"Lagavulin","floor":8.0,"turns":10.0},{"damage":19.0,"enemies":"Large Slime","floor":14.0,"turns":8.0},{"damage":62,"enemies":"Slime Boss","floor":16,"turns":14},{"damage":37,"enemies":"2 Thieves","floor":18,"turns":4},{"damage":34,"enemies":"Shell Parasite","floor":19,"turns":9},{"damage":31,"enemies":"Snake Plant","floor":25,"turns":6},{"damage":27,"enemies":"Snecko","floor":29,"turns":7},{"damage":93,"enemies":"Collector","floor":33,"turns":7}],"seed_played":"6127101761625308826","potions_obtained":[{"floor":1.0,"key":"Explosive Potion"},{"floor":4.0,"key":"SpeedPotion"},{"floor":7.0,"key":"PowerPotion"},{"floor":8.0,"key":"Regen Potion"},{"floor":16,"key":"PowerPotion"},{"floor":19,"key":"Swift Potion"}],"is_trial":false,"path_per_floor":["M","M","?","M","M","E","M","E","T","?","R","$","R","M","R","B",null,"M","M","?","?","$","R","?","M","T","R","?","M","$","?","R","B"],"character_chosen":"IRONCLAD","items_purchased":["Shrug It Off+1","Armaments+1","Apotheosis+1","BloodPotion"],"campfire_rested":5,"item_purchase_floors":[12,12,22,30],"current_hp_per_floor":[68,69,69,67,57,38,37,11,11,6,28,28,50,39,39,8,58,41,17,17,17,17,39,39,18,18,40,40,23,23,23,45,0],"gold":12,"neow_bonus":"UPGRADE_CARD","is_prod":false,"is_daily":false,"chose_seed":false,"campfire_upgraded":1,"win_rate":0,"timestamp":1567377106,"path_taken":["M","?","?","M","M","E","M","E","T","?","R","$","R","M","R","BOSS","M","M","?","?","$","R","?","M","T","R","?","M","$","?","R","BOSS"],"build_version":"2019-07-17","purchased_purges":1,"victory":false,"max_hp_per_floor":[75,75,75,75,75,75,75,75,75,75,75,75,75,75,75,75,75,75,75,75,75,75,75,75,75,75,75,75,75,75,75,75,75],"card_choices":[{"not_picked":["Rupture","Heavy Blade","Blood for Blood"],"picked":"SKIP","floor":1.0},{"not_picked":["Body Slam","Reckless Charge"],"picked":"Whirlwind","floor":2.0},{"not_picked":["Wild Strike","Rage","Warcry"],"picked":"SKIP","floor":4.0},{"not_picked":["Metallicize","Pommel Strike"],"picked":"Iron Wave","floor":5.0},{"not_picked":["Fire Breathing","Dropkick"],"picked":"True Grit","floor":6.0},{"not_picked":["Shockwave","Havoc"],"picked":"Shrug It Off","floor":7.0},{"not_picked":["Body Slam","Rupture"],"picked":"Reaper","floor":8.0},{"not_picked":["Combust","Cleave"],"picked":"Anger","floor":14.0},{"not_picked":["Juggernaut","Brutality"],"picked":"Double Tap+1","floor":16},{"not_picked":["Heavy Blade","Anger"],"picked":"Headbutt+1","floor":18},{"not_picked":["Headbutt","Cleave","Sentinel+1"],"picked":"SKIP","floor":19},{"not_picked":["Power Through+1","Reckless Charge","Headbutt"],"picked":"SKIP","floor":25},{"not_picked":["Heavy Blade","Warcry+1"],"picked":"Feed","floor":29}],"player_experience":1358585,"relics_obtained":[{"floor":6.0,"key":"Vajra"},{"floor":8.0,"key":"Toxic Egg 2"},{"floor":9.0,"key":"Mummified Hand"},{"floor":26,"key":"Whetstone"}],"event_choices":[{"damage_healed":0.0,"max_hp_gain":0.0,"max_hp_loss":0.0,"gold_gain":0.0,"event_name":"Liars Game","player_choice":"Ignored","floor":3.0,"gold_loss":0.0,"damage_taken":0.0},{"damage_healed":0.0,"max_hp_gain":0.0,"max_hp_loss":0.0,"gold_gain":0.0,"event_name":"Scrap Ooze","player_choice":"Fled","floor":10.0,"gold_loss":0.0,"damage_taken":5.0},{"damage_healed":0,"gold_gain":50,"player_choice":"Stole From Cult","damage_taken":0,"max_hp_gain":0,"max_hp_loss":0,"event_name":"Nest","floor":20,"gold_loss":0},{"damage_healed":0,"gold_gain":0,"player_choice":"Ignored","damage_taken":0,"max_hp_gain":0,"max_hp_loss":0,"event_name":"Cursed Tome","floor":21,"gold_loss":0},{"damage_healed":0,"gold_gain":0,"player_choice":"Ignored","damage_taken":0,"max_hp_gain":0,"max_hp_loss":0,"event_name":"Ghosts","floor":24,"gold_loss":0},{"cards_removed":["Strike_R"],"damage_healed":0,"gold_gain":0,"player_choice":"Gave Gold","damage_taken":0,"max_hp_gain":0,"max_hp_loss":0,"event_name":"Beggar","floor":28,"gold_loss":75},{"damage_healed":0,"gold_gain":0,"player_choice":"Inject Mutagens","damage_taken":0,"relics_obtained":["MutagenicStrength"],"max_hp_gain":0,"max_hp_loss":0,"event_name":"Drug Dealer","floor":31,"gold_loss":0}],"is_beta":false,"boss_relics":[{"not_picked":["Black Star","Astrolabe"],"picked":"Black Blood"}],"items_purged_floors":[12],"is_endless":false,"potions_floor_spawned":[1,4,7,8,16,19],"killed_by":"Collector","ascension_level":15}