{"gold_per_floor":[110,110,110,60,83,83,114,189,189,202,243,268,299,315,315,444,444,465,483,393,409,58,96,114,114,114,143,143,170,22,41,41,145,145,160,171,183,54,54,84,84,84],"floor_reached":42,"playtime":1770,"items_purged":["Strike_G","Strike_G"],"score":834,"play_id":"423f084f-6a9a-4e30-8a17-6d5db89beef5","local_time":"20190324201409","is_ascension_mode":true,"campfire_choices":[{"data":"Neutralize","floor":6,"key":"SMITH"},{"floor":15,"key":"REST"},{"data":"Tools of the Trade","floor":32,"key":"SMITH"},{"data":"Accuracy","floor":41,"key":"SMITH"}],"neow_cost":"TEN_PERCENT_HP_LOSS","seed_source_timestamp":419548658782442,"circlet_count":0,"master_deck":["AscendersBane","Defend_G","Defend_G","Defend_G","Defend_G+1","Defend_G","Strike_G+1","Survivor","Neutralize+1","Deadly Poison","Blur","Poisoned Stab+1","Poisoned Stab+1","Prepared","Glass Knife","Cloak And Dagger","Tools of the Trade+1","Cloak And Dagger","Dagger Spray+1","Endless Agony","Accuracy+1","Crippling Poison","Bouncing Flask","Flying Knee+1","Backstab","Backflip","Well Laid Plans","Sucker Punch+1","Burst","Dagger Throw+1","Accuracy+1","Deadly Poison+1","Noxious Fumes","Finisher+1"],"relics":["Ring of the Snake","Dead Branch","Bloody Idol","Lantern","Pen Nib","Ninja Scroll","Vajra","Black Star","Bag of Marbles","Kunai","Regal Pillow","Happy Flower","Smiling Mask","Bottled Tornado","Pantograph","Molten Egg 2","Whetstone","Oddly Smooth Stone"],"potions_floor_usage":[13,13,29,29,33,42,42],"damage_taken":[{"damage":4,"enemies":"Small Slimes","floor":1,"turns":4},{"damage":6,"enemies":"Jaw Worm","floor":5,"turns":4},{"damage":16,"enemies":"Lagavulin","floor":7,"turns":10},{"damage":0,"enemies":"2 Louse","floor":10,"turns":3},{"damage":3,"enemies":"Gremlin Nob","floor":11,"turns":4},{"damage":0,"enemies":"Large Slime","floor":12,"turns":4},{"damage":0,"enemies":"Lagavulin","floor":13,"turns":3},{"damage":0,"enemies":"3 Louse","floor":14,"turns":2},{"damage":4,"enemies":"Hexaghost","floor":16,"turns":7},{"damage":0,"enemies":"2 Thieves","floor":18,"turns":4},{"damage":0,"enemies":"Spheric Guardian","floor":19,"turns":1},{"damage":6,"enemies":"Shelled Parasite and Fungi","floor":21,"turns":5},{"damage":8,"enemies":"Gremlin Leader","floor":23,"turns":6},{"damage":13,"enemies":"3 Cultists","floor":24,"turns":4},{"damage":16,"enemies":"Book of Stabbing","floor":27,"turns":4},{"damage":0,"enemies":"Slavers","floor":29,"turns":4},{"damage":0,"enemies":"Snake Plant","floor":31,"turns":1},{"damage":46,"enemies":"Champ","floor":33,"turns":10},{"damage":2,"enemies":"3 Shapes","floor":35,"turns":4},{"damage":3,"enemies":"3 Darklings","floor":36,"turns":8},{"damage":5,"enemies":"Jaw Worm Horde","floor":37,"turns":5},{"damage":33,"enemies":"Nemesis","floor":40,"turns":7},{"damage":14,"enemies":"Giant Head","floor":42,"turns":5}],"seed_played":"1581898668675871130","potions_obtained":[{"floor":7,"key":"SpeedPotion"},{"floor":11,"key":"AttackPotion"},{"floor":16,"key":"SteroidPotion"},{"floor":19,"key":"Strength Potion"},{"floor":21,"key":"GhostInAJar"},{"floor":28,"key":"Regen Potion"},{"floor":29,"key":"SpeedPotion"},{"floor":33,"key":"SpeedPotion"},{"floor":37,"key":"Poison Potion"},{"floor":40,"key":"Strength Potion"}],"is_trial":false,"path_per_floor":["M","?","?","?","M","R","E","?","T","M","E","M","E","M","R","B",null,"M","M","?","M","$","E","M","?","T","E","?","E","$","M","R","B",null,"M","M","M","$","?","E","R","E"],"character_chosen":"THE_SILENT","items_purchased":["Accuracy","Bag of Marbles","Crippling Poison","Well Laid Plans","Regen Potion","Noxious Fumes"],"campfire_rested":1,"item_purchase_floors":[22,22,22,30,30,38],"current_hp_per_floor":[59,58,46,46,40,40,24,13,13,13,10,10,10,10,27,23,49,49,49,49,43,43,35,22,22,22,11,11,30,30,35,35,17,48,51,53,53,53,53,25,25,11],"gold":84,"neow_bonus":"ONE_RARE_RELIC","is_prod":false,"is_daily":false,"chose_seed":false,"campfire_upgraded":3,"win_rate":0,"timestamp":1553480049,"path_taken":["M","?","?","?","M","R","E","?","T","M","E","M","E","M","R","BOSS","M","M","?","?","$","E","M","?","T","E","?","E","$","M","R","BOSS","M","?","M","$","?","E","R","E"],"build_version":"2019-01-23","purchased_purges":2,"victory":false,"max_hp_per_floor":[63,58,58,58,58,58,58,58,58,58,58,58,58,58,58,58,58,58,58,58,58,58,58,58,58,58,58,58,58,58,58,58,58,58,58,58,58,58,55,55,55,55],"card_choices":[{"not_picked":["Slice","Escape Plan"],"picked":"Deadly Poison","floor":1},{"not_picked":["Flying Knee","Underhanded Strike"],"picked":"Blur","floor":5},{"not_picked":["Reflex","Dodge and Roll"],"picked":"Poisoned Stab","floor":7},{"not_picked":["Blur","Concentrate"],"picked":"Poisoned Stab","floor":10},{"not_picked":["All Out Attack","Predator"],"picked":"Prepared","floor":11},{"not_picked":["Reflex","All Out Attack"],"picked":"Glass Knife","floor":12},{"not_picked":["Caltrops","Finisher"],"picked":"Cloak And Dagger","floor":13},{"not_picked":["Heel Hook","Prepared","Sucker Punch"],"picked":"SKIP","floor":14},{"not_picked":["Burst","Grand Finale"],"picked":"Tools of the Trade","floor":16},{"not_picked":["Acrobatics","Backflip"],"picked":"Cloak And Dagger","floor":18},{"not_picked":["Escape Plan","Catalyst"],"picked":"Dagger Spray+1","floor":19},{"not_picked":["Deadly Poison+1","Outmaneuver"],"picked":"Endless Agony","floor":21},{"not_picked":["Masterful Stab","Underhanded Strike"],"picked":"Bouncing Flask","floor":23},{"not_picked":["Slice","Outmaneuver"],"picked":"Flying Knee","floor":24},{"not_picked":["PiercingWail","Distraction"],"picked":"Backstab","floor":27},{"not_picked":["Flying Knee","Doppelganger"],"picked":"Backflip","floor":29},{"not_picked":["Predator+1","Riddle With Holes+1"],"picked":"Sucker Punch+1","floor":31},{"not_picked":["Night Terror","Corpse Explosion"],"picked":"Burst","floor":33},{"not_picked":["Bane+1","Flying Knee+1"],"picked":"Dagger Throw+1","floor":35},{"not_picked":["Backflip","Prepared"],"picked":"Accuracy+1","floor":36},{"not_picked":["Distraction","Tactician"],"picked":"Deadly Poison+1","floor":37},{"not_picked":["Riddle With Holes+1","Deflect+1"],"picked":"Finisher+1","floor":40}],"player_experience":454999,"relics_obtained":[{"floor":7,"key":"Lantern"},{"floor":9,"key":"Pen Nib"},{"floor":11,"key":"Ninja Scroll"},{"floor":13,"key":"Vajra"},{"floor":23,"key":"Kunai"},{"floor":23,"key":"Regal Pillow"},{"floor":26,"key":"Happy Flower"},{"floor":27,"key":"Smiling Mask"},{"floor":27,"key":"Bottled Tornado"},{"floor":29,"key":"Pantograph"},{"floor":29,"key":"Molten Egg 2"},{"floor":40,"key":"Whetstone"},{"floor":40,"key":"Oddly Smooth Stone"}],"event_choices":[{"damage_healed":0,"gold_gain":0,"player_choice":"Lose Max HP","damage_taken":0,"relics_obtained":["Golden Idol"],"max_hp_gain":0,"max_hp_loss":5,"event_name":"Golden Idol","floor":2,"gold_loss":0},{"damage_healed":0,"gold_gain":0,"player_choice":"Entered Light","damage_taken":12,"max_hp_gain":0,"max_hp_loss":0,"event_name":"Shining Light","floor":3,"gold_loss":0,"cards_upgraded":["Defend_G","Strike_G"]},{"cards_removed":["Strike_G"],"damage_healed":0,"gold_gain":0,"player_choice":"Card Removal","damage_taken":0,"max_hp_gain":0,"max_hp_loss":0,"event_name":"The Cleric","floor":4,"gold_loss":50},{"damage_healed":0,"gold_gain":75,"player_choice":"Gather Gold","damage_taken":11,"max_hp_gain":0,"max_hp_loss":0,"event_name":"World of Goop","floor":8,"gold_loss":0},{"cards_removed":["Strike_G"],"damage_healed":0,"gold_gain":0,"player_choice":"Upgrade and Remove","damage_taken":0,"max_hp_gain":0,"max_hp_loss":0,"event_name":"Designer","floor":20,"gold_loss":90,"cards_upgraded":["Poisoned Stab"]},{"damage_healed":0,"gold_gain":0,"player_choice":"Gave Idol","damage_taken":0,"relics_obtained":["Bloody Idol"],"max_hp_gain":0,"max_hp_loss":0,"event_name":"Forgotten Altar","floor":25,"relics_lost":["Golden Idol"],"gold_loss":0},{"damage_healed":0,"gold_gain":0,"player_choice":"Got Potions","damage_taken":0,"max_hp_gain":0,"max_hp_loss":0,"event_name":"Lab","floor":28,"gold_loss":0},{"damage_healed":0,"gold_gain":0,"player_choice":"Max HP","damage_taken":0,"max_hp_gain":0,"max_hp_loss":3,"event_name":"Winding Halls","floor":39,"gold_loss":0}],"is_beta":false,"boss_relics":[{"not_picked":["White Beast Statue","HoveringKite"],"picked":"Black Star"},{"not_picked":["Astrolabe","Orrery","Snecko Eye"]}],"items_purged_floors":[22,38],"is_endless":false,"potions_floor_spawned":[7,11,16,19,21,27,29,33,37,40],"killed_by":"Giant Head","ascension_level":10}