{"gold_per_floor":[119,119,134,134,158,158,189,205,274,287,94,94,125,148,148,278,278,303,328,238,99,154,192,213,213,213,257,282,300,339,355,355,355],"floor_reached":33,"playtime":1375,"items_purged":[],"score":480,"play_id":"609a8471-55a2-4458-87da-93e6dea0fc2f","local_time":"20190216235528","is_ascension_mode":true,"campfire_choices":[{"data":"Cloak And Dagger","floor":6,"key":"SMITH"},{"floor":12,"key":"REST"},{"data":"Neutralize","floor":15,"key":"SMITH"},{"floor":32,"key":"REST"}],"neow_cost":"NONE","seed_source_timestamp":182383627694083,"circlet_count":0,"master_deck":["Defend_G","Defend_G","Defend_G","Strike_G","Strike_G","Strike_G","Survivor","Neutralize+1","Noxious Fumes+1","PiercingWail+1","Cloak And Dagger+1","Dagger Throw","Dagger Throw","Blur","Backstab","Finisher","Crippling Poison","Envenom","Setup+1","Die Die Die+1","Poisoned Stab+1","Cloak And Dagger+1","After Image","Accuracy","Distraction","Footwork","Blur+1","Accuracy"],"relics":["Ring of the Snake","Golden Idol","Dead Branch","Ninja Scroll","Tiny Chest","PreservedInsect","Astrolabe","Blood Vial","Sundial","Ornamental Fan","Pantograph","Ancient Tea Set","Strawberry"],"potions_floor_usage":[3,7,16,24,27,30,33],"damage_taken":[{"damage":2,"enemies":"Small Slimes","floor":1,"turns":3},{"damage":0,"enemies":"Jaw Worm","floor":3,"turns":4},{"damage":0,"enemies":"Cultist","floor":5,"turns":4},{"damage":16,"enemies":"3 Sentries","floor":7,"turns":7},{"damage":3,"enemies":"Blue Slaver","floor":8,"turns":4},{"damage":8,"enemies":"Exordium Thugs","floor":10,"turns":4},{"damage":11,"enemies":"Lagavulin","floor":13,"turns":8},{"damage":0,"enemies":"Lots of Slimes","floor":14,"turns":3},{"damage":40,"enemies":"Slime Boss","floor":16,"turns":12},{"damage":11,"enemies":"2 Thieves","floor":18,"turns":2},{"damage":0,"enemies":"Spheric Guardian","floor":19,"turns":2},{"damage":0,"enemies":"Gremlin Leader","floor":23,"turns":3},{"damage":16,"enemies":"Centurion and Healer","floor":24,"turns":3},{"damage":0,"enemies":"Book of Stabbing","floor":27,"turns":4},{"damage":0,"enemies":"Snake Plant","floor":28,"turns":1},{"damage":1,"enemies":"Cultist and Chosen","floor":29,"turns":4},{"damage":16,"enemies":"Gremlin Leader","floor":30,"turns":6},{"damage":8,"enemies":"Chosen and Byrds","floor":31,"turns":4},{"damage":75,"enemies":"Automaton","floor":33,"turns":10}],"seed_played":"-5420133011473993616","potions_obtained":[{"floor":0,"key":"Block Potion"},{"floor":0,"key":"FairyPotion"},{"floor":0,"key":"EssenceOfSteel"},{"floor":3,"key":"Ancient Potion"},{"floor":7,"key":"SpeedPotion"},{"floor":19,"key":"Explosive Potion"},{"floor":23,"key":"Swift Potion"},{"floor":27,"key":"GamblersBrew"},{"floor":29,"key":"Weak Potion"},{"floor":31,"key":"FearPotion"}],"is_trial":false,"path_per_floor":["M","?","M","?","M","R","E","M","T","M","$","R","E","M","R","B",null,"M","M","?","$","T","E","M","T","T","E","M","M","E","M","R","B"],"character_chosen":"THE_SILENT","items_purchased":["Backstab","Tiny Chest","After Image"],"campfire_rested":2,"item_purchase_floors":[11,11,21],"current_hp_per_floor":[61,44,44,44,44,44,28,25,25,17,17,38,27,27,27,7,54,43,43,43,43,43,45,31,31,31,33,35,36,29,23,46,0],"gold":355,"neow_bonus":"THREE_SMALL_POTIONS","is_prod":false,"is_daily":false,"chose_seed":false,"campfire_upgraded":2,"win_rate":0,"timestamp":1550386528,"path_taken":["M","?","M","?","M","R","E","M","T","M","?","R","E","M","R","BOSS","M","M","?","$","?","E","M","?","T","E","M","M","E","M","R","BOSS"],"build_version":"2019-01-23","purchased_purges":0,"victory":false,"max_hp_per_floor":[70,70,70,70,70,70,70,70,70,70,70,70,70,70,70,70,70,70,70,70,70,70,70,70,70,70,70,70,70,77,77,77,77],"card_choices":[{"not_picked":["Dodge and Roll","Masterful Stab"],"picked":"Noxious Fumes","floor":1},{"not_picked":["Outmaneuver","Malaise"],"picked":"PiercingWail","floor":3},{"not_picked":["Flying Knee","Deadly Poison"],"picked":"Cloak And Dagger","floor":5},{"not_picked":["Outmaneuver","Distraction"],"picked":"Dagger Throw","floor":7},{"not_picked":["PiercingWail","Slice"],"picked":"Dagger Throw","floor":8},{"not_picked":["Venomology","Distraction"],"picked":"Blur","floor":10},{"not_picked":["Slice","Bane"],"picked":"Finisher","floor":13},{"not_picked":["Concentrate","Bouncing Flask"],"picked":"Crippling Poison","floor":14},{"not_picked":["Doppelganger","Die Die Die"],"picked":"Envenom","floor":16},{"not_picked":["Eviscerate+1","Outmaneuver+1","Tactician"],"picked":"SKIP","floor":18},{"not_picked":["Deflect","Dagger Spray+1"],"picked":"Cloak And Dagger+1","floor":19},{"not_picked":["Prepared","Escape Plan"],"picked":"Accuracy","floor":23},{"not_picked":["Poisoned Stab","Flying Knee"],"picked":"Distraction","floor":24},{"not_picked":["Choke","Heel Hook","Calculated Gamble"],"picked":"SKIP","floor":27},{"not_picked":["Poisoned Stab","Flying Knee"],"picked":"Footwork","floor":28},{"not_picked":["Poisoned Stab+1","Setup+1"],"picked":"Blur+1","floor":29},{"not_picked":["Expertise","Sucker Punch"],"picked":"Accuracy","floor":30},{"not_picked":["Sucker Punch","Unload","Acrobatics+1"],"picked":"SKIP","floor":31}],"player_experience":361523,"relics_obtained":[{"floor":7,"key":"Dead Branch"},{"floor":9,"key":"Ninja Scroll"},{"floor":13,"key":"PreservedInsect"},{"floor":22,"key":"Blood Vial"},{"floor":23,"key":"Sundial"},{"floor":25,"key":"Ornamental Fan"},{"floor":26,"key":"Pantograph"},{"floor":27,"key":"Ancient Tea Set"},{"floor":30,"key":"Strawberry"}],"event_choices":[{"damage_healed":0,"gold_gain":0,"player_choice":"Take Damage","damage_taken":17,"relics_obtained":["Golden Idol"],"max_hp_gain":0,"max_hp_loss":0,"event_name":"Golden Idol","floor":2,"gold_loss":0},{"damage_healed":0,"gold_gain":0,"player_choice":"Grow","damage_taken":0,"max_hp_gain":0,"max_hp_loss":0,"event_name":"Living Wall","floor":4,"gold_loss":0,"cards_upgraded":["Noxious Fumes"]},{"cards_removed":["Strike_G"],"damage_healed":0,"gold_gain":0,"player_choice":"Upgrade and Remove","damage_taken":0,"max_hp_gain":0,"max_hp_loss":0,"event_name":"Designer","floor":20,"gold_loss":90,"cards_upgraded":["PiercingWail"]}],"is_beta":false,"boss_relics":[{"not_picked":["Pandora\u0027s Box","HoveringKite"],"picked":"Astrolabe"}],"items_purged_floors":[],"is_endless":false,"potions_floor_spawned":[3,7,10,14,19,23,27,29,31],"killed_by":"Automaton","ascension_level":6}