{"gold_per_floor":[111,127,142,142,41,41,77,47,47,67,85,85,99,134,134,228,228,248,57,73,73,73,73,73,73,118,162,182,182,220,220],"floor_reached":31,"playtime":1213,"items_purged":["Strike_B","Strike_B"],"score":538,"play_id":"ea477e93-db6f-472c-a339-5e4a810654fa","local_time":"20181012203710","is_ascension_mode":true,"campfire_choices":[{"data":"Sunder","floor":6.0,"key":"SMITH"},{"data":"Turbo","floor":12.0,"key":"SMITH"},{"data":"Hologram","floor":15.0,"key":"SMITH"},{"floor":23.0,"key":"REST"},{"data":"Skim","floor":25.0,"key":"SMITH"},{"data":"Shame","floor":29.0,"key":"PURGE"}],"neow_cost":"NONE","seed_source_timestamp":106704513066169,"circlet_count":0,"master_deck":["Strike_B+1","Strike_B+1","Defend_B","Defend_B","Defend_B","Defend_B","Zap","Dualcast","AscendersBane","Sunder+1","Turbo+1","Cold Snap","Compile Driver","Ball Lightning","Hologram+1","Skim+1","Fission+1","Gash","Skim","Chill+1","Conserve Battery"],"special_seed":0,"relics":["Cracked Core","Whetstone","Golden Idol","Singing Bowl","Vajra","Sozu","Emotion Chip","Happy Flower","Peace Pipe","Question Card"],"potions_floor_usage":[],"damage_taken":[{"damage":1.0,"enemies":"Cultist","floor":1.0,"turns":3.0},{"damage":0.0,"enemies":"2 Louse","floor":2.0,"turns":2.0},{"damage":7.0,"enemies":"Small Slimes","floor":3.0,"turns":2.0},{"damage":26.0,"enemies":"Lagavulin","floor":7.0,"turns":8.0},{"damage":8.0,"enemies":"3 Louse","floor":10.0,"turns":3.0},{"damage":0.0,"enemies":"Exordium Wildlife","floor":11.0,"turns":2.0},{"damage":5.0,"enemies":"Gremlin Gang","floor":13.0,"turns":3.0},{"damage":10.0,"enemies":"Gremlin Nob","floor":14.0,"turns":3.0},{"damage":34.0,"enemies":"The Guardian","floor":16.0,"turns":11.0},{"damage":12.0,"enemies":"3 Byrds","floor":18.0,"turns":5.0},{"damage":13.0,"enemies":"2 Thieves","floor":20.0,"turns":3.0},{"damage":6.0,"enemies":"Gremlin Leader","floor":27.0,"turns":5.0},{"damage":0.0,"enemies":"Snake Plant","floor":28.0,"turns":2.0},{"damage":49,"enemies":"Book of Stabbing","floor":30,"turns":4},{"damage":4,"enemies":"Sentry and Sphere","floor":31,"turns":3}],"seed_played":"4992864037105288078","potions_obtained":[{"floor":1.0,"key":"Regen Potion"},{"floor":3.0,"key":"Regen Potion"},{"floor":13.0,"key":"LiquidBronze"}],"is_trial":false,"path_per_floor":["M","M","M","?","$","R","E","$","T","M","M","R","M","E","R","B",null,"M","$","M","?","?","R","$","R","T","E","M","R","E"],"character_chosen":"DEFECT","items_purchased":["Cold Snap","Ball Lightning","Skim"],"campfire_rested":1,"item_purchase_floors":[5,8,19],"current_hp_per_floor":[63,63,56,32,32,32,55,55,55,49,51,51,46,36,36,2,57,45,45,32,32,32,54,54,54,54,48,50,50,3,0],"gold":220,"neow_bonus":"RANDOM_COMMON_RELIC","is_prod":false,"is_daily":false,"chose_seed":false,"campfire_upgraded":4,"win_rate":0,"timestamp":1539401830,"path_taken":["M","M","M","?","$","R","E","$","T","M","M","R","M","E","R","BOSS","M","$","M","?","?","R","$","R","T","E","M","R","E","M"],"build_version":"2018-10-11","purchased_purges":2,"victory":false,"max_hp_per_floor":[71,71,71,71,71,71,71,71,71,73,75,75,75,75,75,75,75,75,75,75,75,75,75,75,75,75,75,77,77,79,79],"card_choices":[{"not_picked":["Skim","Hologram"],"picked":"Sunder","floor":1.0},{"not_picked":["Stack","Redo","Amplify"],"picked":"SKIP","floor":2.0},{"not_picked":["Coolheaded","Compile Driver"],"picked":"Turbo","floor":3.0},{"not_picked":["Leap","Chaos"],"picked":"Compile Driver","floor":7.0},{"not_picked":["Compile Driver","BootSequence","Gash"],"picked":"Singing Bowl","floor":10.0},{"not_picked":["Ball Lightning","Tempest","Stack"],"picked":"Singing Bowl","floor":11.0},{"not_picked":["Lockon","Capacitor"],"picked":"Hologram","floor":13.0},{"not_picked":["Reprogram","Creative AI"],"picked":"Skim","floor":14.0},{"not_picked":["Rainbow","Amplify"],"picked":"Fission","floor":16.0},{"not_picked":["Ball Lightning","Double Energy"],"picked":"Gash","floor":18.0},{"not_picked":["Genetic Algorithm","Barrage"],"picked":"Chill+1","floor":20.0},{"not_picked":["Redo+1","Cold Snap"],"picked":"Conserve Battery","floor":27.0},{"not_picked":["Beam Cell","Sweeping Beam","Conserve Battery"],"picked":"Singing Bowl","floor":28.0},{"not_picked":["Compile Driver","Hello World","Stack"],"picked":"Singing Bowl","floor":30}],"player_experience":526102,"relics_obtained":[{"floor":9.0,"key":"Singing Bowl"},{"floor":14.0,"key":"Vajra"},{"floor":26.0,"key":"Happy Flower"},{"floor":27.0,"key":"Peace Pipe"},{"floor":30,"key":"Question Card"}],"event_choices":[{"event_name":"Golden Idol","player_choice":"Take Damage","floor":4.0,"damage_taken":0.0},{"event_name":"Addict","player_choice":"Stole Relic","floor":21.0,"damage_taken":0.0},{"event_name":"Accursed Blacksmith","player_choice":"Forge","floor":22.0,"damage_taken":0.0}],"is_beta":true,"boss_relics":[{"not_picked":["Lizard Tail","White Beast Statue"],"picked":"Sozu"}],"items_purged_floors":[5,19],"is_endless":false,"potions_floor_spawned":[1,3,13,20,28,30],"killed_by":"Sentry and Sphere","ascension_level":18}