{"gold_per_floor":[113,113,113,73,84,99,114,129,154,154,182,195,195,113,113,215,215,234,333,333,318,99,125,137,166,231,243,271,314,337,379,391,503,515,543,50,67,80,180,208,13,46,46,72,91,191,211,0,0,0,0,0,0,33,33],"floor_reached":55,"playtime":2713,"items_purged":["Strike_G"],"score":1119,"play_id":"4163f397-7dcc-4e2d-a865-18d753bdd471","local_time":"20190226233821","is_ascension_mode":true,"campfire_choices":[{"data":"Bouncing Flask","floor":10,"key":"SMITH"},{"data":"Noxious Fumes","floor":13,"key":"SMITH"},{"data":"Footwork","floor":15,"key":"SMITH"},{"floor":24,"key":"REST"},{"data":"After Image","floor":27,"key":"SMITH"},{"data":"Neutralize","floor":32,"key":"SMITH"},{"floor":49,"key":"RECALL"},{"data":"Catalyst","floor":52,"key":"SMITH"}],"neow_cost":"NONE","seed_source_timestamp":1044054602500626,"circlet_count":0,"master_deck":["Defend_G","Defend_G","Defend_G","Defend_G","Defend_G","Strike_G","Strike_G","Strike_G","Survivor","Neutralize+1","Crippling Poison+1","Endless Agony","Blur","Dagger Spray+1","Backstab","Bouncing Flask+1","Well Laid Plans","Noxious Fumes+1","Footwork+1","After Image+1","Backflip+1","Catalyst+1","Dodge and Roll","PiercingWail+1","Poisoned Stab+1","Adrenaline","Malaise","Dagger Throw","After Image","Night Terror","Caltrops","Prepared+1","Dodge and Roll+1","Quick Slash+1","Infinite Blades+1"],"relics":["Ring of the Serpent","NeowsBlessing","Strawberry","Centennial Puzzle","Art of War","Regal Pillow","MawBank","Happy Flower","Darkstone Periapt","Omamori","Sozu","ClockworkSouvenir","Oddly Smooth Stone","Vajra","StoneCalendar","Lee\u0027s Waffle","Whetstone","Ancient Tea Set","Dead Branch","Red Mask","Dodecahedron"],"potions_floor_usage":[31,31,45],"damage_taken":[{"damage":0,"enemies":"Small Slimes","floor":1,"turns":1},{"damage":0,"enemies":"2 Louse","floor":5,"turns":1},{"damage":0,"enemies":"Jaw Worm","floor":6,"turns":1},{"damage":0,"enemies":"Blue Slaver","floor":7,"turns":5},{"damage":0,"enemies":"Looter","floor":8,"turns":3},{"damage":34,"enemies":"Gremlin Nob","floor":11,"turns":5},{"damage":6,"enemies":"Gremlin Gang","floor":12,"turns":2},{"damage":6,"enemies":"Hexaghost","floor":16,"turns":8},{"damage":1,"enemies":"Shell Parasite","floor":18,"turns":6},{"damage":12,"enemies":"2 Thieves","floor":21,"turns":4},{"damage":27,"enemies":"Gremlin Leader","floor":23,"turns":7},{"damage":13,"enemies":"Snake Plant","floor":25,"turns":5},{"damage":1,"enemies":"Cultist and Chosen","floor":28,"turns":6},{"damage":0,"enemies":"Book of Stabbing","floor":29,"turns":7},{"damage":4,"enemies":"Shelled Parasite and Fungi","floor":30,"turns":7},{"damage":8,"enemies":"Slavers","floor":31,"turns":6},{"damage":22,"enemies":"Collector","floor":33,"turns":9},{"damage":3,"enemies":"Orb Walker","floor":35,"turns":5},{"damage":14,"enemies":"3 Shapes","floor":37,"turns":4},{"damage":7,"enemies":"Sphere and 2 Shapes","floor":38,"turns":5},{"damage":24,"enemies":"Reptomancer","floor":40,"turns":7},{"damage":4,"enemies":"Giant Head","floor":42,"turns":9},{"damage":19,"enemies":"Nemesis","floor":44,"turns":7},{"damage":0,"enemies":"Jaw Worm Horde","floor":45,"turns":5},{"damage":10,"enemies":"Mind Bloom Boss Battle","floor":46,"turns":7},{"damage":9,"enemies":"Writhing Mass","floor":47,"turns":6},{"damage":13,"enemies":"Time Eater","floor":50,"turns":12},{"damage":54,"enemies":"Shield and Spear","floor":54,"turns":6},{"damage":16,"enemies":"The Heart","floor":55,"turns":5}],"seed_played":"5862470078275298073","potions_obtained":[{"floor":6,"key":"PowerPotion"},{"floor":11,"key":"Dexterity Potion"},{"floor":12,"key":"SpeedPotion"},{"floor":25,"key":"Fire Potion"}],"is_trial":false,"path_per_floor":["M","?","?","$","M","M","M","M","T","R","E","M","R","$","R","B",null,"M","?","?","M","$","E","R","M","T","R","M","E","M","E","R","B",null,"M","$","M","M","?","E","$","E","T","E","M","?","M","?","R","B",null,"R","$","E","B"],"character_chosen":"THE_SILENT","items_purchased":["Endless Agony","Footwork","Regal Pillow","ClockworkSouvenir","Oddly Smooth Stone","Vajra","Lee\u0027s Waffle"],"campfire_rested":1,"item_purchase_floors":[4,14,22,36,36,36,41],"current_hp_per_floor":[63,56,56,56,56,56,56,56,63,63,29,23,23,23,23,17,62,61,61,61,49,49,22,60,47,47,47,46,46,42,34,34,12,61,58,58,44,37,37,13,84,80,80,61,61,51,42,42,42,29,70,70,70,16,0],"gold":33,"neow_bonus":"THREE_ENEMY_KILL","is_prod":false,"is_daily":false,"chose_seed":false,"campfire_upgraded":6,"win_rate":0,"timestamp":1551249501,"path_taken":["M","?","?","?","M","M","M","M","T","R","E","M","R","$","R","BOSS","M","?","?","M","$","E","R","?","T","R","M","E","M","E","R","BOSS","M","$","?","M","?","E","?","E","T","E","?","?","M","?","R","BOSS","R","$","E","BOSS"],"build_version":"2019-01-23","purchased_purges":1,"victory":false,"max_hp_per_floor":[70,70,70,70,70,70,70,70,77,77,77,77,77,77,77,77,77,77,77,77,77,77,77,77,77,77,77,77,77,77,77,77,77,77,77,77,77,77,77,77,84,84,84,84,84,84,84,84,84,84,84,84,84,84,84],"card_choices":[{"not_picked":["Sucker Punch","Terror"],"picked":"Crippling Poison","floor":1},{"not_picked":["Acrobatics","Choke"],"picked":"Blur","floor":5},{"not_picked":["Underhanded Strike","Choke"],"picked":"Dagger Spray","floor":6},{"not_picked":["Quick Slash","Dagger Throw"],"picked":"Backstab","floor":7},{"not_picked":["Endless Agony","Flechettes"],"picked":"Bouncing Flask","floor":8},{"not_picked":["Bane","All Out Attack"],"picked":"Well Laid Plans","floor":11},{"not_picked":["Choke","Crippling Poison"],"picked":"Noxious Fumes","floor":12},{"not_picked":["Tools of the Trade","Adrenaline"],"picked":"After Image","floor":16},{"not_picked":["Footwork","Acrobatics+1"],"picked":"Backflip+1","floor":18},{"not_picked":["Deflect","Dagger Spray"],"picked":"Catalyst","floor":21},{"not_picked":["Bane","Blur"],"picked":"Dodge and Roll","floor":23},{"not_picked":["Dash","Quick Slash"],"picked":"PiercingWail+1","floor":25},{"not_picked":["Acrobatics","Dodge and Roll+1"],"picked":"Poisoned Stab","floor":28},{"not_picked":["Acrobatics+1","Dagger Throw"],"picked":"Adrenaline","floor":29},{"not_picked":["Flechettes","Backstab","Dash"],"picked":"SKIP","floor":30},{"not_picked":["Flechettes","Accuracy","Flying Knee+1"],"picked":"SKIP","floor":31},{"not_picked":["Die Die Die","Adrenaline"],"picked":"Malaise","floor":33},{"not_picked":["Quick Slash","Accuracy+1"],"picked":"Dagger Throw","floor":35},{"not_picked":["Sucker Punch","PiercingWail","Flechettes+1"],"picked":"SKIP","floor":37},{"not_picked":["Concentrate+1","Dodge and Roll"],"picked":"After Image","floor":38},{"not_picked":["Backflip","Dagger Throw+1"],"picked":"Night Terror","floor":40},{"not_picked":["Flying Knee","Sucker Punch"],"picked":"Caltrops","floor":42},{"not_picked":["Venomology","Accuracy+1"],"picked":"Prepared+1","floor":44},{"not_picked":["Sucker Punch+1","Bane","All Out Attack+1"],"picked":"SKIP","floor":45},{"not_picked":["Bouncing Flask","Dagger Throw"],"picked":"Dodge and Roll+1","floor":46},{"not_picked":["Malaise","Distraction"],"picked":"Quick Slash+1","floor":47},{"not_picked":["Bane+1","Prepared+1"],"picked":"Infinite Blades+1","floor":54}],"player_experience":375068,"relics_obtained":[{"floor":9,"key":"Strawberry"},{"floor":11,"key":"Centennial Puzzle"},{"floor":23,"key":"MawBank"},{"floor":26,"key":"Happy Flower"},{"floor":29,"key":"Darkstone Periapt"},{"floor":31,"key":"Omamori"},{"floor":40,"key":"StoneCalendar"},{"floor":42,"key":"Whetstone"},{"floor":44,"key":"Ancient Tea Set"},{"floor":46,"key":"Dead Branch"},{"floor":54,"key":"Dodecahedron"}],"event_choices":[{"cards_removed":["Strike_G"],"damage_healed":0,"gold_gain":0,"player_choice":"Card Removal","damage_taken":7,"max_hp_gain":0,"max_hp_loss":0,"event_name":"Golden Wing","floor":2,"gold_loss":0},{"damage_healed":0,"gold_gain":0,"player_choice":"Grow","damage_taken":0,"max_hp_gain":0,"max_hp_loss":0,"event_name":"Living Wall","floor":3,"gold_loss":0,"cards_upgraded":["Crippling Poison"]},{"damage_healed":0,"gold_gain":99,"player_choice":"Stole From Cult","damage_taken":0,"max_hp_gain":0,"max_hp_loss":0,"event_name":"Nest","floor":19,"gold_loss":0},{"damage_healed":0,"gold_gain":0,"player_choice":"Gave Potion","damage_taken":0,"relics_obtained":["Art of War"],"max_hp_gain":0,"max_hp_loss":0,"event_name":"WeMeetAgain","floor":20,"gold_loss":0},{"damage_healed":0,"gold_gain":100,"player_choice":"Pray","damage_taken":0,"max_hp_gain":0,"max_hp_loss":0,"event_name":"Golden Shrine","floor":39,"gold_loss":0},{"damage_healed":0,"gold_gain":0,"player_choice":"Fight","damage_taken":0,"max_hp_gain":0,"max_hp_loss":0,"event_name":"MindBloom","floor":46,"gold_loss":0},{"damage_healed":0,"gold_gain":0,"player_choice":"Paid","damage_taken":0,"relics_obtained":["Red Mask"],"max_hp_gain":0,"max_hp_loss":0,"event_name":"Tomb of Lord Red Mask","floor":48,"gold_loss":211}],"is_beta":false,"boss_relics":[{"not_picked":["Empty Cage","Philosopher\u0027s Stone"],"picked":"Ring of the Serpent"},{"not_picked":["Busted Crown","Coffee Dripper"],"picked":"Sozu"}],"items_purged_floors":[22],"is_endless":false,"potions_floor_spawned":[6,11,12,18,25,30,31,35,42,46],"killed_by":"The Heart","ascension_level":7}