{"gold_per_floor":[119,119,44,67,83,124,124,148,148,183,183,183,203,88,88,187,187,211,230,50,71,92,92,92,92,92,92,108,108,129,142,142,142],"floor_reached":33,"playtime":1830,"items_purged":["Strike_B","Strike_B"],"score":466,"play_id":"6a36b78a-8dd1-42b5-89f1-8888ce4eded2","local_time":"20190928171159","is_ascension_mode":true,"campfire_choices":[{"floor":7.0,"key":"REST"},{"floor":15.0,"key":"REST"},{"data":"Buffer","floor":23.0,"key":"SMITH"},{"data":"White Noise","floor":25.0,"key":"SMITH"},{"data":"Glacier","floor":27.0,"key":"SMITH"},{"floor":32.0,"key":"REST"}],"neow_cost":"NONE","seed_source_timestamp":18127393696700,"circlet_count":0,"master_deck":["AscendersBane","Defend_B","Defend_B","Zap","Dualcast","Compile Driver","Cold Snap","Cold Snap","Gash","Compile Driver","Glacier+1","Capacitor","Buffer+1","Buffer+1","Streamline+1","Skim+1","Go for the Eyes","Loop","Ball Lightning","Cold Snap","Gash","White Noise+1","FTL","Barrage","Conserve Battery"],"special_seed":0,"relics":["Cracked Core","NeowsBlessing","Golden Idol","Lantern","Orichalcum","Matryoshka","PreservedInsect","Astrolabe","Art of War","Darkstone Periapt"],"potions_floor_usage":[33],"damage_taken":[{"damage":0.0,"enemies":"2 Louse","floor":1.0,"turns":1.0},{"damage":0.0,"enemies":"Small Slimes","floor":4.0,"turns":1.0},{"damage":0.0,"enemies":"Jaw Worm","floor":5.0,"turns":1.0},{"damage":25.0,"enemies":"Gremlin Nob","floor":6.0,"turns":4.0},{"damage":9.0,"enemies":"Red Slaver","floor":8.0,"turns":2.0},{"damage":13.0,"enemies":"3 Sentries","floor":10.0,"turns":9.0},{"damage":12.0,"enemies":"3 Louse","floor":13.0,"turns":3.0},{"damage":9.0,"enemies":"Slime Boss","floor":16.0,"turns":15.0},{"damage":0.0,"enemies":"Spheric Guardian","floor":18.0,"turns":6.0},{"damage":1.0,"enemies":"Shell Parasite","floor":19.0,"turns":8.0},{"damage":0.0,"enemies":"Snecko","floor":21.0,"turns":6.0},{"damage":12.0,"enemies":"Sentry and Sphere","floor":22.0,"turns":6.0},{"damage":9.0,"enemies":"Centurion and Healer","floor":28.0,"turns":7.0},{"damage":12.0,"enemies":"Snecko","floor":30.0,"turns":6.0},{"damage":0.0,"enemies":"Snake Plant","floor":31.0,"turns":5.0},{"damage":46,"enemies":"Automaton","floor":33,"turns":12}],"seed_played":"-3790265379680624603","potions_obtained":[{"floor":5.0,"key":"Poison Potion"},{"floor":6.0,"key":"Explosive Potion"},{"floor":8.0,"key":"Strength Potion"},{"floor":22.0,"key":"Explosive Potion"},{"floor":24.0,"key":"AttackPotion"},{"floor":31.0,"key":"SpeedPotion"}],"is_trial":false,"path_per_floor":["M","?","?","M","M","E","R","M","T","E","?","?","M","$","R","B",null,"M","M","$","M","M","R","?","R","T","R","M","?","M","M","R","B"],"character_chosen":"DEFECT","items_purchased":["Capacitor","Ball Lightning","Cold Snap"],"campfire_rested":3,"item_purchase_floors":[14,20,20],"current_hp_per_floor":[64,64,64,64,64,39,60,51,51,38,31,20,8,8,29,20,58,58,57,57,57,45,45,45,45,45,45,36,36,24,24,45,0],"gold":142,"neow_bonus":"THREE_ENEMY_KILL","is_prod":false,"is_daily":false,"chose_seed":false,"campfire_upgraded":3,"win_rate":0,"timestamp":1569715919,"path_taken":["M","?","?","M","M","E","R","M","T","E","?","?","?","$","R","BOSS","M","M","$","M","M","R","?","R","T","R","?","?","M","M","R","BOSS"],"build_version":"2019-07-17","purchased_purges":2,"victory":false,"max_hp_per_floor":[71,71,71,71,71,71,71,71,71,71,71,71,71,71,71,71,71,71,71,71,71,71,71,71,71,71,71,71,71,71,71,71,71],"card_choices":[{"not_picked":["Conserve Battery","Heatsinks"],"picked":"Compile Driver","floor":1.0},{"not_picked":["Aggregate","Heatsinks","Rebound"],"picked":"SKIP","floor":4.0},{"not_picked":["Coolheaded","Aggregate"],"picked":"Cold Snap","floor":5.0},{"not_picked":["Blizzard","Barrage"],"picked":"Cold Snap","floor":6.0},{"not_picked":["Ball Lightning","Turbo"],"picked":"Gash","floor":8.0},{"not_picked":["Amplify","Lockon"],"picked":"Compile Driver","floor":10.0},{"not_picked":["Conserve Battery","Chill"],"picked":"Glacier","floor":13.0},{"not_picked":["Amplify","Core Surge"],"picked":"Buffer","floor":16.0},{"not_picked":["Cold Snap","Steam"],"picked":"Go for the Eyes","floor":18.0},{"not_picked":["Rebound","Hello World"],"picked":"Loop","floor":19.0},{"not_picked":["Leap","Coolheaded"],"picked":"Gash","floor":21.0},{"not_picked":["Redo","Conserve Battery"],"picked":"White Noise","floor":22.0},{"not_picked":["Double Energy","Reprogram"],"picked":"FTL","floor":28.0},{"not_picked":["Steam","Force Field"],"picked":"Barrage","floor":30.0},{"not_picked":["Loop","BootSequence"],"picked":"Conserve Battery","floor":31.0}],"player_experience":654027,"relics_obtained":[{"floor":6.0,"key":"Lantern"},{"floor":9.0,"key":"Orichalcum"},{"floor":10.0,"key":"Matryoshka"},{"floor":26.0,"key":"Art of War"},{"floor":26.0,"key":"Darkstone Periapt"}],"event_choices":[{"damage_healed":0.0,"max_hp_gain":0.0,"max_hp_loss":0.0,"gold_gain":0.0,"event_name":"Golden Idol","player_choice":"Take Wound","floor":2.0,"gold_loss":0.0,"damage_taken":0.0,"relics_obtained":["Golden Idol"],"cards_obtained":["Injury"]},{"cards_removed":["Injury"],"damage_healed":0.0,"max_hp_gain":0.0,"max_hp_loss":0.0,"gold_gain":0.0,"event_name":"The Cleric","player_choice":"Card Removal","floor":3.0,"gold_loss":75.0,"damage_taken":0.0},{"cards_removed":["Strike_B"],"damage_healed":0.0,"max_hp_gain":0.0,"max_hp_loss":0.0,"gold_gain":0.0,"event_name":"Golden Wing","player_choice":"Card Removal","floor":11.0,"gold_loss":0.0,"damage_taken":7.0},{"damage_healed":0.0,"max_hp_gain":0.0,"max_hp_loss":0.0,"gold_gain":0.0,"event_name":"Scrap Ooze","player_choice":"Success","floor":12.0,"gold_loss":0.0,"damage_taken":11.0,"relics_obtained":["PreservedInsect"]},{"damage_healed":0.0,"max_hp_gain":0.0,"max_hp_loss":0.0,"gold_gain":0.0,"event_name":"Lab","player_choice":"Got Potions","floor":24.0,"gold_loss":0.0,"damage_taken":0.0},{"damage_healed":0.0,"max_hp_gain":0.0,"max_hp_loss":0.0,"gold_gain":0.0,"event_name":"Ghosts","player_choice":"Ignored","floor":29.0,"gold_loss":0.0,"damage_taken":0.0}],"is_beta":false,"boss_relics":[{"not_picked":["Calling Bell","Fusion Hammer"],"picked":"Astrolabe"}],"items_purged_floors":[14,20],"is_endless":false,"potions_floor_spawned":[5,6,8,22,28,31],"killed_by":"Automaton","ascension_level":16}