{"gold_per_floor":[11,31,48,68,68,99,99,125,202,221,240,240,240,267,267,368,368,368,368,323,283,134,134,134,134,134,134,134,134,134,134,134,134,134,134,134,134,134,134,134,134,134,134,134,134,0,0,0,0,0],"floor_reached":51,"playtime":1816,"items_purged":["Strike_B","Strike_B"],"score":1169,"play_id":"0b3c776f-e3a9-4146-bcc2-5be6631e7cdc","local_time":"20190906220132","is_ascension_mode":true,"campfire_choices":[{"data":"Electrodynamics","floor":7,"key":"SMITH"},{"data":"Zap","floor":12,"key":"SMITH"},{"floor":15,"key":"REST"},{"data":"Defragment","floor":23,"key":"SMITH"},{"data":"Hologram","floor":28,"key":"SMITH"},{"data":"Streamline","floor":30,"key":"SMITH"},{"data":"Ghostly","floor":32,"key":"SMITH"},{"floor":40,"key":"DIG"},{"floor":47,"key":"DIG"},{"floor":49,"key":"DIG"}],"neow_cost":"NO_GOLD","seed_source_timestamp":429580572110883,"circlet_count":0,"master_deck":["Strike_B+1","Strike_B+1","Defend_B","Defend_B","Defend_B","Defend_B","Zap+1","Dualcast","Electrodynamics+1","Streamline+1","Steam","Ball Lightning","Leap","Hologram+1","Compile Driver","Auto Shields","Sweeping Beam","Biased Cognition","Undo+1","Steam+1","Defragment+1","Reinforced Body","Cold Snap+1","Ghostly+1","Ghostly","Ghostly","Ghostly","Ghostly","Multi-Cast","Defragment+1","Coolheaded","Doom and Gloom","Coolheaded+1","Loop+1","Glacier"],"relics":["Cracked Core","Letter Opener","Mango","Matryoshka","Bag of Marbles","Singing Bowl","Ectoplasm","Bird Faced Urn","Sundial","Bottled Flame","Velvet Choker","Shovel","The Courier","Incense Burner","Pantograph","Lantern","Ice Cream","Dream Catcher","Whetstone"],"potions_floor_usage":[6,16,16,24,27,29,33,33,50,50,50,50,50],"damage_taken":[{"damage":8,"enemies":"Small Slimes","floor":1,"turns":3},{"damage":0,"enemies":"2 Louse","floor":2,"turns":2},{"damage":1,"enemies":"Cultist","floor":3,"turns":3},{"damage":5,"enemies":"Blue Slaver","floor":4,"turns":3},{"damage":20,"enemies":"Lagavulin","floor":6,"turns":6},{"damage":16,"enemies":"Gremlin Nob","floor":8,"turns":3},{"damage":5,"enemies":"Red Slaver","floor":10,"turns":2},{"damage":4,"enemies":"3 Louse","floor":11,"turns":3},{"damage":10,"enemies":"3 Sentries","floor":14,"turns":2},{"damage":0,"enemies":"Slime Boss","floor":16,"turns":6},{"damage":8,"enemies":"Shell Parasite","floor":18,"turns":3},{"damage":27,"enemies":"2 Thieves","floor":20,"turns":3},{"damage":23,"enemies":"Book of Stabbing","floor":24,"turns":5},{"damage":6,"enemies":"Snecko","floor":25,"turns":5},{"damage":0,"enemies":"Snake Plant","floor":27,"turns":2},{"damage":14,"enemies":"Centurion and Healer","floor":29,"turns":4},{"damage":19,"enemies":"Champ","floor":33,"turns":17},{"damage":0,"enemies":"Orb Walker","floor":35,"turns":3},{"damage":2,"enemies":"3 Darklings","floor":36,"turns":4},{"damage":14,"enemies":"2 Orb Walkers","floor":37,"turns":4},{"damage":0,"enemies":"Writhing Mass","floor":38,"turns":5},{"damage":3,"enemies":"Mind Bloom Boss Battle","floor":41,"turns":8},{"damage":10,"enemies":"Reptomancer","floor":42,"turns":7},{"damage":0,"enemies":"Jaw Worm Horde","floor":45,"turns":3},{"damage":0,"enemies":"3 Darklings","floor":48,"turns":4},{"damage":0,"enemies":"Time Eater","floor":50,"turns":12}],"seed_played":"1777362019078912493","potions_obtained":[{"floor":1,"key":"Block Potion"},{"floor":8,"key":"SteroidPotion"},{"floor":10,"key":"Poison Potion"},{"floor":16,"key":"Dexterity Potion"},{"floor":20,"key":"AttackPotion"},{"floor":21,"key":"EntropicBrew"},{"floor":21,"key":"Dexterity Potion"},{"floor":24,"key":"SmokeBomb"},{"floor":36,"key":"Ancient Potion"},{"floor":41,"key":"EntropicBrew"},{"floor":45,"key":"SteroidPotion"}],"is_trial":false,"path_per_floor":["M","M","M","M","?","E","R","E","T","M","M","R","?","E","R","B",null,"M","?","M","?","$","R","E","M","T","M","R","M","R","?","R","B",null,"M","M","?","M","?","R","?","E","T","?","M","$","R","M","R","B",null],"character_chosen":"DEFECT","items_purchased":["Defragment","Glacier"],"campfire_rested":1,"item_purchase_floors":[22,46],"current_hp_per_floor":[60,60,59,54,75,55,55,53,53,48,51,51,48,38,64,71,85,84,76,56,56,56,56,40,49,49,51,51,50,50,45,45,33,42,45,45,42,47,49,49,49,51,51,51,51,51,51,53,53,53],"gold":0,"neow_bonus":"THREE_RARE_CARDS","is_prod":false,"is_daily":false,"chose_seed":false,"campfire_upgraded":6,"win_rate":0,"timestamp":1567774892,"path_taken":["M","M","M","M","?","E","R","E","T","M","M","R","?","E","R","BOSS","M","?","?","?","$","R","E","M","T","?","R","M","R","?","R","BOSS","M","M","?","M","?","R","?","E","T","?","M","$","R","M","R","BOSS"],"build_version":"2019-07-17","purchased_purges":2,"victory":true,"max_hp_per_floor":[75,75,75,75,75,75,75,89,89,89,89,89,89,89,89,89,89,89,89,89,89,89,89,89,91,91,91,91,91,91,45,45,45,45,45,45,45,47,49,49,49,51,51,51,51,51,51,53,53,53],"card_choices":[{"not_picked":["Biased Cognition","Creative AI"],"picked":"Electrodynamics","floor":0},{"not_picked":["Coolheaded","Sweeping Beam"],"picked":"Streamline","floor":1},{"not_picked":["Stack","Redo"],"picked":"Steam","floor":2},{"not_picked":["Hologram","Force Field"],"picked":"Ball Lightning","floor":3},{"not_picked":["Go for the Eyes","Rebound"],"picked":"Leap","floor":4},{"not_picked":["Streamline","Heatsinks"],"picked":"Hologram","floor":6},{"not_picked":["Hello World","Reprogram"],"picked":"Self Repair","floor":8},{"not_picked":["Scrape","Storm"],"picked":"Compile Driver","floor":10},{"not_picked":["Reprogram","Cold Snap"],"picked":"Auto Shields","floor":11},{"not_picked":["Consume","Static Discharge"],"picked":"Sweeping Beam","floor":14},{"not_picked":["Seek","Electrodynamics"],"picked":"Biased Cognition","floor":16},{"not_picked":["Sweeping Beam","Recycle"],"picked":"Undo+1","floor":18},{"not_picked":["Tempest","Self Repair"],"picked":"Steam+1","floor":20},{"not_picked":["White Noise","BootSequence+1"],"picked":"Reinforced Body","floor":24},{"not_picked":["Gash","Barrage+1","Coolheaded+1"],"picked":"Singing Bowl","floor":25},{"not_picked":["Chill","Hologram+1"],"picked":"Cold Snap+1","floor":29},{"not_picked":["Rainbow","Buffer"],"picked":"Multi-Cast","floor":33},{"not_picked":["Conserve Battery+1","Stack+1"],"picked":"Defragment+1","floor":35},{"not_picked":["Leap","Redo+1"],"picked":"Coolheaded","floor":36},{"not_picked":["Gash+1","Blizzard"],"picked":"Doom and Gloom","floor":37},{"not_picked":["Undo+1","All For One","Rebound+1"],"picked":"Singing Bowl","floor":38},{"not_picked":["Dark Shackles","PanicButton","Purity"],"picked":"Singing Bowl","floor":39},{"not_picked":["Fusion","Barrage"],"picked":"Coolheaded+1","floor":41},{"not_picked":["Hologram","Coolheaded+1","BootSequence+1"],"picked":"Singing Bowl","floor":42},{"not_picked":["Conserve Battery+1","Auto Shields+1"],"picked":"Loop+1","floor":45},{"not_picked":["Genetic Algorithm","Beam Cell","Coolheaded+1"],"picked":"Singing Bowl","floor":48}],"player_experience":350071,"relics_obtained":[{"floor":6,"key":"Letter Opener"},{"floor":8,"key":"Mango"},{"floor":9,"key":"Matryoshka"},{"floor":14,"key":"Singing Bowl"},{"floor":24,"key":"Bird Faced Urn"},{"floor":26,"key":"Sundial"},{"floor":26,"key":"Bottled Flame"},{"floor":37,"key":"Shovel"},{"floor":40,"key":"The Courier"},{"floor":41,"key":"Incense Burner"},{"floor":42,"key":"Pantograph"},{"floor":43,"key":"Lantern"},{"floor":43,"key":"Ice Cream"},{"floor":47,"key":"Dream Catcher"},{"floor":49,"key":"Whetstone"}],"event_choices":[{"damage_healed":25,"gold_gain":0,"player_choice":"Banana","damage_taken":0,"max_hp_gain":0,"max_hp_loss":0,"event_name":"Big Fish","floor":5,"gold_loss":0},{"damage_healed":0,"gold_gain":0,"player_choice":"Success","damage_taken":3,"relics_obtained":["Bag of Marbles"],"max_hp_gain":0,"max_hp_loss":0,"event_name":"Scrap Ooze","floor":13,"gold_loss":0},{"damage_healed":0,"gold_gain":0,"player_choice":"","damage_taken":8,"max_hp_gain":0,"max_hp_loss":0,"event_name":"Knowing Skull","floor":19,"potions_obtained":[],"gold_loss":0,"cards_obtained":[]},{"damage_healed":0,"gold_gain":0,"player_choice":"Bought 3 Potions","damage_taken":0,"max_hp_gain":0,"max_hp_loss":0,"event_name":"The Woman in Blue","floor":21,"gold_loss":0},{"damage_healed":0,"gold_gain":0,"player_choice":"Became a Ghost","damage_taken":0,"max_hp_gain":0,"max_hp_loss":46,"event_name":"Ghosts","floor":31,"gold_loss":0,"cards_obtained":["Ghostly","Ghostly","Ghostly","Ghostly","Ghostly"]},{"damage_healed":0,"gold_gain":0,"player_choice":"Fight","damage_taken":0,"max_hp_gain":0,"max_hp_loss":0,"event_name":"Mysterious Sphere","floor":37,"gold_loss":0},{"damage_healed":0,"gold_gain":0,"player_choice":"Memory 1","damage_taken":0,"max_hp_gain":0,"max_hp_loss":0,"event_name":"SensoryStone","floor":39,"gold_loss":0},{"damage_healed":0,"gold_gain":0,"player_choice":"Fight","damage_taken":0,"max_hp_gain":0,"max_hp_loss":0,"event_name":"MindBloom","floor":41,"gold_loss":0},{"cards_removed":["Self Repair"],"damage_healed":0,"gold_gain":0,"player_choice":"Removed Power","damage_taken":0,"max_hp_gain":0,"max_hp_loss":0,"event_name":"Falling","floor":44,"gold_loss":0}],"is_beta":false,"boss_relics":[{"not_picked":["Coffee Dripper","Empty Cage"],"picked":"Ectoplasm"},{"not_picked":["Orrery","Black Star"],"picked":"Velvet Choker"}],"items_purged_floors":[22,46],"is_endless":false,"potions_floor_spawned":[1,8,10,16,20,24,27,29,36,41,45,48],"ascension_level":7}