{"gold_per_floor":[119,130,7,7,7,7,7,32,32,32,45,59,159,7,7,81,131,143,418,435,435,435,435,50,50,74,74,74,35,66,77,77,153,153,167,167,181,181,56,56,76,90,90,108,108,133,157,187,199,211],"floor_reached":51,"playtime":6126,"items_purged":["Decay","Strike_B","Defend_B"],"score":1182,"play_id":"b283ecfc-c7cb-4167-9d40-8b8e6a020d03","local_time":"20190926125609","is_ascension_mode":true,"campfire_choices":[{"data":"Zap","floor":7.0,"key":"SMITH"},{"data":"Seek","floor":10.0,"key":"SMITH"},{"data":"Dualcast","floor":15.0,"key":"SMITH"},{"data":"White Noise","floor":23.0,"key":"SMITH"},{"data":"Go for the Eyes","floor":25.0,"key":"SMITH"},{"data":"Coolheaded","floor":27.0,"key":"SMITH"},{"floor":32.0,"key":"REST"},{"floor":40.0,"key":"REST"},{"floor":45,"key":"REST"},{"floor":49,"key":"REST"}],"neow_cost":"CURSE","seed_source_timestamp":0,"circlet_count":0,"master_deck":["AscendersBane","Strike_B","Strike_B","Defend_B+1","Defend_B+1","Zap+1","Dualcast+1","Leap","Compile Driver","Seek+1","BootSequence","Skim","Go for the Eyes+1","Ball Lightning","Cold Snap","White Noise+1","Conserve Battery+1","Coolheaded+1","Core Surge","Coolheaded","Glacier","Ball Lightning","Buffer","Electrodynamics","Madness","Hologram","Chill","Machine Learning","Melter"],"special_seed":0,"relics":["Cracked Core","Vajra","Omamori","Kunai","Tiny House","Strange Spoon","Bag of Marbles","War Paint","Empty Cage","Ornamental Fan","DataDisk","MawBank"],"potions_floor_usage":[46,50,50],"damage_taken":[{"damage":8.0,"enemies":"Cultist","floor":1.0,"turns":4.0},{"damage":2.0,"enemies":"Jaw Worm","floor":2.0,"turns":3.0},{"damage":0.0,"enemies":"3 Sentries","floor":8.0,"turns":3.0},{"damage":0.0,"enemies":"Small Slimes","floor":11.0,"turns":2.0},{"damage":1.0,"enemies":"Red Slaver","floor":12.0,"turns":3.0},{"damage":3.0,"enemies":"The Guardian","floor":16.0,"turns":12.0},{"damage":10.0,"enemies":"Spheric Guardian","floor":18.0,"turns":4.0},{"damage":2.0,"enemies":"Chosen","floor":20.0,"turns":5.0},{"damage":10.0,"enemies":"Book of Stabbing","floor":30.0,"turns":8.0},{"damage":0.0,"enemies":"Snake Plant","floor":31.0,"turns":5.0},{"damage":69.0,"enemies":"Automaton","floor":33.0,"turns":14.0},{"damage":32.0,"enemies":"3 Darklings","floor":35.0,"turns":8.0},{"damage":6.0,"enemies":"3 Shapes","floor":37.0,"turns":2.0},{"damage":13.0,"enemies":"Writhing Mass","floor":41.0,"turns":12.0},{"damage":8.0,"enemies":"Maw","floor":42.0,"turns":11.0},{"damage":14.0,"enemies":"3 Darklings","floor":44.0,"turns":9.0},{"damage":3,"enemies":"Nemesis","floor":46,"turns":13},{"damage":0,"enemies":"Spire Growth","floor":48,"turns":6},{"damage":26,"enemies":"Donu and Deca","floor":50,"turns":14}],"seed_played":"671168474876394182","potions_obtained":[{"floor":2.0,"key":"PowerPotion"},{"floor":12.0,"key":"SteroidPotion"},{"floor":17.0,"key":"FocusPotion"},{"floor":20.0,"key":"FocusPotion"},{"floor":35.0,"key":"AttackPotion"},{"floor":38.0,"key":"PowerPotion"},{"floor":38.0,"key":"EssenceOfSteel"},{"floor":46,"key":"Ancient Potion"}],"is_trial":false,"path_per_floor":["M","M","$","?","?","?","R","E","T","R","M","M","?","$","R","B",null,"M","?","M","?","?","R","$","R","T","R","?","$","E","M","R","B",null,"M","?","M","?","$","R","M","M","T","M","R","E","T","M","R","B",null],"character_chosen":"DEFECT","items_purchased":["Compile Driver","Cold Snap","Core Surge","Strange Spoon","Coolheaded","Glacier"],"campfire_rested":4,"item_purchase_floors":[3,14,24,24,24,29],"current_hp_per_floor":[70,68,68,65,58,58,58,58,58,58,58,57,57,57,57,54,82,72,72,70,70,70,70,70,70,70,70,52,52,42,42,70,1,72,40,40,34,34,34,62,49,41,41,27,55,52,52,52,80,54],"gold":223,"neow_bonus":"TWENTY_PERCENT_HP_BONUS","is_prod":false,"is_daily":false,"chose_seed":false,"campfire_upgraded":6,"win_rate":0,"timestamp":1569527769,"path_taken":["M","M","$","?","?","?","R","E","T","R","M","?","?","$","R","BOSS","M","?","?","?","?","R","$","R","T","R","?","?","E","?","R","BOSS","M","?","M","?","$","R","M","?","T","?","R","E","?","M","R","BOSS"],"build_version":"2019-07-17","purchased_purges":3,"victory":true,"max_hp_per_floor":[85,85,85,85,85,85,85,85,85,85,85,85,85,85,85,85,90,90,90,90,90,90,90,90,90,90,90,95,95,95,95,95,95,95,95,95,95,95,95,95,95,95,95,95,95,95,95,95,95,95],"card_choices":[{"not_picked":["Steam Power","Skim"],"picked":"Leap","floor":1.0},{"not_picked":["Streamline","Reprogram","Sweeping Beam"],"picked":"SKIP","floor":2.0},{"not_picked":["Steam Power","Amplify"],"picked":"Skim","floor":8.0},{"not_picked":["Darkness","Aggregate"],"picked":"Go for the Eyes","floor":11.0},{"not_picked":["Steam Power","Melter"],"picked":"Ball Lightning","floor":12.0},{"not_picked":["Cold Snap","Storm"],"picked":"White Noise","floor":17.0},{"not_picked":["Chaos","Stack"],"picked":"Conserve Battery","floor":18.0},{"not_picked":["Beam Cell","Self Repair"],"picked":"Coolheaded","floor":20.0},{"not_picked":["Fusion","Lockon"],"picked":"Ball Lightning","floor":30.0},{"not_picked":["Double Energy","Rebound"],"picked":"Buffer","floor":31.0},{"not_picked":["Core Surge","Fission"],"picked":"Electrodynamics","floor":33.0},{"not_picked":["Compile Driver+1","Turbo","Gash"],"picked":"SKIP","floor":35.0},{"not_picked":["The Bomb","Transmutation"],"picked":"Madness","floor":36.0},{"not_picked":["Barrage","Gash+1","Streamline"],"picked":"SKIP","floor":37.0},{"not_picked":["Compile Driver+1","Coolheaded","Rebound+1"],"picked":"SKIP","floor":41.0},{"not_picked":["Rebound+1","Auto Shields"],"picked":"Hologram","floor":42.0},{"not_picked":["Self Repair","Chaos"],"picked":"Chill","floor":44.0},{"not_picked":["Undo","Leap"],"picked":"Machine Learning","floor":46},{"not_picked":["Static Discharge","Beam Cell+1"],"picked":"Melter","floor":48}],"player_experience":641175,"relics_obtained":[{"floor":8.0,"key":"Omamori"},{"floor":9.0,"key":"Kunai"},{"floor":26.0,"key":"Bag of Marbles"},{"floor":30.0,"key":"War Paint"},{"floor":43.0,"key":"Ornamental Fan"},{"floor":46,"key":"DataDisk"},{"floor":47,"key":"MawBank"}],"event_choices":[{"damage_healed":0.0,"max_hp_gain":0.0,"max_hp_loss":0.0,"gold_gain":0.0,"event_name":"Scrap Ooze","player_choice":"Success","floor":4.0,"gold_loss":0.0,"damage_taken":3.0,"relics_obtained":["Vajra"]},{"cards_removed":["Strike_B"],"damage_healed":0.0,"max_hp_gain":0.0,"max_hp_loss":0.0,"gold_gain":0.0,"event_name":"Golden Wing","player_choice":"Card Removal","floor":5.0,"gold_loss":0.0,"damage_taken":7.0},{"damage_healed":0.0,"max_hp_gain":0.0,"max_hp_loss":0.0,"gold_gain":0.0,"event_name":"Match and Keep!","player_choice":"3 cards matched","floor":6.0,"gold_loss":0.0,"damage_taken":0.0,"cards_obtained":["Seek","BootSequence","Zap"]},{"damage_healed":0.0,"max_hp_gain":0.0,"max_hp_loss":0.0,"gold_gain":100.0,"event_name":"Wheel of Change","player_choice":"Gold","floor":13.0,"gold_loss":0.0,"damage_taken":0.0},{"damage_healed":0.0,"max_hp_gain":0.0,"max_hp_loss":0.0,"gold_gain":275.0,"event_name":"Golden Shrine","player_choice":"Desecrate","floor":19.0,"gold_loss":0.0,"damage_taken":0.0,"cards_obtained":["Regret"]},{"damage_healed":0.0,"max_hp_gain":0.0,"max_hp_loss":0.0,"gold_gain":0.0,"event_name":"Vampires","player_choice":"Ignored","floor":21.0,"gold_loss":0.0,"damage_taken":0.0},{"damage_healed":0.0,"max_hp_gain":0.0,"max_hp_loss":0.0,"gold_gain":0.0,"cards_transformed":["Defend_B","Zap"],"event_name":"Drug Dealer","player_choice":"Became Test Subject","floor":22.0,"gold_loss":0.0,"damage_taken":0.0,"cards_obtained":["Turbo","Steam"]},{"damage_healed":0.0,"max_hp_gain":5.0,"max_hp_loss":0.0,"gold_gain":0.0,"event_name":"Forgotten Altar","player_choice":"Shed Blood","floor":28.0,"gold_loss":0.0,"damage_taken":23.0},{"damage_healed":0.0,"max_hp_gain":0.0,"max_hp_loss":0.0,"gold_gain":0.0,"event_name":"SensoryStone","player_choice":"Memory 1","floor":36.0,"gold_loss":0.0,"damage_taken":0.0},{"damage_healed":0.0,"max_hp_gain":0.0,"max_hp_loss":0.0,"gold_gain":0.0,"event_name":"Lab","player_choice":"Got Potions","floor":38.0,"gold_loss":0.0,"damage_taken":0.0}],"is_beta":false,"boss_relics":[{"not_picked":["Philosopher\u0027s Stone","Busted Crown"],"picked":"Tiny House"},{"not_picked":["Pandora\u0027s Box","Eternal Feather"],"picked":"Empty Cage"}],"items_purged_floors":[3,14,39],"is_endless":false,"potions_floor_spawned":[2,12,20,30,35,42,46],"ascension_level":14}