{"gold_per_floor":[118,50,70,170,188,188,263,14,94,94,107,117,117,127,127,231,231,246,256,20,200,214,64,64,75,75,90,119,139,238,238,238,341,341,361,372,372,385,396,396,76,76,76,96,96,96,96,114,114,114],"floor_reached":51,"playtime":1167,"items_purged":["Strike_R","Strike_R","Flex"],"score":736,"play_id":"6d40f46e-dc55-49ab-a912-90f2196ab101","local_time":"20190615003847","is_ascension_mode":false,"campfire_choices":[{"data":"Inflame","floor":6,"key":"SMITH"},{"data":"Whirlwind","floor":10,"key":"SMITH"},{"data":"Limit Break","floor":15,"key":"SMITH"},{"floor":32,"key":"REST"},{"data":"Apotheosis","floor":40,"key":"SMITH"},{"data":"Limit Break","floor":47,"key":"SMITH"},{"data":"Limit Break","floor":49,"key":"SMITH"}],"neow_cost":"NONE","seed_source_timestamp":1682718517754800,"circlet_count":0,"master_deck":["Bash","Flex","Inflame+1","Whirlwind+1","Limit Break+1","Inflame","Whirlwind","Reaper","Sword Boomerang","Dark Shackles","Limit Break+1","Inflame+1","Limit Break+1","Demon Form","Heavy Blade","Heavy Blade","Demon Form","Flex","Pummel+1","Apotheosis+1"],"relics":["Burning Blood","NeowsBlessing","Letter Opener","Runic Pyramid","Potion Belt","Regal Pillow","Happy Flower","Mercury Hourglass","Pandora\u0027s Box","Brimstone","Question Card"],"potions_floor_usage":[28,50],"damage_taken":[{"damage":0,"enemies":"Jaw Worm","floor":1,"turns":1},{"damage":0,"enemies":"Cultist","floor":3,"turns":1},{"damage":0,"enemies":"Small Slimes","floor":5,"turns":1},{"damage":17,"enemies":"Exordium Thugs","floor":11,"turns":3},{"damage":0,"enemies":"Lots of Slimes","floor":12,"turns":1},{"damage":7,"enemies":"3 Louse","floor":14,"turns":2},{"damage":31,"enemies":"Slime Boss","floor":16,"turns":8},{"damage":9,"enemies":"3 Byrds","floor":18,"turns":4},{"damage":10,"enemies":"Spheric Guardian","floor":19,"turns":3},{"damage":23,"enemies":"Shelled Parasite and Fungi","floor":22,"turns":4},{"damage":25,"enemies":"3 Cultists","floor":25,"turns":4},{"damage":12,"enemies":"Cultist and Chosen","floor":27,"turns":4},{"damage":57,"enemies":"Slavers","floor":28,"turns":5},{"damage":21,"enemies":"Snake Plant","floor":29,"turns":4},{"damage":34,"enemies":"Automaton","floor":33,"turns":6},{"damage":23,"enemies":"3 Darklings","floor":35,"turns":3},{"damage":35,"enemies":"Orb Walker","floor":36,"turns":4},{"damage":10,"enemies":"Sphere and 2 Shapes","floor":38,"turns":3},{"damage":47,"enemies":"3 Darklings","floor":39,"turns":3},{"damage":15,"enemies":"4 Shapes","floor":44,"turns":4},{"damage":38,"enemies":"Jaw Worm Horde","floor":48,"turns":3},{"damage":92,"enemies":"Donu and Deca","floor":50,"turns":5}],"seed_played":"-3899114266255222841","potions_obtained":[{"floor":11,"key":"SkillPotion"},{"floor":12,"key":"Ancient Potion"},{"floor":18,"key":"SkillPotion"},{"floor":27,"key":"Weak Potion"},{"floor":28,"key":"Explosive Potion"},{"floor":38,"key":"Poison Potion"},{"floor":44,"key":"Block Potion"}],"is_trial":false,"path_per_floor":["M","$","M","?","M","R","?","$","T","R","M","M","?","M","R","B",null,"M","M","$","?","M","$","?","M","T","M","E","M","?","T","R","B",null,"M","M","?","M","M","R","$","?","T","M","$","?","R","M","R","B",null],"character_chosen":"IRONCLAD","items_purchased":["Inflame","Whirlwind","Limit Break","Dark Shackles","Block Potion","Potion Belt","Brimstone"],"campfire_rested":1,"item_purchase_floors":[2,8,8,20,20,23,41],"current_hp_per_floor":[80,80,80,80,80,80,69,69,69,69,58,64,64,63,63,38,80,80,76,76,52,35,35,35,58,58,70,43,44,44,44,80,52,80,80,74,74,70,50,50,50,50,50,80,80,76,76,76,76,42],"gold":114,"neow_bonus":"THREE_ENEMY_KILL","is_prod":false,"is_daily":false,"chose_seed":false,"campfire_upgraded":6,"win_rate":0,"timestamp":1560584327,"path_taken":["M","$","M","?","?","R","?","?","T","R","M","?","?","M","R","BOSS","M","M","$","?","?","?","?","M","T","M","E","M","?","?","R","BOSS","M","M","?","M","M","R","$","?","T","?","?","?","R","M","R","BOSS"],"build_version":"2019-01-23","purchased_purges":3,"victory":true,"max_hp_per_floor":[80,80,80,80,80,80,80,80,80,80,80,80,80,80,80,80,80,80,80,80,80,80,80,80,80,80,80,80,80,80,80,80,80,80,80,80,80,80,80,80,80,80,80,80,80,76,76,76,76,76],"card_choices":[{"not_picked":["Sword Boomerang","Heavy Blade"],"picked":"Flex","floor":1},{"not_picked":["Flex","Fire Breathing","Heavy Blade"],"picked":"SKIP","floor":3},{"not_picked":["Flex","Heavy Blade","Sword Boomerang"],"picked":"SKIP","floor":5},{"not_picked":["Spot Weakness","Sword Boomerang"],"picked":"Inflame","floor":11},{"not_picked":["Flex","Heavy Blade"],"picked":"Whirlwind","floor":12},{"not_picked":["Heavy Blade","Flex","Inflame"],"picked":"SKIP","floor":14},{"not_picked":["Demon Form","Limit Break"],"picked":"Reaper","floor":16},{"not_picked":["Heavy Blade","Flex+1"],"picked":"Sword Boomerang","floor":18},{"not_picked":["Disarm","Heavy Blade","Whirlwind"],"picked":"SKIP","floor":19},{"not_picked":["Heavy Blade","Sword Boomerang","Flex"],"picked":"SKIP","floor":22},{"not_picked":["Sword Boomerang+1","Heavy Blade","Spot Weakness+1"],"picked":"SKIP","floor":25},{"not_picked":["Inflame+1","Heavy Blade","Flex"],"picked":"SKIP","floor":27},{"not_picked":["Pummel","Flex"],"picked":"Limit Break","floor":28},{"not_picked":["Pummel","Sword Boomerang+1"],"picked":"Inflame+1","floor":29},{"not_picked":["Flex","Heavy Blade+1","Sword Boomerang"],"picked":"SKIP","floor":35},{"not_picked":["Flex+1","Heavy Blade+1"],"picked":"Pummel+1","floor":36},{"not_picked":["Master of Strategy","Forethought"],"picked":"Apotheosis","floor":37},{"not_picked":["Inflame+1","Heavy Blade","Flex+1"],"picked":"SKIP","floor":38},{"not_picked":["Sword Boomerang","Heavy Blade","Spot Weakness"],"picked":"SKIP","floor":39},{"not_picked":["Heavy Blade+1","Sword Boomerang","Disarm+1","Flex+1"],"picked":"SKIP","floor":44},{"not_picked":["Heavy Blade","Flex","Sword Boomerang","Spot Weakness"],"picked":"SKIP","floor":48}],"player_experience":1303213,"relics_obtained":[{"floor":9,"key":"Letter Opener"},{"floor":26,"key":"Regal Pillow"},{"floor":28,"key":"Happy Flower"},{"floor":31,"key":"Mercury Hourglass"},{"floor":43,"key":"Question Card"}],"event_choices":[{"damage_healed":0,"gold_gain":100,"player_choice":"Pray","damage_taken":0,"max_hp_gain":0,"max_hp_loss":0,"event_name":"Golden Shrine","floor":4,"gold_loss":0},{"damage_healed":0,"gold_gain":75,"player_choice":"Gather Gold","damage_taken":11,"max_hp_gain":0,"max_hp_loss":0,"event_name":"World of Goop","floor":7,"gold_loss":0},{"damage_healed":0,"gold_gain":0,"player_choice":"Searched \u00270\u0027 times","damage_taken":0,"max_hp_gain":0,"max_hp_loss":0,"event_name":"Dead Adventurer","floor":13,"gold_loss":0},{"damage_healed":0,"gold_gain":180,"player_choice":"GOLD GOLD ","damage_taken":24,"max_hp_gain":0,"max_hp_loss":0,"event_name":"Knowing Skull","floor":21,"potions_obtained":[],"gold_loss":0,"cards_obtained":[]},{"damage_healed":0,"gold_gain":0,"player_choice":"Ignored","damage_taken":0,"max_hp_gain":0,"max_hp_loss":0,"event_name":"The Mausoleum","floor":24,"gold_loss":0},{"damage_healed":0,"gold_gain":99,"player_choice":"Stole From Cult","damage_taken":0,"max_hp_gain":0,"max_hp_loss":0,"event_name":"Nest","floor":30,"gold_loss":0},{"damage_healed":0,"gold_gain":0,"player_choice":"Memory 1","damage_taken":0,"max_hp_gain":0,"max_hp_loss":0,"event_name":"SensoryStone","floor":37,"gold_loss":0},{"damage_healed":0,"gold_gain":0,"player_choice":"0 cards matched","damage_taken":0,"max_hp_gain":0,"max_hp_loss":0,"event_name":"Match and Keep!","floor":42,"gold_loss":0,"cards_obtained":[]},{"damage_healed":0,"gold_gain":0,"player_choice":"Max HP","damage_taken":0,"max_hp_gain":0,"max_hp_loss":4,"event_name":"Winding Halls","floor":46,"gold_loss":0}],"is_beta":false,"boss_relics":[{"not_picked":["Snecko Eye","Runic Cube"],"picked":"Runic Pyramid"},{"not_picked":["Astrolabe","Eternal Feather"],"picked":"Pandora\u0027s Box"}],"items_purged_floors":[8,20,41],"is_endless":false,"potions_floor_spawned":[11,12,18,19,27,28,38,44,48],"ascension_level":0}