{"gold_per_floor":[111,130,130,55,66,66,82,115,138,138,313,341,353,13,13,112,112,87,103,202,202,212,212,228,228,228,228,16,31,31,31,31,135,135,146,2,21,21,21],"floor_reached":40,"playtime":2182,"items_purged":["Strike_R","Doubt"],"score":664,"play_id":"0469dfec-15de-4c26-ac59-58966c4a2094","local_time":"20190825153105","is_ascension_mode":true,"campfire_choices":[{"data":"Shockwave","floor":6,"key":"SMITH"},{"data":"Shrug It Off","floor":10,"key":"SMITH"},{"data":"Headbutt","floor":15,"key":"SMITH"},{"data":"Havoc","floor":23,"key":"SMITH"},{"floor":25,"key":"REST"},{"data":"Demon Form","floor":27,"key":"SMITH"},{"data":"Apotheosis","floor":30,"key":"SMITH"},{"floor":32,"key":"REST"}],"neow_cost":"NONE","seed_source_timestamp":12789527384300,"circlet_count":0,"master_deck":["Strike_R","Strike_R","Strike_R","Strike_R","Defend_R","Defend_R","Defend_R","Defend_R","Bash","Clothesline","Battle Trance","Shockwave+1","Headbutt+1","Shrug It Off+1","Havoc+1","Iron Wave","Demon Form+1","Shockwave+1","Shrug It Off","Apotheosis+1","Feel No Pain","Pommel Strike+1","Reaper+1","Burning Pact+1"],"relics":["Burning Blood","Red Skull","Anchor","Odd Mushroom","Molten Egg 2","Sozu","MutagenicStrength","Bag of Marbles","Mark of Pain","Bag of Preparation"],"potions_floor_usage":[8,12,12,16],"damage_taken":[{"damage":6,"enemies":"Cultist","floor":1,"turns":4},{"damage":7,"enemies":"2 Louse","floor":2,"turns":4},{"damage":0,"enemies":"Small Slimes","floor":5,"turns":3},{"damage":9,"enemies":"Blue Slaver","floor":7,"turns":5},{"damage":21,"enemies":"Lagavulin","floor":8,"turns":8},{"damage":10,"enemies":"The Mushroom Lair","floor":12,"turns":6},{"damage":0,"enemies":"3 Louse","floor":13,"turns":3},{"damage":49,"enemies":"The Guardian","floor":16,"turns":10},{"damage":17,"enemies":"2 Thieves","floor":18,"turns":5},{"damage":0,"enemies":"Chosen","floor":19,"turns":5},{"damage":9,"enemies":"Shelled Parasite and Fungi","floor":22,"turns":7},{"damage":42,"enemies":"Sentry and Sphere","floor":24,"turns":6},{"damage":10,"enemies":"Centurion and Healer","floor":29,"turns":7},{"damage":23,"enemies":"Champ","floor":33,"turns":9},{"damage":15,"enemies":"3 Shapes","floor":35,"turns":4},{"damage":1,"enemies":"Orb Walker","floor":37,"turns":4},{"damage":64,"enemies":"Time Eater","floor":39,"turns":10}],"seed_played":"-1129111416406349873","potions_obtained":[{"floor":1,"key":"EssenceOfSteel"},{"floor":2,"key":"Dexterity Potion"},{"floor":7,"key":"Dexterity Potion"},{"floor":13,"key":"LiquidBronze"}],"is_trial":false,"path_per_floor":["M","M","$","$","M","R","M","E","T","R","?","?","M","$","R","B",null,"M","M","?","?","M","R","M","R","T","R","$","M","R","?","R","B",null,"M","$","M","?","B",null],"character_chosen":"IRONCLAD","items_purchased":["Molten Egg 2","Apotheosis","Feel No Pain","Bag of Preparation"],"campfire_rested":2,"item_purchase_floors":[14,28,28,36],"current_hp_per_floor":[80,79,79,79,80,80,77,62,62,62,62,58,64,64,64,21,80,69,75,75,75,72,72,36,60,60,60,60,56,56,56,80,63,80,80,80,80,80,31],"gold":21,"neow_bonus":"THREE_CARDS","is_prod":false,"is_daily":false,"chose_seed":false,"campfire_upgraded":6,"win_rate":0,"timestamp":1566743465,"path_taken":["M","M","?","$","M","R","M","E","T","R","?","?","M","$","R","BOSS","M","M","?","?","M","R","M","R","T","R","$","M","R","?","R","BOSS","M","$","M","?","BOSS"],"build_version":"2019-07-17","purchased_purges":2,"victory":true,"max_hp_per_floor":[80,80,80,80,80,80,80,80,80,80,80,80,80,80,80,80,80,80,80,80,80,80,80,80,80,80,80,80,80,80,80,80,80,80,80,80,80,80,80],"card_choices":[{"not_picked":["Sword Boomerang","Infernal Blade"],"picked":"Clothesline","floor":0},{"not_picked":["Clothesline","Clash"],"picked":"Battle Trance","floor":1},{"not_picked":["Rupture","Wild Strike"],"picked":"Shockwave","floor":2},{"not_picked":["Anger","Body Slam"],"picked":"Headbutt","floor":5},{"not_picked":["Clash","Reaper"],"picked":"Shrug It Off","floor":7},{"not_picked":["Sever Soul","Blood for Blood"],"picked":"Havoc","floor":8},{"not_picked":["Burning Pact","Twin Strike"],"picked":"Iron Wave","floor":13},{"not_picked":["Reaper+1","Berserk"],"picked":"Demon Form","floor":16},{"not_picked":["Sentinel","True Grit+1"],"picked":"Shockwave+1","floor":18},{"not_picked":["Warcry","Anger+1","Clash+1"],"picked":"SKIP","floor":19},{"not_picked":["Warcry","Anger+1","Clash+1"],"picked":"SKIP","floor":19},{"not_picked":["Flex","Iron Wave+1"],"picked":"Shrug It Off","floor":22},{"not_picked":["Thunderclap+1","Clash+1","Offering"],"picked":"SKIP","floor":24},{"not_picked":["Rage","Clothesline+1"],"picked":"Pommel Strike+1","floor":29},{"not_picked":["Juggernaut","Impervious"],"picked":"Reaper+1","floor":33},{"not_picked":["Sword Boomerang+1","Blood for Blood+1"],"picked":"Burning Pact+1","floor":35},{"not_picked":["Sword Boomerang+1","Warcry","Sentinel"],"picked":"SKIP","floor":37}],"player_experience":167085,"relics_obtained":[{"floor":8,"key":"Red Skull"},{"floor":9,"key":"Anchor"},{"floor":12,"key":"Odd Mushroom"},{"floor":26,"key":"Bag of Marbles"}],"event_choices":[{"damage_healed":0,"gold_gain":175,"player_choice":"AGREE","damage_taken":0,"max_hp_gain":0,"max_hp_loss":0,"event_name":"Liars Game","floor":11,"gold_loss":0,"cards_obtained":["Doubt"]},{"damage_healed":0,"gold_gain":0,"player_choice":"Fought Mushrooms","damage_taken":0,"max_hp_gain":0,"max_hp_loss":0,"event_name":"Mushrooms","floor":12,"gold_loss":0},{"damage_healed":0,"gold_gain":99,"player_choice":"Stole From Cult","damage_taken":0,"max_hp_gain":0,"max_hp_loss":0,"event_name":"Nest","floor":20,"gold_loss":0},{"damage_healed":0,"gold_gain":0,"player_choice":"Inject Mutagens","damage_taken":0,"relics_obtained":["MutagenicStrength"],"max_hp_gain":0,"max_hp_loss":0,"event_name":"Drug Dealer","floor":21,"gold_loss":0},{"damage_healed":0,"gold_gain":0,"player_choice":"Took Portal","damage_taken":0,"max_hp_gain":0,"max_hp_loss":0,"event_name":"SecretPortal","floor":38,"gold_loss":0}],"is_beta":false,"boss_relics":[{"not_picked":["Velvet Choker","Tiny House"],"picked":"Sozu"},{"not_picked":["Calling Bell","Snecko Eye"],"picked":"Mark of Pain"}],"items_purged_floors":[4,14],"is_endless":false,"potions_floor_spawned":[1,2,7,13,18,19,35],"ascension_level":3}