{"gold_per_floor":[113,188,198,208,218,251,251,251],"floor_reached":8,"playtime":481,"items_purged":[],"score":58,"play_id":"1102c35c-12a1-4134-b534-1f6fa3a1c507","local_time":"20190912200614","is_ascension_mode":false,"campfire_choices":[{"floor":7.0,"key":"REST"}],"neow_cost":"NONE","seed_source_timestamp":7420794309400,"circlet_count":0,"master_deck":["Strike_P","Strike_P","Strike_P","Strike_P","Defend_P","Defend_P","Defend_P","Defend_P","Eruption","Vigilance","Adaptation","InnerPeace","EmptyMind","Worship","Crescendo","Crescendo"],"special_seed":0,"relics":["PureWater","Regal Pillow","Dream Catcher"],"potions_floor_usage":[8,8],"damage_taken":[{"damage":4.0,"enemies":"Jaw Worm","floor":1.0,"turns":3.0},{"damage":0.0,"enemies":"Cultist","floor":3.0,"turns":3.0},{"damage":0.0,"enemies":"2 Louse","floor":4.0,"turns":3.0},{"damage":10.0,"enemies":"Exordium Wildlife","floor":5.0,"turns":9.0},{"damage":44.0,"enemies":"Lagavulin","floor":6.0,"turns":10.0},{"damage":130,"enemies":"Gremlin Nob","floor":8,"turns":5}],"seed_played":"8981630349779575657","potions_obtained":[{"floor":1.0,"key":"SpeedPotion"},{"floor":3.0,"key":"Explosive Potion"},{"floor":4.0,"key":"Weak Potion"},{"floor":6.0,"key":"Fire Potion"}],"is_trial":false,"path_per_floor":["M","?","M","M","M","E","R","E"],"character_chosen":"WATCHER","items_purchased":[],"campfire_rested":1,"item_purchase_floors":[],"current_hp_per_floor":[61,55,55,55,45,1,35,0],"gold":251,"neow_bonus":"RANDOM_COMMON_RELIC","is_prod":false,"is_daily":false,"chose_seed":false,"campfire_upgraded":0,"win_rate":0.0,"timestamp":1568333174,"path_taken":["M","?","M","M","M","E","R","E"],"build_version":"2019-09-11v2","purchased_purges":0,"victory":false,"max_hp_per_floor":[65,65,65,65,65,65,65,65],"card_choices":[{"not_picked":["SpiritShield","Protect"],"picked":"Adaptation","floor":1.0},{"not_picked":["CrushJoints","Establishment"],"picked":"InnerPeace","floor":3.0},{"not_picked":["Tantrum","Fasting"],"picked":"EmptyMind","floor":4.0},{"not_picked":["BowlingBash","Meditate"],"picked":"Worship","floor":5.0},{"not_picked":["BowlingBash","Blasphemy"],"picked":"Crescendo","floor":6.0},{"not_picked":["Swivel","WindmillStrike"],"picked":"Crescendo","floor":7.0}],"player_experience":773837,"relics_obtained":[{"floor":6.0,"key":"Dream Catcher"}],"event_choices":[{"damage_healed":0.0,"max_hp_gain":0.0,"max_hp_loss":0.0,"gold_gain":75.0,"event_name":"FaceTrader","player_choice":"Touch","floor":2.0,"gold_loss":0.0,"damage_taken":6.0}],"is_beta":true,"boss_relics":[],"items_purged_floors":[],"is_endless":false,"potions_floor_spawned":[1,3,4,6],"killed_by":"Gremlin Nob","ascension_level":0}