{"gold_per_floor":[110,84,99,174,192,192,208,218,218,218,232,259,259,293,293,393,393,409,428,144,159,159,159,258,173,196,226,226,226,244,28,28,130,130,141,41,0,14,14,14,32,47,100,100,135,235,246,263,263,263],"floor_reached":51,"playtime":2333,"items_purged":["Strike_B","Defend_B"],"score":1028,"play_id":"3349ba0c-2609-43ca-93b2-de79370a09c2","local_time":"20190909012025","is_ascension_mode":true,"campfire_choices":[{"data":"Zap","floor":6.0,"key":"SMITH"},{"floor":10.0,"key":"REST"},{"floor":13.0,"key":"REST"},{"data":"Defragment","floor":15.0,"key":"SMITH"},{"data":"Reinforced Body","floor":23.0,"key":"SMITH"},{"data":"Skim","floor":29.0,"key":"SMITH"},{"data":"Go for the Eyes","floor":32.0,"key":"SMITH"},{"data":"Electrodynamics","floor":40,"key":"SMITH"},{"data":"Coolheaded","floor":44,"key":"SMITH"},{"data":"Defragment","floor":49,"key":"SMITH"}],"neow_cost":"NONE","seed_source_timestamp":613585887933241,"circlet_count":0,"master_deck":["Defend_B","Defend_B+1","Defend_B+1","Zap+1","Dualcast","Compile Driver","Ball Lightning","Reinforced Body+1","Sweeping Beam","Defragment+1","Beam Cell+1","Streamline","Electrodynamics+1","Skim+1","Core Surge","Steam","Hyperbeam","Steam","Bite","Bite","Bite","Bite","Bite","Clumsy","Go for the Eyes+1","Reboot","Leap+1","Rebound+1","Lockon","Coolheaded+1","Writhe","Defragment+1","Leap+1","Leap+1"],"special_seed":0,"relics":["Cracked Core","Ancient Tea Set","War Paint","Matryoshka","Cursed Key","Runic Capacitor","Vajra","Pen Nib","Art of War","Pantograph","Bag of Marbles","Philosopher\u0027s Stone","Red Mask","Boot","Blood Vial","Ice Cream","Calipers"],"potions_floor_usage":[47,47,50],"damage_taken":[{"damage":1.0,"enemies":"Cultist","floor":1.0,"turns":3.0},{"damage":7.0,"enemies":"Small Slimes","floor":3.0,"turns":3.0},{"damage":0.0,"enemies":"2 Louse","floor":5.0,"turns":2.0},{"damage":6.0,"enemies":"Looter","floor":7.0,"turns":2.0},{"damage":20.0,"enemies":"Lots of Slimes","floor":8.0,"turns":3.0},{"damage":8.0,"enemies":"Large Slime","floor":11.0,"turns":5.0},{"damage":15.0,"enemies":"3 Sentries","floor":12.0,"turns":3.0},{"damage":17.0,"enemies":"Gremlin Nob","floor":14.0,"turns":4.0},{"damage":15.0,"enemies":"Hexaghost","floor":16.0,"turns":8.0},{"damage":6.0,"enemies":"3 Byrds","floor":18.0,"turns":3.0},{"damage":12.0,"enemies":"Shell Parasite","floor":19.0,"turns":6.0},{"damage":6.0,"enemies":"Sentry and Sphere","floor":21.0,"turns":5.0},{"damage":11.0,"enemies":"Gremlin Leader","floor":27.0,"turns":5.0},{"damage":0.0,"enemies":"Chosen and Byrds","floor":30.0,"turns":3.0},{"damage":34.0,"enemies":"Automaton","floor":33.0,"turns":6.0},{"damage":9.0,"enemies":"Orb Walker","floor":35.0,"turns":3.0},{"damage":0,"enemies":"3 Darklings","floor":38,"turns":1},{"damage":4,"enemies":"4 Shapes","floor":41,"turns":5},{"damage":18,"enemies":"Maw","floor":42,"turns":7},{"damage":28,"enemies":"Giant Head","floor":45,"turns":7},{"damage":12,"enemies":"Mind Bloom Boss Battle","floor":46,"turns":7},{"damage":30,"enemies":"Writhing Mass","floor":47,"turns":7},{"damage":0,"enemies":"Transient","floor":48,"turns":5},{"damage":27,"enemies":"Time Eater","floor":50,"turns":15}],"seed_played":"7354546962817827926","potions_obtained":[{"floor":5.0,"key":"LiquidBronze"},{"floor":7.0,"key":"Dexterity Potion"},{"floor":11.0,"key":"PowerPotion"},{"floor":19.0,"key":"Strength Potion"},{"floor":27.0,"key":"GamblersBrew"},{"floor":33.0,"key":"Fire Potion"},{"floor":45,"key":"AttackPotion"},{"floor":48,"key":"Strength Potion"}],"is_trial":false,"path_per_floor":["M","$","M","?","M","R","M","M","T","R","M","E","R","E","R","B",null,"M","M","$","M","?","R","?","?","T","E","?","R","M","$","R","B",null,"M","$","?","M","$","R","M","M","T","R","E","?","M","M","R","B",null],"character_chosen":"DEFECT","items_purchased":["Ball Lightning","Runic Capacitor","Bag of Marbles","FocusPotion"],"campfire_rested":2,"item_purchase_floors":[2,20,31,31],"current_hp_per_floor":[74,74,67,56,56,56,50,30,30,54,46,31,55,38,38,23,67,61,49,49,43,43,43,43,43,43,40,40,40,42,42,42,35,52,49,49,49,49,49,49,51,47,47,47,33,53,29,39,39,50],"gold":263,"neow_bonus":"TEN_PERCENT_HP_BONUS","is_prod":false,"is_daily":false,"chose_seed":false,"campfire_upgraded":8,"win_rate":0,"timestamp":1567959625,"path_taken":["M","?","M","?","M","R","M","M","T","R","M","E","R","E","R","BOSS","M","M","$","M","?","R","?","?","T","E","?","R","?","?","R","BOSS","M","$","?","M","$","R","M","M","T","R","E","?","M","M","R","BOSS"],"build_version":"2019-07-17","purchased_purges":2,"victory":true,"max_hp_per_floor":[82,82,82,82,82,82,82,82,82,82,82,82,82,82,82,82,82,82,82,82,82,57,57,57,57,57,57,57,57,57,57,57,57,57,57,57,57,57,57,57,57,57,57,57,57,57,57,57,57,57],"card_choices":[{"not_picked":["Barrage","Stack"],"picked":"Compile Driver","floor":1.0},{"not_picked":["Coolheaded","Steam"],"picked":"Reinforced Body","floor":3.0},{"not_picked":["Compile Driver","Lockon"],"picked":"Sweeping Beam","floor":5.0},{"not_picked":["Go for the Eyes","Rebound"],"picked":"Defragment","floor":7.0},{"not_picked":["Sweeping Beam","Stack"],"picked":"Beam Cell","floor":8.0},{"not_picked":["Leap","Ball Lightning"],"picked":"Streamline","floor":11.0},{"not_picked":["Defragment","Conserve Battery"],"picked":"Electrodynamics","floor":12.0},{"not_picked":["Beam Cell","Rebound"],"picked":"Skim","floor":14.0},{"not_picked":["Echo Form","Amplify"],"picked":"Core Surge","floor":16.0},{"not_picked":["Ball Lightning","Coolheaded+1"],"picked":"Steam","floor":18.0},{"not_picked":["Conserve Battery","Static Discharge"],"picked":"Hyperbeam","floor":19.0},{"not_picked":["Streamline","Sweeping Beam"],"picked":"Steam","floor":21.0},{"not_picked":["Cold Snap","Go for the Eyes+1","Rainbow"],"picked":"SKIP","floor":27.0},{"not_picked":["Sweeping Beam","Loop","Go for the Eyes"],"picked":"SKIP","floor":30.0},{"not_picked":["Sweeping Beam","Loop"],"picked":"Go for the Eyes","floor":30.0},{"not_picked":["Electrodynamics","All For One"],"picked":"Reboot","floor":33.0},{"not_picked":["Conserve Battery","Compile Driver"],"picked":"Leap+1","floor":35.0},{"not_picked":["Compile Driver+1","Go for the Eyes"],"picked":"Rebound+1","floor":38},{"not_picked":["Rebound","Leap"],"picked":"Lockon","floor":41},{"not_picked":["Echo Form","Hello World+1"],"picked":"Coolheaded","floor":42},{"not_picked":["Conserve Battery+1","Rip and Tear+1"],"picked":"Defragment","floor":45},{"not_picked":["Self Repair","Steam"],"picked":"Leap+1","floor":46},{"not_picked":["Doom and Gloom+1","Go for the Eyes"],"picked":"Leap+1","floor":47},{"not_picked":["FTL","Conserve Battery","Doom and Gloom+1"],"picked":"SKIP","floor":48}],"player_experience":359563,"relics_obtained":[{"floor":9.0,"key":"Ancient Tea Set"},{"floor":12.0,"key":"War Paint"},{"floor":14.0,"key":"Matryoshka"},{"floor":26.0,"key":"Pen Nib"},{"floor":26.0,"key":"Art of War"},{"floor":27.0,"key":"Pantograph"},{"floor":43,"key":"Boot"},{"floor":43,"key":"Blood Vial"},{"floor":45,"key":"Ice Cream"},{"floor":46,"key":"Calipers"}],"event_choices":[{"damage_healed":0.0,"max_hp_gain":0.0,"max_hp_loss":0.0,"gold_gain":75.0,"event_name":"World of Goop","player_choice":"Gather Gold","floor":4.0,"gold_loss":0.0,"damage_taken":11.0},{"damage_healed":0.0,"max_hp_gain":0.0,"max_hp_loss":25.0,"gold_gain":0.0,"event_name":"Vampires","player_choice":"Became a vampire","floor":22.0,"gold_loss":0.0,"damage_taken":0.0,"cards_obtained":["Bite","Bite","Bite","Bite","Bite"]},{"damage_healed":0.0,"max_hp_gain":0.0,"max_hp_loss":0.0,"gold_gain":99.0,"event_name":"Nest","player_choice":"Stole From Cult","floor":24.0,"gold_loss":0.0,"damage_taken":0.0},{"damage_healed":0.0,"max_hp_gain":0.0,"max_hp_loss":0.0,"gold_gain":0.0,"event_name":"Addict","player_choice":"Obtained Relic","floor":25.0,"gold_loss":85.0,"damage_taken":0.0,"relics_obtained":["Vajra"]},{"damage_healed":0.0,"max_hp_gain":0.0,"max_hp_loss":0.0,"gold_gain":0.0,"event_name":"Upgrade Shrine","player_choice":"Upgraded","floor":28.0,"gold_loss":0.0,"damage_taken":0.0,"cards_upgraded":["Beam Cell"]},{"damage_healed":0.0,"max_hp_gain":0.0,"max_hp_loss":0.0,"gold_gain":0.0,"event_name":"Tomb of Lord Red Mask","player_choice":"Paid","floor":37.0,"gold_loss":41.0,"damage_taken":0.0,"relics_obtained":["Red Mask"]},{"damage_healed":0,"gold_gain":0,"player_choice":"Fight","damage_taken":0,"max_hp_gain":0,"max_hp_loss":0,"event_name":"MindBloom","floor":46,"gold_loss":0}],"is_beta":false,"boss_relics":[{"not_picked":["Calling Bell","Black Star"],"picked":"Cursed Key"},{"not_picked":["Velvet Choker","Runic Pyramid"],"picked":"Philosopher\u0027s Stone"}],"items_purged_floors":[20,36],"is_endless":false,"potions_floor_spawned":[5,7,11,19,27,33,45,48],"ascension_level":9}