{"gold_per_floor":[18,28,28,28,40,40,40,68,121,151,151,151,151,169,169,246,246,265,265,283,173,83,83,33,33,56,75,89,89,89,100,100,175,175,186,202,146,146,10,40,50,50,50,50,63,78,98,98,98,98],"floor_reached":51,"playtime":3117,"items_purged":["Defend_B","Tempest"],"score":1469,"play_id":"a3a98388-a1f9-491c-93d3-718d98d74df7","local_time":"20180921060552","is_ascension_mode":true,"campfire_choices":[{"data":"Zap","floor":6,"key":"SMITH"},{"floor":11,"key":"REST"},{"data":"Capacitor","floor":13,"key":"SMITH"},{"data":"Streamline","floor":15,"key":"SMITH"},{"data":"Defragment","floor":23,"key":"SMITH"},{"data":"Glacier","floor":25,"key":"SMITH"},{"data":"Fusion","floor":30,"key":"SMITH"},{"floor":32,"key":"REST"},{"floor":42,"key":"REST"},{"floor":44,"key":"REST"},{"floor":49,"key":"REST"}],"neow_cost":"NO_GOLD","seed_source_timestamp":31858395211196,"circlet_count":0,"master_deck":["Defend_B","Dualcast","AscendersBane","Glacier+1","Capacitor+1","Chill","Streamline+1","Compile Driver","Multi-Cast","Redo+1","Rainbow+1","Hologram+1","Self Repair+1","Defragment+1","Barrage","Fusion+1","Defragment+1","Reboot","Reprogram+1","Impatience","Master of Strategy","Defragment","Capacitor+1","Reinforced Body"],"relics":["Cracked Core","Regal Pillow","Smiling Mask","Kunai","Astrolabe","Ancient Tea Set","Fusion Hammer","FossilizedHelix","Lantern"],"potions_floor_usage":[8,12,14,16,20,33,40,40,50],"damage_taken":[{"damage":2,"enemies":"2 Louse","floor":1,"turns":3},{"damage":4,"enemies":"Cultist","floor":2,"turns":5},{"damage":7,"enemies":"Small Slimes","floor":5,"turns":4},{"damage":48,"enemies":"Gremlin Nob","floor":8,"turns":6},{"damage":0,"enemies":"Lagavulin","floor":10,"turns":9},{"damage":7,"enemies":"3 Louse","floor":14,"turns":3},{"damage":0,"enemies":"The Guardian","floor":16,"turns":9},{"damage":17,"enemies":"Chosen","floor":18,"turns":5},{"damage":2,"enemies":"Shell Parasite","floor":20,"turns":5},{"damage":12,"enemies":"Snake Plant","floor":27,"turns":5},{"damage":7,"enemies":"Snecko","floor":28,"turns":5},{"damage":2,"enemies":"Sentry and Sphere","floor":31,"turns":5},{"damage":4,"enemies":"Champ","floor":33,"turns":6},{"damage":5,"enemies":"Orb Walker","floor":35,"turns":4},{"damage":31,"enemies":"3 Darklings","floor":36,"turns":5},{"damage":12,"enemies":"Giant Head","floor":40,"turns":6},{"damage":21,"enemies":"Spire Growth","floor":41,"turns":5},{"damage":0,"enemies":"Maw","floor":45,"turns":7},{"damage":0,"enemies":"Sphere and 2 Shapes","floor":46,"turns":7},{"damage":31,"enemies":"Jaw Worm Horde","floor":47,"turns":6},{"damage":0,"enemies":"Time Eater","floor":50,"turns":8}],"seed_played":"1365974589512621443","potions_obtained":[{"floor":1,"key":"Swift Potion"},{"floor":10,"key":"Block Potion"},{"floor":12,"key":"Fruit Juice"},{"floor":12,"key":"SkillPotion"},{"floor":14,"key":"PowerPotion"},{"floor":18,"key":"PowerPotion"},{"floor":33,"key":"Poison Potion"},{"floor":36,"key":"PowerPotion"},{"floor":40,"key":"Energy Potion"},{"floor":46,"key":"Poison Potion"}],"is_trial":false,"path_per_floor":["M","M","?","?","M","R","$","E","T","E","R","?","R","M","R","B",null,"M","?","M","?","$","R","?","R","T","M","M","?","R","M","R","B",null,"M","M","$","?","$","E","M","R","T","R","M","M","M","?","R","B"],"character_chosen":"DEFECT","items_purchased":["Defragment","PowerPotion","Defragment"],"campfire_rested":5,"item_purchase_floors":[22,37,39],"current_hp_per_floor":[62,58,58,58,51,51,51,3,3,3,39,44,44,37,37,37,66,49,49,47,47,47,47,47,47,47,45,48,48,48,56,76,76,76,76,55,55,50,50,48,37,74,74,76,76,76,55,55,76,76],"gold":98,"neow_bonus":"REMOVE_TWO","is_prod":false,"is_daily":false,"chose_seed":false,"campfire_upgraded":6,"win_rate":0,"timestamp":1537535152,"path_taken":["M","M","?","?","M","R","$","E","T","E","R","?","R","M","R","BOSS","M","?","M","?","$","R","?","R","T","M","M","?","R","?","R","BOSS","M","M","$","?","$","E","M","R","T","R","?","M","M","?","R","BOSS"],"build_version":"2018-09-20","purchased_purges":2,"victory":true,"max_hp_per_floor":[71,71,71,71,71,71,71,71,71,71,71,76,76,76,76,76,76,76,76,76,76,76,76,76,76,76,76,76,76,76,76,76,76,76,76,76,76,76,76,76,76,76,76,76,76,76,76,76,76,76],"card_choices":[{"not_picked":["White Noise","Streamline"],"picked":"Glacier","floor":1},{"not_picked":["Lockon","Go for the Eyes"],"picked":"Rebound","floor":2},{"not_picked":["Redo","Leap"],"picked":"Capacitor","floor":5},{"not_picked":["Stack","Steam"],"picked":"Chill","floor":8},{"not_picked":["Hologram","Reboot"],"picked":"Streamline","floor":10},{"not_picked":["Steam Power","Rebound"],"picked":"Compile Driver","floor":14},{"not_picked":["Meteor Strike","Seek"],"picked":"Multi-Cast","floor":16},{"not_picked":["Static Discharge","Glacier"],"picked":"Hologram","floor":18},{"not_picked":["Genetic Algorithm","Beam Cell"],"picked":"Self Repair","floor":20},{"not_picked":["Go for the Eyes","Cold Snap"],"picked":"Barrage","floor":27},{"not_picked":["Biased Cognition","Glacier"],"picked":"Fusion","floor":28},{"not_picked":["Recycle","Steam"],"picked":"Defragment+1","floor":31},{"not_picked":["Hyperbeam","Core Surge"],"picked":"Reboot","floor":33},{"not_picked":["Ball Lightning","Darkness"],"picked":"Reprogram+1","floor":35},{"not_picked":["Doom and Gloom","Consume","Scrape"],"picked":"SKIP","floor":36},{"not_picked":["Panacea","Forethought"],"picked":"Impatience","floor":38},{"not_picked":["Impatience","Transmutation"],"picked":"Master of Strategy","floor":38},{"not_picked":["Rebound+1","Beam Cell","FTL"],"picked":"SKIP","floor":40},{"not_picked":["Stack","FTL"],"picked":"Capacitor+1","floor":41},{"not_picked":["Turbo","Doom and Gloom","Sweeping Beam"],"picked":"SKIP","floor":45},{"not_picked":["Turbo","Go for the Eyes","Gash+1"],"picked":"SKIP","floor":46},{"not_picked":["Fission","Auto Shields"],"picked":"Reinforced Body","floor":47}],"player_experience":503038,"relics_obtained":[{"floor":8,"key":"Regal Pillow"},{"floor":9,"key":"Smiling Mask"},{"floor":10,"key":"Kunai"},{"floor":26,"key":"Ancient Tea Set"},{"floor":40,"key":"FossilizedHelix"},{"floor":43,"key":"Lantern"}],"event_choices":[{"event_name":"Transmorgrifier","player_choice":"Transform","floor":3,"damage_taken":0},{"event_name":"Golden Idol","player_choice":"Ignored","floor":4,"damage_taken":0},{"event_name":"The Lab","player_choice":"Got Potions","floor":12,"damage_taken":0},{"event_name":"Accursed Blacksmith","player_choice":"Forge","floor":19,"damage_taken":0},{"event_name":"Designer","player_choice":"Full Service","floor":21,"damage_taken":0},{"event_name":"The Joust","player_choice":"Bet on Murderer","floor":24,"damage_taken":0},{"event_name":"Purifier","player_choice":"One Purge","floor":29,"damage_taken":0},{"event_name":"SensoryStone","player_choice":"Memory 2","floor":38,"damage_taken":0},{"event_name":"Purifier","player_choice":"One Purge","floor":48,"damage_taken":0}],"is_beta":true,"boss_relics":[{"not_picked":["White Beast Statue","Runic Pyramid"],"picked":"Astrolabe"},{"not_picked":["Tiny House","Empty Cage"],"picked":"Fusion Hammer"}],"items_purged_floors":[22,39],"is_endless":false,"potions_floor_spawned":[1,10,14,18,33,36,40,46],"ascension_level":18}