{"gold_per_floor":[110,110,130,130,130,130,164,179,179,24,24,57,67,79,79,179,179,196,196,121,121,138,138,138,170,170,170,22,22,22,22,22,117,117,136,151,151,164,175,175,193,213,239,239,257,357,357,6,6,6],"floor_reached":51,"playtime":3092,"items_purged":["Underhanded Strike"],"score":1047,"play_id":"2d4aae37-24af-49e6-90d9-c4c438d4f79a","local_time":"20190905235726","is_ascension_mode":true,"campfire_choices":[{"data":"Doppelganger","floor":6.0,"key":"SMITH"},{"floor":11.0,"key":"REST"},{"floor":15.0,"key":"REST"},{"floor":23.0,"key":"REST"},{"data":"Envenom","floor":27.0,"key":"SMITH"},{"floor":29.0,"key":"REST"},{"floor":32.0,"key":"REST"},{"floor":40.0,"key":"REST"},{"floor":44.0,"key":"REST"},{"floor":49.0,"key":"REST"}],"neow_cost":"TEN_PERCENT_HP_LOSS","seed_source_timestamp":0,"circlet_count":0,"master_deck":["AscendersBane","Survivor","Neutralize+1","Doppelganger+1","Deadly Poison+1","Quick Slash","Deadly Poison","Bouncing Flask","Malaise","Caltrops","Adrenaline","Glass Knife","Acrobatics","Masterful Stab","Storm of Steel","Envenom+1","Backflip","RitualDagger","Cloak And Dagger+1","Caltrops","A Thousand Cuts","Leg Sweep","Predator+1","Bane"],"special_seed":0,"relics":["Ring of the Snake","Letter Opener","Kunai","Regal Pillow","Centennial Puzzle","Pandora\u0027s Box","Nilry\u0027s Codex","Boot","Mummified Hand","Ninja Scroll","Busted Crown","Bronze Scales","Ginger","Torii"],"potions_floor_usage":[50,50],"damage_taken":[{"damage":6.0,"enemies":"Jaw Worm","floor":1.0,"turns":5.0},{"damage":0.0,"enemies":"Cultist","floor":3.0,"turns":4.0},{"damage":34.0,"enemies":"Gremlin Nob","floor":7.0,"turns":5.0},{"damage":1.0,"enemies":"Small Slimes","floor":8.0,"turns":4.0},{"damage":14.0,"enemies":"Lagavulin","floor":12.0,"turns":5.0},{"damage":1.0,"enemies":"3 Louse","floor":13.0,"turns":3.0},{"damage":1.0,"enemies":"Exordium Wildlife","floor":14.0,"turns":5.0},{"damage":37.0,"enemies":"Slime Boss","floor":16.0,"turns":12.0},{"damage":11.0,"enemies":"Spheric Guardian","floor":18.0,"turns":3.0},{"damage":19.0,"enemies":"2 Thieves","floor":22.0,"turns":3.0},{"damage":17.0,"enemies":"Book of Stabbing","floor":25.0,"turns":7.0},{"damage":14.0,"enemies":"Colosseum Slavers","floor":30.0,"turns":4.0},{"damage":42.0,"enemies":"Champ","floor":33.0,"turns":10.0},{"damage":1.0,"enemies":"3 Shapes","floor":35.0,"turns":2.0},{"damage":0.0,"enemies":"Orb Walker","floor":36.0,"turns":2.0},{"damage":11.0,"enemies":"Spire Growth","floor":38.0,"turns":4.0},{"damage":20.0,"enemies":"Jaw Worm Horde","floor":39.0,"turns":4.0},{"damage":24.0,"enemies":"Sphere and 2 Shapes","floor":41.0,"turns":4.0},{"damage":10.0,"enemies":"Transient","floor":42.0,"turns":5.0},{"damage":7.0,"enemies":"Jaw Worm Horde","floor":45.0,"turns":3.0},{"damage":0.0,"enemies":"Mind Bloom Boss Battle","floor":46.0,"turns":6.0},{"damage":52,"enemies":"Awakened One","floor":50,"turns":16}],"seed_played":"-953281760461854029","potions_obtained":[{"floor":3.0,"key":"SteroidPotion"},{"floor":8.0,"key":"FearPotion"},{"floor":13.0,"key":"Swift Potion"},{"floor":18.0,"key":"SpeedPotion"},{"floor":22.0,"key":"LiquidBronze"},{"floor":25.0,"key":"Dexterity Potion"},{"floor":38.0,"key":"EssenceOfSteel"},{"floor":39.0,"key":"Explosive Potion"},{"floor":41.0,"key":"PowerPotion"},{"floor":45.0,"key":"Fruit Juice"},{"floor":46.0,"key":"SkillPotion"}],"is_trial":false,"path_per_floor":["M","?","M","?","?","R","E","M","T","$","R","E","M","M","R","B",null,"M","?","?","?","M","R","?","E","T","R","$","R","?","T","R","B",null,"M","M","?","M","M","R","M","M","T","R","M","?","?","$","R","B",null],"character_chosen":"THE_SILENT","items_purchased":["Regal Pillow","Caltrops","Torii","Bane"],"campfire_rested":8,"item_purchase_floors":[10,28,48,48],"current_hp_per_floor":[57,57,57,50,37,37,3,2,2,2,35,21,20,19,52,15,51,40,40,40,34,15,48,32,15,15,15,15,48,34,34,63,21,53,52,52,52,41,21,54,30,20,20,53,46,51,51,51,68,16],"gold":6,"neow_bonus":"THREE_RARE_CARDS","is_prod":false,"is_daily":false,"chose_seed":false,"campfire_upgraded":2,"win_rate":0,"timestamp":1567753046,"path_taken":["M","?","?","?","?","R","E","M","T","?","R","E","M","M","R","BOSS","M","?","?","?","M","R","?","E","T","R","?","R","?","?","R","BOSS","M","M","?","M","M","R","?","M","T","R","?","?","?","$","R","BOSS"],"build_version":"2019-07-17","purchased_purges":1,"victory":true,"max_hp_per_floor":[63,63,63,63,63,63,63,63,63,63,63,63,63,63,63,63,63,63,63,63,63,63,63,63,63,63,63,63,63,63,63,63,63,63,63,63,63,63,63,63,63,63,63,63,63,68,68,68,68,68],"card_choices":[{"not_picked":["Tools of the Trade","Venomology"],"picked":"Doppelganger","floor":0.0},{"not_picked":["Backflip","Choke"],"picked":"Deadly Poison","floor":1.0},{"not_picked":["Slice","Reflex"],"picked":"Quick Slash","floor":3.0},{"not_picked":["Underhanded Strike","Escape Plan"],"picked":"Leg Sweep","floor":7.0},{"not_picked":["Blade Dance","Bane"],"picked":"Deadly Poison","floor":8.0},{"not_picked":["Blade Dance","Sucker Punch","Predator"],"picked":"SKIP","floor":12.0},{"not_picked":["Heel Hook","Calculated Gamble","Outmaneuver"],"picked":"SKIP","floor":13.0},{"not_picked":["Calculated Gamble","Expertise"],"picked":"Bouncing Flask","floor":14.0},{"not_picked":["Wraith Form v2","Adrenaline"],"picked":"Malaise","floor":16.0},{"not_picked":["Prepared","Flying Knee"],"picked":"Backflip","floor":18.0},{"not_picked":["Poisoned Stab","Terror","Dagger Throw"],"picked":"SKIP","floor":22.0},{"not_picked":["Bouncing Flask","Terror"],"picked":"Cloak And Dagger+1","floor":25.0},{"not_picked":["Unload","Wraith Form v2"],"picked":"A Thousand Cuts","floor":33.0},{"not_picked":["Quick Slash"],"picked":"SKIP","floor":35.0},{"not_picked":["Flying Knee"],"picked":"SKIP","floor":36.0},{"not_picked":["Backflip"],"picked":"SKIP","floor":38.0},{"not_picked":[],"picked":"Leg Sweep","floor":39.0},{"not_picked":["Tactician"],"picked":"SKIP","floor":41.0},{"not_picked":["All Out Attack"],"picked":"SKIP","floor":42.0},{"not_picked":["Eviscerate"],"picked":"SKIP","floor":45.0},{"not_picked":[],"picked":"Predator+1","floor":46.0}],"player_experience":1386472,"relics_obtained":[{"floor":7.0,"key":"Letter Opener"},{"floor":9.0,"key":"Kunai"},{"floor":12.0,"key":"Centennial Puzzle"},{"floor":24.0,"key":"Nilry\u0027s Codex"},{"floor":25.0,"key":"Boot"},{"floor":26.0,"key":"Mummified Hand"},{"floor":31.0,"key":"Ninja Scroll"},{"floor":43.0,"key":"Bronze Scales"},{"floor":46.0,"key":"Ginger"}],"event_choices":[{"damage_healed":0.0,"max_hp_gain":0.0,"max_hp_loss":0.0,"gold_gain":0.0,"event_name":"Upgrade Shrine","player_choice":"Upgraded","floor":2.0,"gold_loss":0.0,"damage_taken":0.0,"cards_upgraded":["Neutralize"]},{"cards_removed":["Strike_G"],"damage_healed":0.0,"max_hp_gain":0.0,"max_hp_loss":0.0,"gold_gain":0.0,"event_name":"Golden Wing","player_choice":"Card Removal","floor":4.0,"gold_loss":0.0,"damage_taken":7.0},{"damage_healed":0.0,"max_hp_gain":0.0,"max_hp_loss":0.0,"gold_gain":0.0,"event_name":"Shining Light","player_choice":"Entered Light","floor":5.0,"gold_loss":0.0,"damage_taken":13.0,"cards_upgraded":["Defend_G","Deadly Poison"]},{"damage_healed":0.0,"max_hp_gain":0.0,"max_hp_loss":0.0,"gold_gain":0.0,"event_name":"The Mausoleum","player_choice":"Ignored","floor":19.0,"gold_loss":0.0,"damage_taken":0.0},{"cards_removed":["All Out Attack"],"damage_healed":0.0,"max_hp_gain":0.0,"max_hp_loss":0.0,"gold_gain":0.0,"event_name":"Beggar","player_choice":"Gave Gold","floor":20.0,"gold_loss":75.0,"damage_taken":0.0},{"damage_healed":0.0,"max_hp_gain":0.0,"max_hp_loss":0.0,"gold_gain":0.0,"event_name":"Nest","player_choice":"Joined the Cult","floor":21.0,"gold_loss":0.0,"damage_taken":6.0,"cards_obtained":["RitualDagger"]},{"damage_healed":0.0,"max_hp_gain":0.0,"max_hp_loss":0.0,"gold_gain":0.0,"event_name":"Cursed Tome","player_choice":"Obtained Book","floor":24.0,"gold_loss":0.0,"damage_taken":16.0},{"damage_healed":0.0,"max_hp_gain":0.0,"max_hp_loss":0.0,"gold_gain":0.0,"event_name":"Colosseum","player_choice":"Fight","floor":30.0,"gold_loss":0.0,"damage_taken":0.0},{"damage_healed":0.0,"max_hp_gain":0.0,"max_hp_loss":0.0,"gold_gain":0.0,"event_name":"Colosseum","player_choice":"Fled From Nobs","floor":30.0,"gold_loss":0.0,"damage_taken":0.0},{"damage_healed":0.0,"max_hp_gain":0.0,"max_hp_loss":0.0,"gold_gain":0.0,"event_name":"Match and Keep!","player_choice":"0 cards matched","floor":37.0,"gold_loss":0.0,"damage_taken":0.0,"cards_obtained":[]},{"damage_healed":0.0,"max_hp_gain":0.0,"max_hp_loss":0.0,"gold_gain":0.0,"event_name":"MindBloom","player_choice":"Fight","floor":46.0,"gold_loss":0.0,"damage_taken":0.0},{"cards_removed":["Leg Sweep"],"damage_healed":0.0,"max_hp_gain":0.0,"max_hp_loss":0.0,"gold_gain":0.0,"event_name":"Falling","player_choice":"Removed Skill","floor":47.0,"gold_loss":0.0,"damage_taken":0.0}],"is_beta":false,"boss_relics":[{"not_picked":["Orrery","WristBlade"],"picked":"Pandora\u0027s Box"},{"not_picked":["Ring of the Serpent","Cursed Key"],"picked":"Busted Crown"}],"items_purged_floors":[28],"is_endless":false,"potions_floor_spawned":[3,8,13,18,22,25,38,39,41,45,46],"ascension_level":12}