{"gold_per_floor":[115,13,188,204,54,54,87,87,157,168,178,191,191,208,208,208],"floor_reached":16,"playtime":514,"items_purged":["Strike_P"],"score":117,"play_id":"b54adae3-6e36-42b7-9d43-370643b61f32","local_time":"20190911203748","is_ascension_mode":true,"campfire_choices":[{"data":"Alpha","floor":6.0,"key":"SMITH"},{"floor":8.0,"key":"REST"},{"floor":13.0,"key":"REST"},{"floor":15,"key":"REST"}],"neow_cost":"TEN_PERCENT_HP_LOSS","seed_source_timestamp":130535102826936,"circlet_count":0,"master_deck":["Strike_P+1","Strike_P","Strike_P","Defend_P","Defend_P","Defend_P","Defend_P","Eruption+1","Vigilance","Alpha+1","EmptyBody","ClearTheMind","Doubt","BowlingBash","EmptyBody","MentalFortress","Consecrate","ThirdEye"],"special_seed":0,"relics":["PureWater","Whetstone","Centennial Puzzle","Ornamental Fan"],"potions_floor_usage":[14],"damage_taken":[{"damage":0.0,"enemies":"2 Louse","floor":1.0,"turns":2.0},{"damage":2.0,"enemies":"Small Slimes","floor":4.0,"turns":5.0},{"damage":40.0,"enemies":"Gremlin Nob","floor":7.0,"turns":5.0},{"damage":5.0,"enemies":"Jaw Worm","floor":10.0,"turns":5.0},{"damage":6.0,"enemies":"2 Fungi Beasts","floor":11.0,"turns":4.0},{"damage":8.0,"enemies":"Red Slaver","floor":12.0,"turns":6.0},{"damage":19,"enemies":"Exordium Wildlife","floor":14,"turns":4},{"damage":0,"enemies":"Slime Boss","floor":16,"turns":3}],"seed_played":"6841578965469845772","potions_obtained":[{"floor":4.0,"key":"Swift Potion"},{"floor":7.0,"key":"DuplicationPotion"},{"floor":12.0,"key":"StancePotion"}],"is_trial":false,"path_per_floor":["M","$","?","M","$","R","E","R","T","M","M","M","R","M","R","B"],"character_chosen":"WATCHER","items_purchased":["ClearTheMind","Whetstone"],"campfire_rested":3,"item_purchase_floors":[2,5],"current_hp_per_floor":[59,59,59,57,57,57,17,34,34,29,23,15,32,13,30,30],"gold":208,"neow_bonus":"THREE_RARE_CARDS","is_prod":false,"is_daily":false,"chose_seed":false,"campfire_upgraded":1,"win_rate":0,"timestamp":1568201868,"path_taken":["M","$","?","M","$","R","E","R","T","M","M","M","R","M","R","BOSS"],"build_version":"2019-09-10","purchased_purges":1,"victory":false,"max_hp_per_floor":[59,59,59,59,59,59,59,59,59,59,59,59,59,59,59,59],"card_choices":[{"not_picked":["Judgement","Omniscience"],"picked":"Alpha","floor":0.0},{"not_picked":["CrushJoints","Protect"],"picked":"EmptyBody","floor":1.0},{"not_picked":["Adaptation","WindmillStrike"],"picked":"BowlingBash","floor":4.0},{"not_picked":["Vengeance","Establishment"],"picked":"EmptyBody","floor":7.0},{"not_picked":["Crescendo","Evaluate"],"picked":"MentalFortress","floor":10.0},{"not_picked":["WindmillStrike","Meditate"],"picked":"Consecrate","floor":11.0},{"not_picked":["DeceiveReality","JustLucky"],"picked":"ThirdEye","floor":12.0},{"not_picked":["EmptyBody","FollowUp","Crescendo"],"picked":"SKIP","floor":14}],"player_experience":597665,"relics_obtained":[{"floor":7.0,"key":"Centennial Puzzle"},{"floor":9.0,"key":"Ornamental Fan"}],"event_choices":[{"damage_healed":0.0,"max_hp_gain":0.0,"max_hp_loss":0.0,"gold_gain":175.0,"event_name":"Liars Game","player_choice":"AGREE","floor":3.0,"gold_loss":0.0,"damage_taken":0.0,"cards_obtained":["Doubt"]}],"is_beta":true,"boss_relics":[],"items_purged_floors":[2],"is_endless":false,"potions_floor_spawned":[4,7,12],"killed_by":"Slime Boss","ascension_level":3}