{"gold_per_floor":[117,129,142,152,77,77,77,77,101,10,10,35,35,50,50,149,149,163,177,177,177,200,200,213,213,236,236,250,7,48,68,68,167,167,181,204,329,4,0,0,39,39,39,39,39,54,67,67,67,67],"floor_reached":50,"playtime":2633,"items_purged":["Strike_B","Strike_B"],"score":844,"play_id":"90e12177-d029-4634-8563-0c43b8f371f7","local_time":"20190927014453","is_ascension_mode":true,"campfire_choices":[{"data":"Dualcast","floor":6.0,"key":"SMITH"},{"data":"Zap","floor":8.0,"key":"SMITH"},{"floor":15.0,"key":"REST"},{"floor":23.0,"key":"REST"},{"data":"Defragment","floor":25.0,"key":"SMITH"},{"data":"Capacitor","floor":27.0,"key":"SMITH"},{"floor":32.0,"key":"REST"},{"floor":40.0,"key":"REST"},{"floor":45,"key":"REST"},{"floor":49,"key":"REST"}],"neow_cost":"TEN_PERCENT_HP_LOSS","seed_source_timestamp":212384400199700,"circlet_count":0,"master_deck":["AscendersBane","Strike_B","Strike_B","Defend_B","Defend_B","Defend_B","Zap+1","Dualcast+1","Leap","Defragment+1","Cold Snap","Sweeping Beam","Capacitor+1","Go for the Eyes","Gash","Cold Snap","Seek","Leap","Hologram+1","Sunder","Barrage","Cold Snap","Buffer","Glacier+1","Leap+1","FTL","Buffer","FTL+1"],"special_seed":0,"relics":["Cracked Core","Thread and Needle","Golden Idol","Bronze Scales","Nuclear Battery","Art of War","Oddly Smooth Stone","Fusion Hammer","Du-Vu Doll","Cables","Red Mask","Letter Opener","Toxic Egg 2"],"potions_floor_usage":[41,46,50],"damage_taken":[{"damage":7.0,"enemies":"2 Louse","floor":1.0,"turns":2.0},{"damage":0.0,"enemies":"Jaw Worm","floor":2.0,"turns":4.0},{"damage":0.0,"enemies":"Small Slimes","floor":3.0,"turns":4.0},{"damage":9.0,"enemies":"Exordium Thugs","floor":4.0,"turns":7.0},{"damage":5.0,"enemies":"Blue Slaver","floor":12.0,"turns":3.0},{"damage":8.0,"enemies":"3 Louse","floor":14.0,"turns":3.0},{"damage":18.0,"enemies":"The Guardian","floor":16.0,"turns":13.0},{"damage":22.0,"enemies":"2 Thieves","floor":18.0,"turns":3.0},{"damage":3.0,"enemies":"Spheric Guardian","floor":19.0,"turns":4.0},{"damage":1.0,"enemies":"Chosen and Byrds","floor":22.0,"turns":6.0},{"damage":1.0,"enemies":"Shelled Parasite and Fungi","floor":24.0,"turns":7.0},{"damage":15.0,"enemies":"Snake Plant","floor":28.0,"turns":4.0},{"damage":14.0,"enemies":"Gremlin Leader","floor":30.0,"turns":10.0},{"damage":0.0,"enemies":"Centurion and Healer","floor":31.0,"turns":8.0},{"damage":14.0,"enemies":"Champ","floor":33.0,"turns":14.0},{"damage":2.0,"enemies":"Orb Walker","floor":35.0,"turns":3.0},{"damage":5.0,"enemies":"3 Shapes","floor":36.0,"turns":6.0},{"damage":0.0,"enemies":"Mind Bloom Boss Battle","floor":37.0,"turns":9.0},{"damage":46,"enemies":"Giant Head","floor":41,"turns":14},{"damage":2,"enemies":"3 Darklings","floor":46,"turns":6},{"damage":4,"enemies":"Jaw Worm Horde","floor":47,"turns":6},{"damage":54,"enemies":"Donu and Deca","floor":50,"turns":10}],"seed_played":"3708464803427230584","potions_obtained":[{"floor":1.0,"key":"GamblersBrew"},{"floor":12.0,"key":"Energy Potion"},{"floor":16.0,"key":"Explosive Potion"},{"floor":19.0,"key":"SkillPotion"},{"floor":28.0,"key":"Swift Potion"},{"floor":31.0,"key":"FocusPotion"},{"floor":33.0,"key":"Ancient Potion"},{"floor":37.0,"key":"SpeedPotion"},{"floor":41,"key":"Fire Potion"}],"is_trial":false,"path_per_floor":["M","M","M","M","$","R","?","R","T","$","?","M","$","M","R","B",null,"M","M","?","?","M","R","M","R","T","R","M","$","E","M","R","B",null,"M","M","?","$","?","R","E","$","T","?","R","M","M","?","R","B"],"character_chosen":"DEFECT","items_purchased":["Capacitor","Go for the Eyes","Buffer","Cables","Ancient Potion"],"campfire_rested":6,"item_purchase_floors":[10,10,29,38,38],"current_hp_per_floor":[57,57,57,48,48,48,48,48,48,48,48,43,43,35,54,36,57,35,32,32,32,31,50,49,49,49,49,34,34,20,20,39,25,54,52,47,47,47,47,64,18,18,18,18,37,35,31,31,50,0],"gold":67,"neow_bonus":"ONE_RARE_RELIC","is_prod":false,"is_daily":false,"chose_seed":false,"campfire_upgraded":4,"win_rate":0,"timestamp":1569573893,"path_taken":["M","M","M","M","$","R","?","R","T","$","?","M","?","M","R","BOSS","M","M","?","?","?","R","M","R","T","R","M","$","E","M","R","BOSS","M","M","?","$","?","R","E","$","T","?","R","?","M","?","R","BOSS"],"build_version":"2019-07-17","purchased_purges":2,"victory":false,"max_hp_per_floor":[64,64,64,64,64,64,64,64,64,64,64,64,64,64,64,64,64,64,64,64,64,64,64,64,64,64,64,64,64,64,64,64,64,64,64,64,64,64,64,64,64,64,64,64,64,64,64,64,64,64],"card_choices":[{"not_picked":["Skim","Hello World"],"picked":"Leap","floor":1.0},{"not_picked":["Ball Lightning","Reinforced Body"],"picked":"Defragment","floor":2.0},{"not_picked":["Conserve Battery","Barrage"],"picked":"Cold Snap","floor":3.0},{"not_picked":["Stack","Rebound"],"picked":"Sweeping Beam","floor":4.0},{"not_picked":["Conserve Battery","Steam"],"picked":"Gash","floor":12.0},{"not_picked":["Steam Power","Ball Lightning"],"picked":"Cold Snap","floor":14.0},{"not_picked":["Creative AI","Amplify"],"picked":"Seek","floor":16.0},{"not_picked":["Darkness","Heatsinks"],"picked":"Leap","floor":18.0},{"not_picked":["Turbo+1","Rip and Tear"],"picked":"Hologram+1","floor":19.0},{"not_picked":["Gash","Reprogram"],"picked":"Sunder","floor":22.0},{"not_picked":["Beam Cell+1","Storm"],"picked":"Barrage","floor":24.0},{"not_picked":["Darkness","Leap"],"picked":"Cold Snap","floor":28.0},{"not_picked":["Reprogram","Stack","Aggregate"],"picked":"SKIP","floor":30.0},{"not_picked":["Compile Driver","Gash"],"picked":"Glacier+1","floor":31.0},{"not_picked":["Scrape","Cold Snap"],"picked":"Leap+1","floor":35.0},{"not_picked":["Barrage","Reprogram+1","Steam+1"],"picked":"SKIP","floor":36.0},{"not_picked":["Hologram","Tempest+1"],"picked":"FTL","floor":37.0},{"not_picked":["Chaos","Beam Cell","Turbo"],"picked":"SKIP","floor":41},{"not_picked":["Coolheaded+1","Leap+1"],"picked":"Buffer","floor":46},{"not_picked":["Conserve Battery+1","Skim+1"],"picked":"FTL+1","floor":47}],"player_experience":648460,"relics_obtained":[{"floor":9.0,"key":"Bronze Scales"},{"floor":26.0,"key":"Art of War"},{"floor":30.0,"key":"Oddly Smooth Stone"},{"floor":37.0,"key":"Du-Vu Doll"},{"floor":41,"key":"Letter Opener"},{"floor":43,"key":"Toxic Egg 2"}],"event_choices":[{"damage_healed":0.0,"max_hp_gain":0.0,"max_hp_loss":0.0,"gold_gain":0.0,"event_name":"Golden Idol","player_choice":"Take Wound","floor":7.0,"gold_loss":0.0,"damage_taken":0.0,"relics_obtained":["Golden Idol"],"cards_obtained":["Injury"]},{"damage_healed":0.0,"max_hp_gain":0.0,"max_hp_loss":0.0,"gold_gain":0.0,"event_name":"Liars Game","player_choice":"Ignored","floor":11.0,"gold_loss":0.0,"damage_taken":0.0},{"damage_healed":0.0,"max_hp_gain":0.0,"max_hp_loss":0.0,"gold_gain":0.0,"event_name":"Cursed Tome","player_choice":"Ignored","floor":20.0,"gold_loss":0.0,"damage_taken":0.0},{"cards_removed":["Injury"],"damage_healed":0.0,"max_hp_gain":0.0,"max_hp_loss":0.0,"gold_gain":0.0,"event_name":"Purifier","player_choice":"Purged","floor":21.0,"gold_loss":0.0,"damage_taken":0.0},{"damage_healed":0.0,"max_hp_gain":0.0,"max_hp_loss":0.0,"gold_gain":0.0,"event_name":"MindBloom","player_choice":"Fight","floor":37.0,"gold_loss":0.0,"damage_taken":0.0},{"damage_healed":0.0,"max_hp_gain":0.0,"max_hp_loss":0.0,"gold_gain":0.0,"event_name":"Tomb of Lord Red Mask","player_choice":"Paid","floor":39.0,"gold_loss":4.0,"damage_taken":0.0,"relics_obtained":["Red Mask"]},{"damage_healed":0,"gold_gain":0,"player_choice":"Ignored","damage_taken":0,"max_hp_gain":0,"max_hp_loss":0,"event_name":"SecretPortal","floor":44,"gold_loss":0},{"cards_removed":["Defend_B"],"damage_healed":0,"gold_gain":0,"player_choice":"Offered Basic","damage_taken":0,"max_hp_gain":0,"max_hp_loss":0,"event_name":"Bonfire Elementals","floor":48,"gold_loss":0}],"is_beta":false,"boss_relics":[{"not_picked":["Ectoplasm","Velvet Choker"],"picked":"Nuclear Battery"},{"not_picked":["White Beast Statue","Inserter"],"picked":"Fusion Hammer"}],"items_purged_floors":[5,29],"is_endless":false,"potions_floor_spawned":[1,12,14,16,19,28,31,33,37,41],"killed_by":"Donu and Deca","ascension_level":15}