{"gold_per_floor":[113,113,131,3,3,30,49,66,66,50,50,60,76,76],"floor_reached":14,"playtime":611,"items_purged":["Strike_B"],"score":143,"play_id":"66c7058f-0ec6-4751-a1b2-d253a9323747","local_time":"20190828105105","is_ascension_mode":true,"campfire_choices":[{"floor":11,"key":"REST"}],"neow_cost":"NONE","seed_source_timestamp":0,"circlet_count":0,"master_deck":["Strike_B","Strike_B","Strike_B","Defend_B","Defend_B","Defend_B","Defend_B","Zap","Dualcast","Coolheaded","Force Field+1","Coolheaded+1","Cold Snap","Go for the Eyes","Heatsinks"],"special_seed":0,"relics":["Cracked Core","NeowsBlessing","Ornamental Fan","Bottled Lightning"],"potions_floor_usage":[12],"damage_taken":[{"damage":0.0,"enemies":"Cultist","floor":1.0,"turns":1.0},{"damage":0.0,"enemies":"Small Slimes","floor":3.0,"turns":1.0},{"damage":0.0,"enemies":"3 Sentries","floor":6.0,"turns":1.0},{"damage":5.0,"enemies":"2 Louse","floor":7.0,"turns":2.0},{"damage":0.0,"enemies":"2 Fungi Beasts","floor":8.0,"turns":3.0},{"damage":9,"enemies":"Exordium Thugs","floor":10,"turns":5},{"damage":12,"enemies":"3 Louse","floor":12,"turns":3},{"damage":6,"enemies":"Exordium Wildlife","floor":13,"turns":8},{"damage":0,"enemies":"Exordium Thugs","floor":14,"turns":1}],"seed_played":"5661564592167347200","potions_obtained":[{"floor":3.0,"key":"Explosive Potion"},{"floor":8.0,"key":"Swift Potion"},{"floor":10,"key":"Energy Potion"},{"floor":13,"key":"FairyPotion"}],"is_trial":false,"path_per_floor":["M","$","M","$","?","E","M","M","T","M","R","M","M","M"],"character_chosen":"DEFECT","items_purchased":["Coolheaded"],"campfire_rested":1,"item_purchase_floors":[4],"current_hp_per_floor":[75,75,75,75,60,60,55,55,55,46,68,56,50,50],"gold":76,"neow_bonus":"THREE_ENEMY_KILL","is_prod":false,"is_daily":false,"chose_seed":false,"campfire_upgraded":0,"win_rate":0,"timestamp":1566985865,"path_taken":["M","$","M","$","?","E","M","M","T","M","R","M","M","M"],"build_version":"2019-07-17","purchased_purges":1,"victory":false,"max_hp_per_floor":[75,75,75,75,75,75,75,75,75,75,75,75,75,75],"card_choices":[{"not_picked":["Beam Cell","Turbo"],"picked":"Coolheaded","floor":1.0},{"not_picked":["Doom and Gloom","Lockon"],"picked":"Force Field","floor":3.0},{"not_picked":["Skim","Beam Cell"],"picked":"Cold Snap","floor":6.0},{"not_picked":["Fission","Steam"],"picked":"Go for the Eyes","floor":7.0},{"not_picked":["Hologram","Turbo","Rebound"],"picked":"SKIP","floor":8.0},{"not_picked":["Doom and Gloom","Consume","Barrage"],"picked":"SKIP","floor":10},{"not_picked":["Stack","Rip and Tear","Auto Shields"],"picked":"SKIP","floor":12},{"not_picked":["Coolheaded","Stack"],"picked":"Heatsinks","floor":13}],"player_experience":171611,"relics_obtained":[{"floor":6.0,"key":"Ornamental Fan"},{"floor":9,"key":"Bottled Lightning"}],"event_choices":[{"damage_healed":0.0,"max_hp_gain":0.0,"max_hp_loss":0.0,"gold_gain":0.0,"event_name":"Shining Light","player_choice":"Entered Light","floor":5.0,"gold_loss":0.0,"damage_taken":15.0,"cards_upgraded":["Coolheaded","Force Field"]}],"is_beta":false,"boss_relics":[],"items_purged_floors":[4],"is_endless":false,"potions_floor_spawned":[3,8,10,13],"killed_by":"Exordium Thugs","ascension_level":4}