{"gold_per_floor":[113,113,127,142,152,172,198,198,198,209,209,236,236,252,252,351,351,365,376,387,312,312,312,322,24,24,24,24,24,37,57,57,57],"floor_reached":33,"playtime":1699,"items_purged":[],"score":339,"play_id":"db44b360-9e61-4afd-a089-cd6e1a3e17d0","local_time":"20190821003414","is_ascension_mode":true,"campfire_choices":[{"floor":11,"key":"REST"},{"data":"Neutralize","floor":13,"key":"SMITH"},{"data":"Caltrops","floor":15,"key":"SMITH"},{"floor":23,"key":"REST"},{"floor":27,"key":"REST"},{"data":"Night Terror","floor":29,"key":"SMITH"},{"floor":32,"key":"REST"}],"neow_cost":"NONE","seed_source_timestamp":534833515145199,"circlet_count":0,"master_deck":["Strike_G+1","Strike_G+1","Strike_G+1","Defend_G+1","Defend_G+1","Defend_G+1","Defend_G+1","Defend_G+1","Survivor","Neutralize+1","Quick Slash","Bouncing Flask","Dagger Spray","Deadly Poison+1","Dagger Throw","Caltrops+1","Corpse Explosion","Night Terror+1","Backflip","Catalyst","PiercingWail","Catalyst+1"],"relics":["Ring of the Snake","NeowsBlessing","Blue Doll","Ninja Scroll","Replay:Bottled Snecko","ChewingGum","Quantum Egg","Matryoshka"],"potions_floor_usage":[6,16,20,20,24,31,33],"damage_taken":[{"damage":0,"enemies":"Cultist","floor":1,"turns":1},{"damage":0,"enemies":"2 Louse","floor":3,"turns":1},{"damage":0,"enemies":"Jaw Worm","floor":4,"turns":1},{"damage":10,"enemies":"2 Fungi Beasts","floor":5,"turns":5},{"damage":17,"enemies":"Large Slime","floor":6,"turns":6},{"damage":17,"enemies":"Lagavulin","floor":7,"turns":7},{"damage":1,"enemies":"Looter","floor":10,"turns":2},{"damage":14,"enemies":"3 Sentries","floor":12,"turns":7},{"damage":2,"enemies":"Lots of Slimes","floor":14,"turns":3},{"damage":8,"enemies":"Hexaghost","floor":16,"turns":7},{"damage":17,"enemies":"2 Thieves","floor":18,"turns":2},{"damage":7,"enemies":"3 Byrds","floor":19,"turns":3},{"damage":13,"enemies":"Snake Plant","floor":20,"turns":3},{"damage":27,"enemies":"Sentry and Sphere","floor":24,"turns":6},{"damage":5,"enemies":"Snecko","floor":30,"turns":4},{"damage":18,"enemies":"Snake Plant","floor":31,"turns":3},{"damage":75,"enemies":"Collector","floor":33,"turns":6}],"seed_played":"8288038697450839728","potions_obtained":[{"floor":5,"key":"AttackPotion"},{"floor":6,"key":"Flashbang"},{"floor":7,"key":"Weak Potion"},{"floor":12,"key":"SteroidPotion"},{"floor":14,"key":"Regen Potion"},{"floor":16,"key":"AttackPotion"},{"floor":20,"key":"GhostInAJar"},{"floor":24,"key":"Explosive Potion"}],"is_trial":false,"path_per_floor":["M","?","M","M","M","M","E","?","T","M","R","E","R","M","R","B",null,"M","M","M","?","?","R","M","$","T","R","?","R","M","M","R","B"],"character_chosen":"THE_SILENT","items_purchased":["Quantum Egg","PiercingWail"],"campfire_rested":4,"item_purchase_floors":[25,25],"current_hp_per_floor":[63,63,63,63,53,36,19,19,19,18,39,25,25,23,23,15,56,39,32,19,19,19,40,13,13,13,34,34,34,29,11,32,0],"gold":57,"neow_bonus":"THREE_ENEMY_KILL","is_prod":false,"is_daily":false,"chose_seed":false,"campfire_upgraded":3,"win_rate":0,"timestamp":1566372854,"path_taken":["M","?","?","?","M","M","E","?","T","M","R","E","R","M","R","BOSS","M","M","M","?","?","R","M","$","T","R","?","R","M","M","R","BOSS"],"build_version":"2019-07-17","purchased_purges":0,"victory":false,"max_hp_per_floor":[70,70,70,70,70,70,70,70,70,70,70,70,70,70,70,70,70,70,70,70,70,70,70,70,70,70,70,70,70,70,70,70,70],"card_choices":[{"not_picked":["Prepared","Terror"],"picked":"Quick Slash","floor":1},{"not_picked":["Terror","PiercingWail"],"picked":"Bouncing Flask","floor":3},{"not_picked":["Reflex","Setup","ReplayTheSpireMod:The Works"],"picked":"SKIP","floor":4},{"not_picked":["Slice","ReplayTheSpireMod:Tripwire"],"picked":"Dagger Spray","floor":5},{"not_picked":["Outmaneuver","Acrobatics"],"picked":"Deadly Poison","floor":6},{"not_picked":["Hidden Blade","Finisher"],"picked":"Dagger Throw","floor":7},{"not_picked":["Concentrate","Dagger Spray","Terror"],"picked":"SKIP","floor":10},{"not_picked":["Dagger Spray","Finisher"],"picked":"Caltrops","floor":12},{"not_picked":["Dagger Throw","Cloak And Dagger"],"picked":"Corpse Explosion","floor":14},{"not_picked":["Bullet Time","Glass Knife"],"picked":"Night Terror","floor":16},{"not_picked":["Endless Agony","Flying Knee"],"picked":"Backflip","floor":18},{"not_picked":["Dagger Spray","Poisoned Stab"],"picked":"Catalyst","floor":19},{"not_picked":["Replay:Bag of Tricks","Prepared","Riddle With Holes"],"picked":"SKIP","floor":20},{"not_picked":["Outmaneuver","Sneak Up","ReplayTheSpireMod:Speed Training"],"picked":"SKIP","floor":24},{"not_picked":["ReplayTheSpireMod:Shiv Toss","Underhanded Strike+1","Concentrate"],"picked":"SKIP","floor":30},{"not_picked":["Backflip","Slice"],"picked":"Catalyst+1","floor":31}],"player_experience":1403390,"relics_obtained":[{"floor":7,"key":"Blue Doll"},{"floor":9,"key":"Ninja Scroll"},{"floor":12,"key":"Replay:Bottled Snecko"},{"floor":26,"key":"Matryoshka"}],"event_choices":[{"cards_removed":["Strike_G"],"damage_healed":0,"gold_gain":0,"player_choice":"Offered Basic","damage_taken":0,"max_hp_gain":0,"max_hp_loss":0,"event_name":"Bonfire Elementals","floor":2,"gold_loss":0},{"cards_removed":["Strike_G"],"damage_healed":0,"gold_gain":0,"player_choice":"Gave Gold","damage_taken":0,"max_hp_gain":0,"max_hp_loss":0,"event_name":"Beggar","floor":21,"gold_loss":75},{"damage_healed":0,"gold_gain":0,"player_choice":"Simplicity","damage_taken":0,"max_hp_gain":0,"max_hp_loss":0,"event_name":"Back to Basics","floor":22,"gold_loss":0,"cards_upgraded":["Strike_G","Strike_G","Strike_G","Defend_G","Defend_G","Defend_G","Defend_G","Defend_G"]}],"is_beta":false,"boss_relics":[{"not_picked":["Replay:Drink Me","Replay:Wanted Poster"],"picked":"ChewingGum"}],"items_purged_floors":[],"is_endless":false,"potions_floor_spawned":[5,6,7,12,14,16,20,24],"killed_by":"Collector","ascension_level":6}