{"gold_per_floor":[363,20,31,31,44,70,88,88,136,136,163,163,185,196,196,291,291,310,310,32,32,48,48,48,48,98,117,117,131,131],"floor_reached":30,"playtime":1016,"items_purged":["Regret","Strike_G"],"score":381,"play_id":"f01fa028-ccc0-4576-b5b3-57c198c7941c","local_time":"20190917194218","is_ascension_mode":true,"campfire_choices":[{"data":"Neutralize","floor":8.0,"key":"SMITH"},{"data":"Mayhem","floor":10.0,"key":"SMITH"},{"data":"Crippling Poison","floor":12.0,"key":"SMITH"},{"floor":15,"key":"REST"},{"data":"Footwork","floor":23,"key":"SMITH"},{"data":"Panache","floor":25,"key":"SMITH"},{"data":"Survivor","floor":28,"key":"SMITH"}],"neow_cost":"CURSE","seed_source_timestamp":0,"circlet_count":0,"master_deck":["AscendersBane","Strike_G","Strike_G","Strike_G","Strike_G","Defend_G","Defend_G","Defend_G","Defend_G","Defend_G","Survivor+1","Neutralize+1","Deflect","Noxious Fumes+1","Mayhem+1","Bane","Dagger Spray","Backflip","Quick Slash","Crippling Poison+1","Footwork+1","Corpse Explosion","Panache+1","Catalyst","Backflip"],"special_seed":0,"relics":["Ring of the Snake","Bottled Flame","Strawberry","Pen Nib","Odd Mushroom","Busted Crown","MealTicket"],"potions_floor_usage":[13,22],"damage_taken":[{"damage":16.0,"enemies":"Jaw Worm","floor":1.0,"turns":8.0},{"damage":1.0,"enemies":"Cultist","floor":3.0,"turns":5.0},{"damage":1.0,"enemies":"2 Louse","floor":5.0,"turns":5.0},{"damage":15.0,"enemies":"3 Sentries","floor":6.0,"turns":5.0},{"damage":4.0,"enemies":"Exordium Thugs","floor":7.0,"turns":5.0},{"damage":9.0,"enemies":"Lagavulin","floor":11.0,"turns":8.0},{"damage":8,"enemies":"The Mushroom Lair","floor":13,"turns":3},{"damage":3,"enemies":"Blue Slaver","floor":14,"turns":4},{"damage":30,"enemies":"The Guardian","floor":16,"turns":12},{"damage":5,"enemies":"Shell Parasite","floor":18,"turns":5},{"damage":0,"enemies":"Spheric Guardian","floor":22,"turns":4},{"damage":4,"enemies":"3 Cultists","floor":27,"turns":3},{"damage":15,"enemies":"Shelled Parasite and Fungi","floor":29,"turns":5},{"damage":23,"enemies":"Sentry and Sphere","floor":30,"turns":3}],"seed_played":"2738352128333866112","potions_obtained":[{"floor":5.0,"key":"Poison Potion"},{"floor":11.0,"key":"Swift Potion"},{"floor":16,"key":"GhostInAJar"},{"floor":18,"key":"Strength Potion"},{"floor":27,"key":"Explosive Potion"}],"is_trial":false,"path_per_floor":["M","$","M","?","M","E","M","R","T","R","E","R","?","M","R","B",null,"M","?","$","?","M","R","$","R","T","M","R","M","M"],"character_chosen":"THE_SILENT","items_purchased":["Deflect","Noxious Fumes","Mayhem","Panache"],"campfire_rested":1,"item_purchase_floors":[2,2,2,20],"current_hp_per_floor":[47,47,46,46,45,30,26,26,33,33,24,24,16,13,36,6,59,54,54,54,40,40,40,40,40,40,36,36,21,0],"gold":131,"neow_bonus":"TWO_FIFTY_GOLD","is_prod":false,"is_daily":false,"chose_seed":false,"campfire_upgraded":6,"win_rate":0,"timestamp":1568774538,"path_taken":["M","$","M","?","M","E","?","R","T","R","E","R","?","M","R","BOSS","M","?","$","?","M","R","?","R","T","?","R","M","M"],"build_version":"2019-09-17","purchased_purges":2,"victory":false,"max_hp_per_floor":[70,70,70,70,70,70,70,70,77,77,77,77,77,77,77,77,77,77,77,77,82,82,82,82,82,82,82,82,82,82],"card_choices":[{"not_picked":["Tactician","Setup","PiercingWail"],"picked":"SKIP","floor":1.0},{"not_picked":["Calculated Gamble","Outmaneuver"],"picked":"Bane","floor":3.0},{"not_picked":["PiercingWail","Slice"],"picked":"Dagger Spray","floor":5.0},{"not_picked":["Expertise","Quick Slash"],"picked":"Backflip","floor":6.0},{"not_picked":["Flechettes","Outmaneuver"],"picked":"Quick Slash","floor":7.0},{"not_picked":["Accuracy","Quick Slash"],"picked":"Crippling Poison","floor":11.0},{"not_picked":["Riddle With Holes","Eviscerate"],"picked":"Footwork","floor":13},{"not_picked":["Prepared","Bane","Heel Hook"],"picked":"SKIP","floor":14},{"not_picked":["Die Die Die","Grand Finale"],"picked":"Corpse Explosion","floor":16},{"not_picked":["Backflip"],"picked":"SKIP","floor":18},{"not_picked":[],"picked":"Catalyst","floor":22},{"not_picked":[],"picked":"Backflip","floor":27},{"not_picked":["Sucker Punch"],"picked":"SKIP","floor":29}],"player_experience":652967,"relics_obtained":[{"floor":6.0,"key":"Bottled Flame"},{"floor":9.0,"key":"Strawberry"},{"floor":11.0,"key":"Pen Nib"},{"floor":13,"key":"Odd Mushroom"},{"floor":26,"key":"MealTicket"}],"event_choices":[{"damage_healed":0.0,"max_hp_gain":0.0,"max_hp_loss":0.0,"gold_gain":0.0,"event_name":"Accursed Blacksmith","player_choice":"Forge","floor":4.0,"gold_loss":0.0,"damage_taken":0.0,"cards_upgraded":["Noxious Fumes"]},{"damage_healed":0,"gold_gain":0,"player_choice":"Fought Mushrooms","damage_taken":0,"max_hp_gain":0,"max_hp_loss":0,"event_name":"Mushrooms","floor":13,"gold_loss":0},{"damage_healed":0,"gold_gain":0,"player_choice":"Ignored","damage_taken":0,"max_hp_gain":0,"max_hp_loss":0,"event_name":"Ghosts","floor":19,"gold_loss":0},{"damage_healed":0,"gold_gain":0,"player_choice":"Shed Blood","damage_taken":19,"max_hp_gain":5,"max_hp_loss":0,"event_name":"Forgotten Altar","floor":21,"gold_loss":0}],"is_beta":true,"boss_relics":[{"not_picked":["Calling Bell","Ring of the Serpent"],"picked":"Busted Crown"}],"items_purged_floors":[2,20],"is_endless":false,"potions_floor_spawned":[5,11,16,18,27],"killed_by":"Sentry and Sphere","ascension_level":12}