{"gold_per_floor":[109,109,121,135,151,151,186,186,210,229,241,241,265,299,299,371,371,388,398,398,413,118,128,128,128],"floor_reached":25,"playtime":1110,"items_purged":["Strike_R"],"score":391,"play_id":"b91f6041-d074-40a4-82ca-902cf40a2712","local_time":"20190831091909","is_ascension_mode":true,"campfire_choices":[{"data":"Pommel Strike","floor":6,"key":"SMITH"},{"data":"Bash","floor":8,"key":"SMITH"},{"data":"Inflame","floor":12,"key":"SMITH"},{"data":"Intimidate","floor":15,"key":"SMITH"},{"floor":24,"key":"REST"}],"neow_cost":"NONE","seed_source_timestamp":1430933878012300,"circlet_count":0,"master_deck":["AscendersBane","Strike_R","Strike_R","Strike_R","Strike_R","Defend_R","Defend_R","Defend_R","Defend_R","Bash+1","Cleave","Pommel Strike+1","Ghostly Armor","Feed","Intimidate+1","Inflame+1","Anger","Shrug It Off","Disarm","Reaper","Shrug It Off","Feel No Pain","Decay","Disarm","Metallicize"],"relics":["Black Blood","Oddly Smooth Stone","Regal Pillow","Vajra","Odd Mushroom","Pen Nib","Boot"],"potions_floor_usage":[16,21,25],"damage_taken":[{"damage":6,"enemies":"Small Slimes","floor":1,"turns":4},{"damage":6,"enemies":"Cultist","floor":3,"turns":3},{"damage":7,"enemies":"Jaw Worm","floor":4,"turns":4},{"damage":7,"enemies":"Looter","floor":5,"turns":5},{"damage":28,"enemies":"3 Sentries","floor":7,"turns":9},{"damage":7,"enemies":"3 Louse","floor":10,"turns":2},{"damage":7,"enemies":"Exordium Wildlife","floor":11,"turns":4},{"damage":13,"enemies":"The Mushroom Lair","floor":13,"turns":4},{"damage":7,"enemies":"Gremlin Nob","floor":14,"turns":3},{"damage":22,"enemies":"Slime Boss","floor":16,"turns":7},{"damage":15,"enemies":"Shell Parasite","floor":18,"turns":8},{"damage":7,"enemies":"Chosen","floor":19,"turns":5},{"damage":51,"enemies":"Snake Plant","floor":21,"turns":7},{"damage":52,"enemies":"Snecko","floor":23,"turns":9},{"damage":77,"enemies":"Book of Stabbing","floor":25,"turns":7}],"seed_played":"3464633929403344186","potions_obtained":[{"floor":1,"key":"Weak Potion"},{"floor":5,"key":"SkillPotion"},{"floor":21,"key":"Fruit Juice"},{"floor":23,"key":"Strength Potion"}],"is_trial":false,"path_per_floor":["M","?","M","M","M","R","E","R","T","M","M","R","?","E","R","B",null,"M","M","?","M","$","M","R","E"],"character_chosen":"IRONCLAD","items_purchased":["Boot","Disarm"],"campfire_rested":1,"item_purchase_floors":[22,22],"current_hp_per_floor":[68,73,73,72,71,71,52,52,52,54,56,56,49,51,51,38,81,79,85,85,55,55,21,68,0],"gold":128,"neow_bonus":"RANDOM_COMMON_RELIC","is_prod":false,"is_daily":false,"chose_seed":false,"campfire_upgraded":4,"win_rate":0,"timestamp":1567268349,"path_taken":["M","?","M","M","M","R","E","R","T","M","M","R","?","E","R","BOSS","M","M","?","M","?","M","R","E"],"build_version":"2019-07-17","purchased_purges":1,"victory":false,"max_hp_per_floor":[75,80,80,80,80,80,83,83,83,86,89,89,89,92,92,95,95,98,101,101,106,106,109,109,109],"card_choices":[{"not_picked":["Uppercut","Shrug It Off"],"picked":"Cleave","floor":1},{"not_picked":["Heavy Blade","Armaments"],"picked":"Pommel Strike","floor":3},{"not_picked":["Twin Strike","Clash"],"picked":"Ghostly Armor","floor":4},{"not_picked":["Body Slam","Heavy Blade"],"picked":"Feed","floor":5},{"not_picked":["Dark Embrace","Flex"],"picked":"Intimidate","floor":7},{"not_picked":["Pommel Strike","Thunderclap"],"picked":"Inflame","floor":10},{"not_picked":["Sword Boomerang","Clothesline"],"picked":"Anger","floor":11},{"not_picked":["Flex","Carnage"],"picked":"Shrug It Off","floor":13},{"not_picked":["Double Tap","Pommel Strike"],"picked":"Disarm","floor":14},{"not_picked":["Berserk","Feed"],"picked":"Reaper","floor":16},{"not_picked":["Warcry","Entrench+1"],"picked":"Shrug It Off","floor":18},{"not_picked":["Reckless Charge+1","Twin Strike"],"picked":"Feel No Pain","floor":19},{"not_picked":["Clash","Pommel Strike","Shrug It Off"],"picked":"SKIP","floor":21},{"not_picked":["Shrug It Off","Blood for Blood"],"picked":"Metallicize","floor":23}],"player_experience":1351590,"relics_obtained":[{"floor":7,"key":"Regal Pillow"},{"floor":9,"key":"Vajra"},{"floor":13,"key":"Odd Mushroom"},{"floor":14,"key":"Pen Nib"}],"event_choices":[{"damage_healed":0,"gold_gain":0,"player_choice":"Donut","damage_taken":0,"max_hp_gain":5,"max_hp_loss":0,"event_name":"Big Fish","floor":2,"gold_loss":0},{"damage_healed":0,"gold_gain":0,"player_choice":"Fought Mushrooms","damage_taken":0,"max_hp_gain":0,"max_hp_loss":0,"event_name":"Mushrooms","floor":13,"gold_loss":0},{"damage_healed":0,"gold_gain":0,"player_choice":"Cursed","damage_taken":0,"max_hp_gain":0,"max_hp_loss":0,"event_name":"Wheel of Change","floor":20,"gold_loss":0,"cards_obtained":["Decay"]}],"is_beta":false,"boss_relics":[{"not_picked":["Snecko Eye","Velvet Choker"],"picked":"Black Blood"}],"items_purged_floors":[22],"is_endless":false,"potions_floor_spawned":[1,5,11,14,21,23],"killed_by":"Book of Stabbing","ascension_level":14}