{"gold_per_floor":[113,133,133,143,43,43,78,78,133,133],"floor_reached":10,"playtime":363,"items_purged":[],"score":119,"play_id":"2ad3d3db-a8c2-4234-9947-e9f1a36b46ec","local_time":"20190928163721","is_ascension_mode":true,"campfire_choices":[{"floor":6.0,"key":"REST"},{"data":"Capacitor","floor":8,"key":"SMITH"}],"neow_cost":"NONE","seed_source_timestamp":17736422253500,"circlet_count":0,"master_deck":["AscendersBane","Strike_B","Strike_B","Strike_B","Strike_B","Defend_B","Defend_B","Defend_B","Zap","Dualcast","Undo","Coolheaded","Barrage","Capacitor+1","Go for the Eyes","Self Repair"],"special_seed":0,"relics":["Cracked Core","Centennial Puzzle","DataDisk"],"potions_floor_usage":[7],"damage_taken":[{"damage":9.0,"enemies":"2 Louse","floor":1.0,"turns":2.0},{"damage":6.0,"enemies":"Cultist","floor":2.0,"turns":3.0},{"damage":5.0,"enemies":"Jaw Worm","floor":4.0,"turns":4.0},{"damage":29,"enemies":"3 Sentries","floor":7,"turns":7},{"damage":37,"enemies":"Gremlin Gang","floor":10,"turns":3}],"seed_played":"-4093653390226966630","potions_obtained":[{"floor":0.0,"key":"FocusPotion"},{"floor":0.0,"key":"Weak Potion"},{"floor":4.0,"key":"Ancient Potion"}],"is_trial":false,"path_per_floor":["M","M","?","M","$","R","E","R","T","M"],"character_chosen":"DEFECT","items_purchased":["Capacitor","Go for the Eyes"],"campfire_rested":1,"item_purchase_floors":[5,5],"current_hp_per_floor":[55,49,49,44,44,65,36,36,36,0],"gold":133,"neow_bonus":"THREE_SMALL_POTIONS","is_prod":false,"is_daily":false,"chose_seed":false,"campfire_upgraded":1,"win_rate":0,"timestamp":1569713841,"path_taken":["M","M","?","M","$","R","E","R","T","?"],"build_version":"2019-07-17","purchased_purges":0,"victory":false,"max_hp_per_floor":[71,71,71,71,71,71,71,71,71,71],"card_choices":[{"not_picked":["Recycle","Darkness"],"picked":"Undo","floor":1.0},{"not_picked":["Compile Driver","Static Discharge"],"picked":"Coolheaded","floor":2.0},{"not_picked":["Fusion","Auto Shields"],"picked":"Barrage","floor":4.0},{"not_picked":["Steam","Force Field"],"picked":"Self Repair","floor":7}],"player_experience":653664,"relics_obtained":[{"floor":7,"key":"Centennial Puzzle"},{"floor":9,"key":"DataDisk"}],"event_choices":[{"cards_removed":["Defend_B"],"damage_healed":0.0,"max_hp_gain":0.0,"max_hp_loss":0.0,"gold_gain":0.0,"event_name":"Bonfire Elementals","player_choice":"Offered Basic","floor":3.0,"gold_loss":0.0,"damage_taken":0.0}],"is_beta":false,"boss_relics":[],"items_purged_floors":[],"is_endless":false,"potions_floor_spawned":[1,4],"killed_by":"Gremlin Gang","ascension_level":16}