{"gold_per_floor":[115,290,290,126,141,141,173,73,126,161,161,179,196,271,271,350,350,364,375,300,300,32,32,66,66],"floor_reached":25,"playtime":710,"items_purged":["Doubt","Strike_G"],"score":400,"play_id":"48c8793b-c32a-4f2b-91e7-d2c01e7c473e","local_time":"20190503235031","is_ascension_mode":true,"campfire_choices":[{"data":"Footwork","floor":6,"key":"SMITH"},{"floor":11,"key":"REST"},{"data":"A Thousand Cuts","floor":15,"key":"SMITH"},{"data":"Footwork","floor":23,"key":"SMITH"}],"neow_cost":"PERCENT_DAMAGE","seed_source_timestamp":271285925958287,"circlet_count":0,"master_deck":["AscendersBane","Defend_G","Defend_G","Defend_G","Defend_G+1","Defend_G","Strike_G+1","Survivor+1","Neutralize","Flying Knee","Caltrops","Deadly Poison+1","Footwork+1","A Thousand Cuts+1","Adrenaline","Footwork+1","Cloak And Dagger","Envenom","Blade Dance","Well Laid Plans","Footwork","Footwork+1"],"relics":["Ring of the Snake","War Paint","Vajra","Incense Burner","Eternal Feather","Enchiridion","OrangePellets","Tough Bandages"],"potions_floor_usage":[24,25,25],"damage_taken":[{"damage":0,"enemies":"2 Louse","floor":1,"turns":4},{"damage":0,"enemies":"Jaw Worm","floor":5,"turns":5},{"damage":2,"enemies":"Lagavulin","floor":7,"turns":8},{"damage":11,"enemies":"Gremlin Nob","floor":10,"turns":5},{"damage":5,"enemies":"Small Slimes","floor":12,"turns":3},{"damage":0,"enemies":"Blue Slaver","floor":13,"turns":4},{"damage":12,"enemies":"Slime Boss","floor":16,"turns":9},{"damage":7,"enemies":"Spheric Guardian","floor":18,"turns":7},{"damage":5,"enemies":"Chosen","floor":19,"turns":5},{"damage":23,"enemies":"Gremlin Leader","floor":24,"turns":7},{"damage":0,"enemies":"Snecko","floor":25,"turns":3}],"seed_played":"6577051574914201893","potions_obtained":[{"floor":5,"key":"PowerPotion"},{"floor":12,"key":"Regen Potion"},{"floor":24,"key":"PowerPotion"}],"is_trial":false,"path_per_floor":["M","?","?","$","M","R","E","$","T","E","R","M","M","?","R","B",null,"M","M","?","?","$","R","E","M"],"character_chosen":"THE_SILENT","items_purchased":["Caltrops","Deadly Poison","OrangePellets","Footwork"],"campfire_rested":1,"item_purchase_floors":[4,4,22,22],"current_hp_per_floor":[45,45,31,31,31,31,29,29,29,18,39,34,34,23,23,11,55,48,43,43,27,27,39,16,21],"gold":66,"neow_bonus":"REMOVE_TWO","is_prod":false,"is_daily":false,"chose_seed":false,"campfire_upgraded":3,"win_rate":0,"timestamp":1556949031,"path_taken":["M","?","?","$","M","R","E","?","T","E","R","M","M","?","R","BOSS","M","M","?","?","$","R","E","M"],"build_version":"2019-01-23","purchased_purges":2,"victory":false,"max_hp_per_floor":[70,70,70,70,70,70,70,70,70,70,70,70,70,70,70,70,70,70,70,70,70,70,70,70,70],"card_choices":[{"not_picked":["Outmaneuver","Reflex"],"picked":"Flying Knee","floor":1},{"not_picked":["Infinite Blades","Eviscerate"],"picked":"Footwork","floor":5},{"not_picked":["Deflect","Heel Hook"],"picked":"A Thousand Cuts","floor":7},{"not_picked":["Reflex","Deadly Poison"],"picked":"Adrenaline","floor":10},{"not_picked":["Slice","Deadly Poison"],"picked":"Footwork","floor":12},{"not_picked":["Flying Knee","Prepared"],"picked":"Cloak And Dagger","floor":13},{"not_picked":["Adrenaline","Doppelganger"],"picked":"Envenom","floor":16},{"not_picked":["Choke","Acrobatics"],"picked":"Blade Dance","floor":18},{"not_picked":["Dagger Throw","Dodge and Roll"],"picked":"Well Laid Plans","floor":19},{"not_picked":["Quick Slash","Sucker Punch"],"picked":"Footwork+1","floor":24}],"player_experience":554211,"relics_obtained":[{"floor":7,"key":"War Paint"},{"floor":9,"key":"Vajra"},{"floor":10,"key":"Incense Burner"},{"floor":21,"key":"Enchiridion"},{"floor":24,"key":"Tough Bandages"}],"event_choices":[{"damage_healed":0,"gold_gain":175,"player_choice":"AGREE","damage_taken":0,"max_hp_gain":0,"max_hp_loss":0,"event_name":"Liars Game","floor":2,"gold_loss":0,"cards_obtained":["Doubt"]},{"damage_healed":0,"gold_gain":0,"player_choice":"Entered Light","damage_taken":14,"max_hp_gain":0,"max_hp_loss":0,"event_name":"Shining Light","floor":3,"gold_loss":0,"cards_upgraded":["Defend_G","Strike_G"]},{"damage_healed":0,"gold_gain":75,"player_choice":"Gather Gold","damage_taken":11,"max_hp_gain":0,"max_hp_loss":0,"event_name":"World of Goop","floor":14,"gold_loss":0},{"cards_removed":["Strike_G"],"damage_healed":0,"gold_gain":0,"player_choice":"Gave Gold","damage_taken":0,"max_hp_gain":0,"max_hp_loss":0,"event_name":"Beggar","floor":20,"gold_loss":75},{"damage_healed":0,"gold_gain":0,"player_choice":"Obtained Book","damage_taken":16,"max_hp_gain":0,"max_hp_loss":0,"event_name":"Cursed Tome","floor":21,"gold_loss":0}],"is_beta":false,"boss_relics":[{"not_picked":["Runic Pyramid","Orrery"],"picked":"Eternal Feather"}],"items_purged_floors":[4,8],"is_endless":false,"potions_floor_spawned":[5,12,16,19,24],"killed_by":"Snecko","ascension_level":13}