{"gold_per_floor":[113,113,130,130,130,130,149,164,164,15,35,35,35,45,45,145,145,164,184,198,16,35,35,35,35,35,35,48,48,48,62,62,158,158,169,186,186,61,61,61,73,73,73,91,91,125,125,139,139,139],"floor_reached":50,"playtime":2914,"items_purged":["Strike_G","Defend_G","Clumsy"],"score":587,"play_id":"d0c8393c-88f0-4179-a443-6ae4dfeaaf81","local_time":"20190811121928","is_ascension_mode":true,"campfire_choices":[{"data":"Backstab","floor":6,"key":"SMITH"},{"data":"Noxious Fumes","floor":13,"key":"SMITH"},{"data":"Catalyst","floor":15,"key":"SMITH"},{"data":"Dodge and Roll","floor":23,"key":"SMITH"},{"data":"Well Laid Plans","floor":27,"key":"SMITH"},{"data":"Backflip","floor":32,"key":"SMITH"},{"data":"Night Terror","floor":40,"key":"SMITH"},{"data":"Backflip","floor":45,"key":"SMITH"},{"floor":49,"key":"REST"}],"neow_cost":"NONE","seed_source_timestamp":3295724929500,"circlet_count":0,"master_deck":["Strike_G+1","Defend_G","Defend_G","Defend_G","Defend_G","Survivor","Neutralize+1","Backstab+1","Backflip+1","Escape Plan","Noxious Fumes+1","Infinite Blades","Catalyst+1","Corpse Explosion","Deadly Poison+1","Dodge and Roll+1","Malaise","Well Laid Plans+1","Backflip+1","Infinite Blades+1","Night Terror+1","Backstab+1","Catalyst","Pain","Adrenaline"],"relics":["Ring of the Snake","Darkstone Periapt","Bird Faced Urn","Cursed Key","Pantograph","Sozu","Lantern","Juzu Bracelet"],"potions_floor_usage":[18,22,35,50,50],"damage_taken":[{"damage":0,"enemies":"Small Slimes","floor":1,"turns":4},{"damage":0,"enemies":"2 Louse","floor":3,"turns":2},{"damage":0,"enemies":"Jaw Worm","floor":7,"turns":3},{"damage":0,"enemies":"Blue Slaver","floor":8,"turns":4},{"damage":2,"enemies":"Lots of Slimes","floor":11,"turns":5},{"damage":7,"enemies":"Exordium Wildlife","floor":14,"turns":5},{"damage":46,"enemies":"Slime Boss","floor":16,"turns":12},{"damage":2,"enemies":"Shell Parasite","floor":18,"turns":5},{"damage":6,"enemies":"Chosen","floor":19,"turns":5},{"damage":9,"enemies":"3 Cultists","floor":20,"turns":4},{"damage":1,"enemies":"Shelled Parasite and Fungi","floor":22,"turns":4},{"damage":3,"enemies":"Snecko","floor":28,"turns":4},{"damage":9,"enemies":"Snake Plant","floor":31,"turns":4},{"damage":26,"enemies":"Champ","floor":33,"turns":9},{"damage":0,"enemies":"3 Shapes","floor":35,"turns":4},{"damage":5,"enemies":"Orb Walker","floor":36,"turns":3},{"damage":12,"enemies":"3 Darklings","floor":41,"turns":3},{"damage":26,"enemies":"Sphere and 2 Shapes","floor":44,"turns":4},{"damage":10,"enemies":"Nemesis","floor":46,"turns":3},{"damage":24,"enemies":"Jaw Worm Horde","floor":48,"turns":2},{"damage":88,"enemies":"Awakened One","floor":50,"turns":8}],"seed_played":"5745903263346444849","potions_obtained":[{"floor":1,"key":"LiquidBronze"},{"floor":8,"key":"SteroidPotion"},{"floor":16,"key":"SkillPotion"},{"floor":19,"key":"SteroidPotion"},{"floor":20,"key":"GhostInAJar"},{"floor":31,"key":"Fire Potion"},{"floor":33,"key":"LiquidBronze"}],"is_trial":false,"path_per_floor":["M","?","M","?","?","R","M","M","T","$","M","?","R","M","R","B",null,"M","M","M","$","M","R","?","$","T","R","M","?","?","M","R","B",null,"M","M","T","$","?","R","M","?","T","M","R","E","T","M","R","B"],"character_chosen":"THE_SILENT","items_purchased":["Noxious Fumes","Well Laid Plans"],"campfire_rested":1,"item_purchase_floors":[10,21],"current_hp_per_floor":[70,56,56,49,70,70,70,70,70,70,68,68,68,63,63,21,70,68,66,61,61,66,66,66,66,72,72,75,75,75,67,67,52,76,76,73,73,73,73,73,64,64,70,52,52,46,46,22,45,0],"gold":139,"neow_bonus":"REMOVE_CARD","is_prod":false,"is_daily":false,"chose_seed":false,"campfire_upgraded":8,"win_rate":0,"timestamp":1565522368,"path_taken":["M","?","M","?","?","R","M","?","T","$","M","?","R","M","R","BOSS","M","?","M","$","M","R","?","$","T","R","M","?","?","M","R","BOSS","M","M","?","$","?","R","M","?","T","M","R","E","?","M","R","BOSS"],"build_version":"2019-07-17","purchased_purges":3,"victory":false,"max_hp_per_floor":[70,70,70,70,70,70,70,70,70,70,70,70,70,70,70,70,70,70,70,70,70,70,70,70,70,76,76,76,76,76,76,76,76,76,76,76,76,76,76,76,76,72,78,78,78,78,78,78,78,78],"card_choices":[{"not_picked":["Finisher","Accuracy"],"picked":"Backstab","floor":1},{"not_picked":["Quick Slash","Underhanded Strike"],"picked":"Backflip","floor":3},{"not_picked":["Blade Dance","Outmaneuver","Prepared"],"picked":"SKIP","floor":7},{"not_picked":["PiercingWail","Quick Slash"],"picked":"Escape Plan","floor":8},{"not_picked":["Blade Dance","Endless Agony"],"picked":"Infinite Blades","floor":11},{"not_picked":["Flying Knee","Infinite Blades"],"picked":"Catalyst","floor":14},{"not_picked":["Venomology","After Image"],"picked":"Corpse Explosion","floor":16},{"not_picked":["Accuracy+1","Dagger Spray"],"picked":"Deadly Poison+1","floor":18},{"not_picked":["Backflip","Acrobatics"],"picked":"Dodge and Roll","floor":19},{"not_picked":["Finisher","Quick Slash"],"picked":"Malaise","floor":20},{"not_picked":["Eviscerate","Acrobatics"],"picked":"Backflip","floor":22},{"not_picked":["Riddle With Holes","Eviscerate","Sucker Punch"],"picked":"SKIP","floor":28},{"not_picked":["Poisoned Stab","Sucker Punch"],"picked":"Infinite Blades+1","floor":31},{"not_picked":["Adrenaline","Storm of Steel"],"picked":"Night Terror","floor":33},{"not_picked":["All Out Attack+1","Acrobatics","Prepared+1"],"picked":"SKIP","floor":35},{"not_picked":["Infinite Blades","Acrobatics"],"picked":"Backstab+1","floor":36},{"not_picked":["Flechettes+1","Deflect+1"],"picked":"Catalyst","floor":41},{"not_picked":["Blade Dance","Slice","Eviscerate+1"],"picked":"SKIP","floor":44},{"not_picked":["Prepared","Heel Hook","Bane"],"picked":"SKIP","floor":46},{"not_picked":["Well Laid Plans+1","Predator"],"picked":"Adrenaline","floor":48}],"player_experience":117789,"relics_obtained":[{"floor":9,"key":"Darkstone Periapt"},{"floor":26,"key":"Pantograph"},{"floor":43,"key":"Lantern"},{"floor":46,"key":"Juzu Bracelet"}],"event_choices":[{"damage_healed":0,"gold_gain":0,"player_choice":"Entered Light","damage_taken":14,"max_hp_gain":0,"max_hp_loss":0,"event_name":"Shining Light","floor":2,"gold_loss":0,"cards_upgraded":["Strike_G","Strike_G"]},{"cards_removed":["Strike_G"],"damage_healed":0,"gold_gain":0,"player_choice":"Card Removal","damage_taken":7,"max_hp_gain":0,"max_hp_loss":0,"event_name":"Golden Wing","floor":4,"gold_loss":0},{"damage_healed":23,"gold_gain":0,"player_choice":"Banana","damage_taken":0,"max_hp_gain":0,"max_hp_loss":0,"event_name":"Big Fish","floor":5,"gold_loss":0},{"damage_healed":0,"gold_gain":0,"player_choice":"Gave Potion","damage_taken":0,"relics_obtained":["Bird Faced Urn"],"max_hp_gain":0,"max_hp_loss":0,"event_name":"WeMeetAgain","floor":12,"gold_loss":0},{"damage_healed":0,"gold_gain":0,"player_choice":"Ignored","damage_taken":0,"max_hp_gain":0,"max_hp_loss":0,"event_name":"The Mausoleum","floor":24,"gold_loss":0},{"damage_healed":0,"gold_gain":0,"player_choice":"Ignored","damage_taken":0,"max_hp_gain":0,"max_hp_loss":0,"event_name":"Vampires","floor":29,"gold_loss":0},{"damage_healed":0,"gold_gain":0,"player_choice":"Upgraded","damage_taken":0,"max_hp_gain":0,"max_hp_loss":0,"event_name":"Upgrade Shrine","floor":30,"gold_loss":0,"cards_upgraded":["Neutralize"]},{"cards_removed":["Strike_G"],"damage_healed":0,"gold_gain":0,"player_choice":"Removed Attack","damage_taken":0,"max_hp_gain":0,"max_hp_loss":0,"event_name":"Falling","floor":39,"gold_loss":0},{"damage_healed":0,"gold_gain":0,"player_choice":"Max HP","damage_taken":0,"max_hp_gain":0,"max_hp_loss":4,"event_name":"Winding Halls","floor":42,"gold_loss":0}],"is_beta":false,"boss_relics":[{"not_picked":["Black Star","Astrolabe"],"picked":"Cursed Key"},{"not_picked":["Philosopher\u0027s Stone","Snecko Eye"],"picked":"Sozu"}],"items_purged_floors":[10,21,38],"is_endless":false,"potions_floor_spawned":[1,8,16,19,20,31,33,35,36],"killed_by":"Awakened One","ascension_level":4}