{"gold_per_floor":[110,110,110,110,110,110,129,156,156,156,176,190,190,205,205,280,280,298,309,327,327,327,327,352,352,376,387,418,437,437,467,467,541,541,560,580,284,284,300,333,7,7,32,32,32,32,60,76,76,76],"floor_reached":51,"playtime":2216,"items_purged":["Concentrate"],"score":1356,"play_id":"8307cefc-c0c1-4b08-8c78-40c463c6184a","local_time":"20190928004546","is_ascension_mode":true,"campfire_choices":[{"data":"Neutralize","floor":6.0,"key":"SMITH"},{"floor":10.0,"key":"REST"},{"data":"Predator","floor":13.0,"key":"SMITH"},{"data":"Sucker Punch","floor":15.0,"key":"SMITH"},{"data":"Choke","floor":23.0,"key":"SMITH"},{"floor":25.0,"key":"REST"},{"data":"Leg Sweep","floor":30.0,"key":"SMITH"},{"floor":32.0,"key":"REST"},{"data":"Burst","floor":42,"key":"SMITH"},{"data":"Leg Sweep","floor":44,"key":"SMITH"},{"data":"Doppelganger","floor":46,"key":"SMITH"},{"floor":49,"key":"REST"}],"neow_cost":"NONE","seed_source_timestamp":1306368890594100,"circlet_count":0,"master_deck":["AscendersBane","Survivor","Neutralize+1","Backflip","Sucker Punch+1","Choke+1","Die Die Die","Predator+1","PiercingWail","Bullet Time","Masterful Stab","Masterful Stab","Predator+1","Die Die Die","Skewer","Leg Sweep+1","Bullet Time","Corpse Explosion","Burst+1","Backflip","PiercingWail","Doppelganger+1","Tools of the Trade","Leg Sweep+1","Choke+1","Eviscerate","Masterful Stab","Terror","Footwork+1"],"special_seed":0,"relics":["Snecko Eye","Ninja Scroll","White Beast Statue","HornCleat","Philosopher\u0027s Stone","Potion Belt","Ancient Tea Set","Akabeko","Red Mask","Pandora\u0027s Box","Strawberry","Omamori","Lee\u0027s Waffle","PreservedInsect","Bag of Preparation","CaptainsWheel"],"potions_floor_usage":[40,40,50,50,50],"damage_taken":[{"damage":0.0,"enemies":"2 Louse","floor":1.0,"turns":5.0},{"damage":0.0,"enemies":"Jaw Worm","floor":7.0,"turns":3.0},{"damage":21.0,"enemies":"Gremlin Nob","floor":8.0,"turns":4.0},{"damage":0.0,"enemies":"Small Slimes","floor":11.0,"turns":1.0},{"damage":11.0,"enemies":"Exordium Thugs","floor":12.0,"turns":3.0},{"damage":0.0,"enemies":"Large Slime","floor":14.0,"turns":3.0},{"damage":3.0,"enemies":"Hexaghost","floor":16.0,"turns":7.0},{"damage":2.0,"enemies":"Chosen","floor":18.0,"turns":6.0},{"damage":0.0,"enemies":"Spheric Guardian","floor":19.0,"turns":3.0},{"damage":1.0,"enemies":"Chosen and Byrds","floor":20.0,"turns":6.0},{"damage":4.0,"enemies":"Slavers","floor":24.0,"turns":2.0},{"damage":21.0,"enemies":"Sentry and Sphere","floor":27.0,"turns":4.0},{"damage":0.0,"enemies":"Gremlin Leader","floor":28.0,"turns":3.0},{"damage":0.0,"enemies":"3 Cultists","floor":29.0,"turns":3.0},{"damage":0.0,"enemies":"Masked Bandits","floor":31.0,"turns":3.0},{"damage":31.0,"enemies":"Automaton","floor":33.0,"turns":9.0},{"damage":7,"enemies":"Orb Walker","floor":35,"turns":3},{"damage":0,"enemies":"3 Darklings","floor":36,"turns":3},{"damage":0,"enemies":"Jaw Worm Horde","floor":39,"turns":2},{"damage":9,"enemies":"Nemesis","floor":40,"turns":5},{"damage":0,"enemies":"Reptomancer","floor":47,"turns":2},{"damage":14,"enemies":"Writhing Mass","floor":48,"turns":5},{"damage":3,"enemies":"Donu and Deca","floor":50,"turns":4}],"seed_played":"3139396248686230202","potions_obtained":[{"floor":11.0,"key":"Ancient Potion"},{"floor":12.0,"key":"FearPotion"},{"floor":16.0,"key":"Poison Potion"},{"floor":18.0,"key":"FearPotion"},{"floor":24.0,"key":"FearPotion"},{"floor":27.0,"key":"PowerPotion"},{"floor":28.0,"key":"Poison Potion"},{"floor":29.0,"key":"Swift Potion"},{"floor":31.0,"key":"LiquidBronze"},{"floor":33.0,"key":"SpeedPotion"},{"floor":35,"key":"Regen Potion"},{"floor":36,"key":"Swift Potion"},{"floor":39,"key":"Strength Potion"},{"floor":40,"key":"Weak Potion"},{"floor":47,"key":"Ancient Potion"},{"floor":48,"key":"Block Potion"}],"is_trial":false,"path_per_floor":["M","?","?","T","?","R","M","E","T","R","M","M","R","M","R","B",null,"M","M","M","?","?","R","E","R","T","M","E","M","R","?","R","B",null,"M","M","$","?","M","E","$","R","T","R","?","R","E","M","R","B",null],"character_chosen":"THE_SILENT","items_purchased":["Eviscerate","Strawberry","Lee\u0027s Waffle","Masterful Stab","PreservedInsect"],"campfire_rested":4,"item_purchase_floors":[37,37,41,41,41],"current_hp_per_floor":[59,52,39,39,39,39,39,18,18,37,37,26,26,26,26,23,55,53,53,52,40,40,40,36,57,57,36,36,36,36,36,57,26,60,53,53,60,60,60,65,81,81,81,81,73,73,73,59,81,78],"gold":76,"neow_bonus":"BOSS_RELIC","is_prod":false,"is_daily":false,"chose_seed":false,"campfire_upgraded":8,"win_rate":0,"timestamp":1569656746,"path_taken":["M","?","?","?","?","R","M","E","T","R","M","M","R","M","R","BOSS","M","M","M","?","?","R","E","R","T","M","E","?","R","?","R","BOSS","M","M","$","?","M","E","$","R","T","R","?","R","E","M","R","BOSS"],"build_version":"2019-09-27","purchased_purges":1,"victory":true,"max_hp_per_floor":[66,66,66,66,66,66,66,66,66,66,66,66,66,66,66,66,66,66,66,66,71,71,71,71,71,71,71,71,71,71,71,71,71,71,71,71,78,74,74,74,81,81,81,81,81,81,81,81,81,81],"card_choices":[{"not_picked":["Prepared","Blade Dance"],"picked":"Backflip","floor":1.0},{"not_picked":["Sucker Punch","Poisoned Stab"],"picked":"Choke","floor":7.0},{"not_picked":["Endless Agony","Distraction"],"picked":"Die Die Die","floor":8.0},{"not_picked":["Backflip","Sucker Punch","Bane"],"picked":"SKIP","floor":11.0},{"not_picked":["Acrobatics","Masterful Stab"],"picked":"Predator","floor":12.0},{"not_picked":["Terror","Dagger Spray"],"picked":"PiercingWail","floor":14.0},{"not_picked":["Envenom","After Image"],"picked":"Bullet Time","floor":16.0},{"not_picked":["Quick Slash","Dodge and Roll","Endless Agony+1"],"picked":"SKIP","floor":18.0},{"not_picked":["Deadly Poison","Slice"],"picked":"Masterful Stab","floor":19.0},{"not_picked":["Acrobatics","Flying Knee"],"picked":"Masterful Stab","floor":20.0},{"not_picked":["Sucker Punch","Outmaneuver"],"picked":"Die Die Die","floor":24.0},{"not_picked":["Terror","Deadly Poison+1"],"picked":"Skewer","floor":27.0},{"not_picked":["Tactician","Flying Knee"],"picked":"Leg Sweep","floor":28.0},{"not_picked":["Outmaneuver","PiercingWail+1","Bane"],"picked":"SKIP","floor":29.0},{"not_picked":["Phantasmal Killer","Tools of the Trade"],"picked":"Bullet Time","floor":33.0},{"not_picked":["Deadly Poison+1","All Out Attack","Quick Slash"],"picked":"SKIP","floor":35},{"not_picked":["Distraction","Expertise"],"picked":"Choke+1","floor":36},{"not_picked":["Prepared+1","Deflect+1","Cloak And Dagger"],"picked":"SKIP","floor":39},{"not_picked":["Flechettes","Deflect","Finisher+1"],"picked":"SKIP","floor":40},{"not_picked":["Deadly Poison","Dagger Spray"],"picked":"Terror","floor":47},{"not_picked":["Well Laid Plans","PiercingWail"],"picked":"Footwork+1","floor":48}],"player_experience":1476979,"relics_obtained":[{"floor":4.0,"key":"Ninja Scroll"},{"floor":8.0,"key":"White Beast Statue"},{"floor":9.0,"key":"HornCleat"},{"floor":24.0,"key":"Potion Belt"},{"floor":26.0,"key":"Ancient Tea Set"},{"floor":28.0,"key":"Akabeko"},{"floor":31.0,"key":"Red Mask"},{"floor":40,"key":"Omamori"},{"floor":43,"key":"Bag of Preparation"},{"floor":47,"key":"CaptainsWheel"}],"event_choices":[{"cards_removed":["Strike_G"],"damage_healed":0.0,"max_hp_gain":0.0,"max_hp_loss":0.0,"gold_gain":0.0,"event_name":"Golden Wing","player_choice":"Card Removal","floor":2.0,"gold_loss":0.0,"damage_taken":7.0},{"damage_healed":0.0,"max_hp_gain":0.0,"max_hp_loss":0.0,"gold_gain":0.0,"event_name":"Shining Light","player_choice":"Entered Light","floor":3.0,"gold_loss":0.0,"damage_taken":13.0,"cards_upgraded":["Defend_G","Strike_G"]},{"damage_healed":0.0,"max_hp_gain":0.0,"max_hp_loss":0.0,"gold_gain":0.0,"cards_transformed":["Strike_G"],"event_name":"Transmorgrifier","player_choice":"Transformed","floor":5.0,"gold_loss":0.0,"damage_taken":0.0,"cards_obtained":["Sucker Punch"]},{"damage_healed":0.0,"max_hp_gain":5.0,"max_hp_loss":0.0,"gold_gain":0.0,"event_name":"Forgotten Altar","player_choice":"Shed Blood","floor":21.0,"gold_loss":0.0,"damage_taken":17.0},{"damage_healed":0.0,"max_hp_gain":0.0,"max_hp_loss":0.0,"gold_gain":0.0,"event_name":"Duplicator","player_choice":"Copied","floor":22.0,"gold_loss":0.0,"damage_taken":0.0,"cards_obtained":["Predator"]},{"damage_healed":0.0,"max_hp_gain":0.0,"max_hp_loss":0.0,"gold_gain":0.0,"event_name":"Masked Bandits","player_choice":"Fought Bandits","floor":31.0,"gold_loss":0.0,"damage_taken":0.0},{"damage_healed":0,"gold_gain":0,"player_choice":"Max HP","damage_taken":0,"max_hp_gain":0,"max_hp_loss":4,"event_name":"Winding Halls","floor":38,"gold_loss":0},{"damage_healed":0,"gold_gain":0,"player_choice":"Damaged","damage_taken":8,"max_hp_gain":0,"max_hp_loss":0,"event_name":"Wheel of Change","floor":45,"gold_loss":0}],"is_beta":true,"boss_relics":[{"not_picked":["HoveringKite","Coffee Dripper"],"picked":"Philosopher\u0027s Stone"},{"not_picked":["Astrolabe","Runic Pyramid"],"picked":"Pandora\u0027s Box"}],"items_purged_floors":[37],"is_endless":false,"potions_floor_spawned":[11,12,14,16,18,19,20,24,27,28,29,31,33,35,36,39,40,47,48],"ascension_level":14}