{"gold_per_floor":[110,125,140,215,230,230,65,91,91,91,3,3,18,18,18,120,120,134,233,222,4,15,15,15,15],"floor_reached":25,"playtime":4107,"items_purged":[],"score":231,"play_id":"54d76659-c06f-4626-a32e-a8598ad16856","local_time":"20190825145407","is_ascension_mode":true,"campfire_choices":[{"data":"Power Through","floor":6.0,"key":"SMITH"},{"data":"Flame Barrier","floor":10.0,"key":"SMITH"},{"data":"Perfected Strike","floor":15,"key":"SMITH"},{"floor":23,"key":"REST"}],"neow_cost":"NONE","seed_source_timestamp":6726678619400,"circlet_count":0,"master_deck":["Strike_R","Strike_R","Strike_R","Strike_R","Defend_R","Defend_R","Defend_R","Defend_R","Bash","Second Wind","Perfected Strike+1","Battle Trance","Power Through+1","Uppercut","Flame Barrier+1","Shrug It Off","Feel No Pain","Evolve","Metallicize","Headbutt","Immolate","Pommel Strike","Demon Form","Reaper","Feed","Armaments"],"special_seed":0,"relics":["Burning Blood","Paper Frog","Kunai","Ornamental Fan","Potion Belt","Eternal Feather"],"potions_floor_usage":[16,25],"damage_taken":[{"damage":1.0,"enemies":"Cultist","floor":1.0,"turns":4.0},{"damage":6.0,"enemies":"2 Louse","floor":2.0,"turns":4.0},{"damage":0.0,"enemies":"Small Slimes","floor":3.0,"turns":3.0},{"damage":7.0,"enemies":"3 Louse","floor":5.0,"turns":3.0},{"damage":15.0,"enemies":"3 Sentries","floor":8.0,"turns":16.0},{"damage":11.0,"enemies":"Looter","floor":13.0,"turns":3.0},{"damage":29,"enemies":"The Guardian","floor":16,"turns":12},{"damage":4,"enemies":"Chosen","floor":18,"turns":6},{"damage":24,"enemies":"2 Thieves","floor":20,"turns":4},{"damage":27,"enemies":"Snake Plant","floor":22,"turns":6},{"damage":57,"enemies":"Book of Stabbing","floor":25,"turns":6}],"seed_played":"-4513001175641059032","potions_obtained":[{"floor":5.0,"key":"Regen Potion"},{"floor":8.0,"key":"FearPotion"},{"floor":20,"key":"Fire Potion"},{"floor":22,"key":"Ancient Potion"}],"is_trial":false,"path_per_floor":["M","M","M","?","M","R","$","E","T","R","$","?","M","?","R","B",null,"M","?","M","$","M","R","?","E"],"character_chosen":"IRONCLAD","items_purchased":["Flame Barrier","Shrug It Off","Feel No Pain","Metallicize","Headbutt","Demon Form","Reaper"],"campfire_rested":1,"item_purchase_floors":[7,7,7,11,11,21,21],"current_hp_per_floor":[80,80,80,69,68,68,68,74,74,74,74,74,69,69,69,46,80,80,80,62,62,48,80,80,23],"gold":15,"neow_bonus":"TRANSFORM_CARD","is_prod":false,"is_daily":false,"chose_seed":false,"campfire_upgraded":3,"win_rate":0,"timestamp":1566741247,"path_taken":["M","M","M","?","M","R","$","E","T","R","$","?","?","?","R","BOSS","M","?","M","$","M","R","?","E"],"build_version":"2019-07-17","purchased_purges":0,"victory":false,"max_hp_per_floor":[80,80,80,80,80,80,80,80,80,80,80,80,80,80,80,80,80,80,80,80,80,80,80,80,80],"card_choices":[{"not_picked":["Warcry","Anger"],"picked":"Perfected Strike","floor":1.0},{"not_picked":["Sentinel","Ghostly Armor"],"picked":"Battle Trance","floor":2.0},{"not_picked":["Seeing Red","Clothesline"],"picked":"Power Through","floor":3.0},{"not_picked":["Intimidate","Anger"],"picked":"Uppercut","floor":5.0},{"not_picked":["Clothesline","Second Wind"],"picked":"Evolve","floor":8.0},{"not_picked":["Warcry","Perfected Strike","Bloodletting"],"picked":"SKIP","floor":13.0},{"not_picked":["Bludgeon","Fiend Fire"],"picked":"Immolate","floor":16},{"not_picked":["Clothesline+1","Corruption"],"picked":"Pommel Strike","floor":18},{"not_picked":["Thunderclap","Wild Strike+1","Anger+1"],"picked":"SKIP","floor":20},{"not_picked":["Clash","Blood for Blood"],"picked":"Feed","floor":22}],"player_experience":162978,"relics_obtained":[{"floor":8.0,"key":"Paper Frog"},{"floor":9.0,"key":"Kunai"},{"floor":12.0,"key":"Ornamental Fan"}],"event_choices":[{"damage_healed":0.0,"max_hp_gain":0.0,"max_hp_loss":0.0,"gold_gain":75.0,"event_name":"World of Goop","player_choice":"Gather Gold","floor":4.0,"gold_loss":0.0,"damage_taken":11.0},{"damage_healed":0.0,"max_hp_gain":0.0,"max_hp_loss":0.0,"gold_gain":0.0,"event_name":"Wheel of Change","player_choice":"Relic","floor":12.0,"gold_loss":0.0,"damage_taken":0.0},{"damage_healed":0.0,"max_hp_gain":0.0,"max_hp_loss":0.0,"gold_gain":0.0,"event_name":"Dead Adventurer","player_choice":"Searched \u00271\u0027 times","floor":14.0,"gold_loss":0.0,"damage_taken":0.0,"relics_obtained":["Potion Belt"]},{"damage_healed":0,"gold_gain":99,"player_choice":"Stole From Cult","damage_taken":0,"max_hp_gain":0,"max_hp_loss":0,"event_name":"Nest","floor":19,"gold_loss":0},{"damage_healed":0,"gold_gain":0,"player_choice":"Read","damage_taken":0,"max_hp_gain":0,"max_hp_loss":0,"event_name":"The Library","floor":24,"gold_loss":0,"cards_obtained":["Armaments"]}],"is_beta":false,"boss_relics":[{"not_picked":["Runic Cube","Runic Pyramid"],"picked":"Eternal Feather"}],"items_purged_floors":[],"is_endless":false,"potions_floor_spawned":[5,8,20,22],"killed_by":"Book of Stabbing","ascension_level":3}