{"gold_per_floor":[112,112,124,124,204,237,83,83,83,83,14,48,48,68,68,68],"floor_reached":16,"playtime":366,"items_purged":["Regret"],"score":170,"play_id":"56fe07b1-9307-4c72-bf45-4b2b4347c762","local_time":"20190404223934","is_ascension_mode":true,"campfire_choices":[{"data":"Envenom","floor":8,"key":"SMITH"},{"floor":10,"key":"REST"},{"data":"Backflip","floor":13,"key":"SMITH"},{"data":"Poisoned Stab","floor":15,"key":"SMITH"}],"neow_cost":"NONE","seed_source_timestamp":791995872727775,"circlet_count":0,"master_deck":["AscendersBane","Defend_G+1","Defend_G","Defend_G","Defend_G","Defend_G","Strike_G","Strike_G","Strike_G+1","Strike_G","Strike_G","Survivor","Neutralize","Poisoned Stab+1","Backflip+1","Deadly Poison+1","Envenom+1","Bouncing Flask+1","Backflip+1","Leg Sweep+1"],"relics":["Ring of the Snake","Happy Flower","Toxic Egg 2","Bottled Lightning","Girya","Unceasing Top"],"potions_floor_usage":[6,12],"damage_taken":[{"damage":0,"enemies":"2 Louse","floor":1,"turns":5},{"damage":0,"enemies":"Jaw Worm","floor":3,"turns":5},{"damage":37,"enemies":"Gremlin Nob","floor":6,"turns":4},{"damage":20,"enemies":"Lagavulin","floor":12,"turns":5},{"damage":1,"enemies":"Small Slimes","floor":14,"turns":4},{"damage":19,"enemies":"Slime Boss","floor":16,"turns":10}],"seed_played":"-6761990948709459328","potions_obtained":[{"floor":1,"key":"FearPotion"},{"floor":6,"key":"Strength Potion"}],"is_trial":false,"path_per_floor":["M","?","M","?","T","E","$","R","T","R","$","E","R","M","R","B"],"character_chosen":"THE_SILENT","items_purchased":["Envenom","Bouncing Flask+1"],"campfire_rested":1,"item_purchase_floors":[7,11],"current_hp_per_floor":[70,55,55,55,55,18,18,18,18,41,41,21,21,20,20,1],"gold":68,"neow_bonus":"TEN_PERCENT_HP_BONUS","is_prod":false,"is_daily":false,"chose_seed":false,"campfire_upgraded":3,"win_rate":0,"timestamp":1554439174,"path_taken":["M","?","M","?","?","E","$","R","T","R","?","E","R","M","R","BOSS"],"build_version":"2019-01-23","purchased_purges":1,"victory":false,"max_hp_per_floor":[77,77,77,77,77,77,77,77,77,77,77,77,77,77,77,77],"card_choices":[{"not_picked":["Escape Plan","Sucker Punch"],"picked":"Poisoned Stab","floor":1},{"not_picked":["Bane","Dagger Spray"],"picked":"Backflip","floor":3},{"not_picked":["Expertise+1","Poisoned Stab"],"picked":"Deadly Poison+1","floor":6},{"not_picked":["Acrobatics+1","Caltrops"],"picked":"Backflip+1","floor":12},{"not_picked":["All Out Attack","Burst+1"],"picked":"Leg Sweep+1","floor":14}],"player_experience":496985,"relics_obtained":[{"floor":5,"key":"Toxic Egg 2"},{"floor":6,"key":"Bottled Lightning"},{"floor":9,"key":"Girya"},{"floor":12,"key":"Unceasing Top"}],"event_choices":[{"damage_healed":0,"gold_gain":0,"player_choice":"Entered Light","damage_taken":15,"max_hp_gain":0,"max_hp_loss":0,"event_name":"Shining Light","floor":2,"gold_loss":0,"cards_upgraded":["Strike_G","Defend_G"]},{"damage_healed":0,"gold_gain":0,"player_choice":"Box","damage_taken":0,"relics_obtained":["Happy Flower"],"max_hp_gain":0,"max_hp_loss":0,"event_name":"Big Fish","floor":4,"gold_loss":0,"cards_obtained":["Regret"]}],"is_beta":false,"boss_relics":[],"items_purged_floors":[7],"is_endless":false,"potions_floor_spawned":[1,6],"killed_by":"Slime Boss","ascension_level":12}