{"gold_per_floor":[116,127,144,164,174,199,199,199,277,291,325,325,342,372,372,475,475,488,46,145,161,174,174,203,203,203,203],"floor_reached":27,"playtime":985,"items_purged":[],"score":395,"play_id":"1a43cf27-5f0c-4955-a9a9-d7049ac155d3","local_time":"20190328200359","is_ascension_mode":true,"campfire_choices":[{"data":"Footwork","floor":7,"key":"SMITH"},{"data":"Infinite Blades","floor":15,"key":"SMITH"},{"data":"Neutralize","floor":23,"key":"SMITH"}],"neow_cost":"NONE","seed_source_timestamp":177213749015512,"circlet_count":0,"master_deck":["AscendersBane","Defend_G","Defend_G","Defend_G","Defend_G","Defend_G","Strike_G","Strike_G","Strike_G","Strike_G","Strike_G","Survivor","Neutralize+1","Cloak And Dagger","Poisoned Stab","Cloak And Dagger","Bouncing Flask+1","Blade Dance","Footwork+1","Choke","Accuracy","Infinite Blades+1","Glass Knife","Sucker Punch+1","Bouncing Flask","Concentrate+1","Crippling Poison+1"],"relics":["Ring of the Snake","Art of War","Meat on the Bone","Pocketwatch","Centennial Puzzle","Runic Pyramid","ClockworkSouvenir","Pantograph","Toxic Egg 2","MutagenicStrength","Oddly Smooth Stone"],"potions_floor_usage":[6,11,18,27,27],"damage_taken":[{"damage":1,"enemies":"Small Slimes","floor":1,"turns":5},{"damage":0,"enemies":"2 Louse","floor":2,"turns":4},{"damage":6,"enemies":"Cultist","floor":3,"turns":4},{"damage":4,"enemies":"3 Louse","floor":4,"turns":5},{"damage":5,"enemies":"Looter","floor":5,"turns":4},{"damage":7,"enemies":"Gremlin Nob","floor":6,"turns":3},{"damage":12,"enemies":"Exordium Wildlife","floor":10,"turns":6},{"damage":32,"enemies":"Lagavulin","floor":11,"turns":6},{"damage":0,"enemies":"3 Louse","floor":13,"turns":4},{"damage":24,"enemies":"Gremlin Nob","floor":14,"turns":4},{"damage":27,"enemies":"The Guardian","floor":16,"turns":9},{"damage":9,"enemies":"Spheric Guardian","floor":18,"turns":6},{"damage":2,"enemies":"Chosen","floor":21,"turns":5},{"damage":23,"enemies":"Centurion and Healer","floor":22,"turns":11},{"damage":15,"enemies":"Gremlin Leader","floor":24,"turns":8},{"damage":31,"enemies":"Slavers","floor":27,"turns":4}],"seed_played":"-3588236933938335464","potions_obtained":[{"floor":2,"key":"SkillPotion"},{"floor":4,"key":"Regen Potion"},{"floor":12,"key":"GhostInAJar"},{"floor":12,"key":"Ancient Potion"},{"floor":18,"key":"Swift Potion"}],"is_trial":false,"path_per_floor":["M","M","M","M","M","E","R","?","T","M","E","?","M","E","R","B",null,"M","$","?","M","M","R","E","?","T","E"],"character_chosen":"THE_SILENT","items_purchased":["ClockworkSouvenir","Pantograph"],"campfire_rested":0,"item_purchase_floors":[19,19],"current_hp_per_floor":[69,69,63,59,54,47,47,47,47,47,41,41,41,29,29,14,61,52,52,52,50,39,39,36,36,36,5],"gold":203,"neow_bonus":"TEN_PERCENT_HP_BONUS","is_prod":false,"is_daily":false,"chose_seed":false,"campfire_upgraded":3,"win_rate":0,"timestamp":1553825039,"path_taken":["M","M","M","M","M","E","R","?","T","M","E","?","M","E","R","BOSS","M","?","?","M","M","R","E","?","T","E"],"build_version":"2019-01-23","purchased_purges":0,"victory":false,"max_hp_per_floor":[77,77,77,77,77,77,77,77,77,77,77,77,77,77,77,77,77,77,77,77,77,77,77,77,77,77,77],"card_choices":[{"not_picked":["Prepared","Slice"],"picked":"Cloak And Dagger","floor":1},{"not_picked":["Sucker Punch","Outmaneuver"],"picked":"Poisoned Stab","floor":2},{"not_picked":["Bane","Deflect"],"picked":"Cloak And Dagger","floor":3},{"not_picked":["Backflip","Underhanded Strike"],"picked":"Bouncing Flask","floor":4},{"not_picked":["Glass Knife","Blur"],"picked":"Blade Dance","floor":5},{"not_picked":["Flechettes","Underhanded Strike"],"picked":"Footwork","floor":6},{"not_picked":["Outmaneuver","Deflect"],"picked":"Choke","floor":10},{"not_picked":["Quick Slash","Prepared"],"picked":"Accuracy","floor":11},{"not_picked":["Quick Slash","Concentrate","Sucker Punch"],"picked":"SKIP","floor":13},{"not_picked":["Distraction","Leg Sweep"],"picked":"Infinite Blades","floor":14},{"not_picked":["Tools of the Trade","Doppelganger"],"picked":"Glass Knife","floor":16},{"not_picked":["Quick Slash","Choke"],"picked":"Sucker Punch+1","floor":18},{"not_picked":["Calculated Gamble","Sucker Punch"],"picked":"Bouncing Flask","floor":21},{"not_picked":["Endless Agony","Dodge and Roll"],"picked":"Concentrate+1","floor":22},{"not_picked":["Skewer","Poisoned Stab"],"picked":"Crippling Poison","floor":24}],"player_experience":470947,"relics_obtained":[{"floor":6,"key":"Art of War"},{"floor":9,"key":"Meat on the Bone"},{"floor":11,"key":"Pocketwatch"},{"floor":14,"key":"Centennial Puzzle"},{"floor":24,"key":"Toxic Egg 2"},{"floor":26,"key":"Oddly Smooth Stone"}],"event_choices":[{"damage_healed":0,"gold_gain":0,"player_choice":"Grow","damage_taken":0,"max_hp_gain":0,"max_hp_loss":0,"event_name":"Living Wall","floor":8,"gold_loss":0,"cards_upgraded":["Bouncing Flask"]},{"damage_healed":0,"gold_gain":0,"player_choice":"Got Potions","damage_taken":0,"max_hp_gain":0,"max_hp_loss":0,"event_name":"Lab","floor":12,"gold_loss":0},{"damage_healed":0,"gold_gain":99,"player_choice":"Stole From Cult","damage_taken":0,"max_hp_gain":0,"max_hp_loss":0,"event_name":"Nest","floor":20,"gold_loss":0},{"damage_healed":0,"gold_gain":0,"player_choice":"Inject Mutagens","damage_taken":0,"relics_obtained":["MutagenicStrength"],"max_hp_gain":0,"max_hp_loss":0,"event_name":"Drug Dealer","floor":25,"gold_loss":0}],"is_beta":false,"boss_relics":[{"not_picked":["Ectoplasm","Pandora\u0027s Box"],"picked":"Runic Pyramid"}],"items_purged_floors":[],"is_endless":false,"potions_floor_spawned":[2,4,13,14,18,22],"killed_by":"Slavers","ascension_level":11}