{"gold_per_floor":[118,128,144,161,180,180,215,215,241,241,261,261,312,325,325,423,423,435,451,451,541,219,219,239,17,17,35,35,49,59,76,76,180,180,193,193,293,3,13,44,44,57,57,77,88,88,38,53,53,53],"floor_reached":51,"playtime":4139,"items_purged":["Strike_B","Strike_B"],"score":635,"play_id":"2147f977-7730-4d3f-b867-c7bdbd3a79fe","local_time":"20190803164727","is_ascension_mode":false,"campfire_choices":[{"data":"Glacier","floor":6,"key":"SMITH"},{"data":"Self Repair","floor":10,"key":"SMITH"},{"data":"Dualcast","floor":15,"key":"SMITH"},{"data":"Defragment","floor":23,"key":"SMITH"},{"data":"FTL","floor":28,"key":"SMITH"},{"data":"Scrape","floor":32,"key":"SMITH"},{"data":"Machine Learning","floor":46,"key":"SMITH"},{"data":"Force Field","floor":49,"key":"SMITH"}],"neow_cost":"NONE","seed_source_timestamp":2014700030100,"circlet_count":0,"master_deck":["Strike_B+1","Strike_B+1","Defend_B","Defend_B","Defend_B","Defend_B","Zap+1","Dualcast+1","Self Repair+1","Undo","Glacier+1","Coolheaded+1","Self Repair","Electrodynamics","White Noise+1","Scrape+1","Defragment+1","Force Field+1","FTL+1","Go for the Eyes+1","FTL","Coolheaded+1","Machine Learning+1","Gash","Gash","Gash","Glacier","Cold Snap+1","Redo+1","Go for the Eyes+1","Ball Lightning+1"],"relics":["Cracked Core","Blood Vial","Lantern","Ancient Tea Set","Whetstone","Inserter","Cables","Omamori","Smiling Mask","Orrery","Calipers","Gambling Chip","Orichalcum","Ornamental Fan"],"potions_floor_usage":[27,31,35,44,50,50,50],"damage_taken":[{"damage":1,"enemies":"Jaw Worm","floor":1,"turns":3},{"damage":0,"enemies":"Cultist","floor":2,"turns":3},{"damage":7,"enemies":"2 Louse","floor":3,"turns":4},{"damage":6,"enemies":"Exordium Wildlife","floor":4,"turns":4},{"damage":1,"enemies":"Blue Slaver","floor":5,"turns":4},{"damage":11,"enemies":"3 Sentries","floor":7,"turns":13},{"damage":5,"enemies":"2 Fungi Beasts","floor":11,"turns":5},{"damage":0,"enemies":"Red Slaver","floor":14,"turns":4},{"damage":17,"enemies":"The Guardian","floor":16,"turns":15},{"damage":13,"enemies":"3 Byrds","floor":18,"turns":4},{"damage":0,"enemies":"Spheric Guardian","floor":19,"turns":3},{"damage":0,"enemies":"Shelled Parasite and Fungi","floor":24,"turns":7},{"damage":2,"enemies":"Cultist and Chosen","floor":27,"turns":5},{"damage":6,"enemies":"Snake Plant","floor":29,"turns":3},{"damage":3,"enemies":"Sentry and Sphere","floor":30,"turns":6},{"damage":0,"enemies":"Cultist and Chosen","floor":31,"turns":4},{"damage":13,"enemies":"Automaton","floor":33,"turns":12},{"damage":26,"enemies":"3 Darklings","floor":35,"turns":7},{"damage":18,"enemies":"Mind Bloom Boss Battle","floor":37,"turns":6},{"damage":1,"enemies":"Orb Walker","floor":39,"turns":3},{"damage":14,"enemies":"Nemesis","floor":40,"turns":8},{"damage":2,"enemies":"Spire Growth","floor":42,"turns":6},{"damage":0,"enemies":"Writhing Mass","floor":44,"turns":9},{"damage":19,"enemies":"Jaw Worm Horde","floor":45,"turns":3},{"damage":0,"enemies":"Maw","floor":48,"turns":7},{"damage":1,"enemies":"Awakened One","floor":50,"turns":13}],"seed_played":"5166212049335554209","potions_obtained":[{"floor":2,"key":"Ancient Potion"},{"floor":5,"key":"EssenceOfSteel"},{"floor":7,"key":"GamblersBrew"},{"floor":11,"key":"Ancient Potion"},{"floor":27,"key":"FocusPotion"},{"floor":30,"key":"Ancient Potion"},{"floor":31,"key":"Weak Potion"},{"floor":35,"key":"Fruit Juice"},{"floor":39,"key":"PowerPotion"},{"floor":45,"key":"Swift Potion"}],"is_trial":false,"path_per_floor":["M","M","M","M","M","R","E","?","T","R","M","?","T","M","R","B",null,"M","M","?","?","$","R","M","$","T","M","R","M","M","M","R","B",null,"M","?","?","$","M","E","$","M","T","M","M","R","$","M","R","B",null],"character_chosen":"DEFECT","items_purchased":["Cables","Omamori","FTL","Gambling Chip"],"campfire_rested":0,"item_purchase_floors":[22,25,25,38],"current_hp_per_floor":[74,74,74,75,75,75,71,71,71,71,75,57,57,69,69,71,75,72,75,75,61,61,61,75,75,75,75,75,75,75,75,75,75,75,71,71,72,72,80,76,76,80,80,80,68,68,68,80,80,80],"gold":53,"neow_bonus":"UPGRADE_CARD","is_prod":false,"is_daily":false,"chose_seed":false,"campfire_upgraded":8,"win_rate":0,"timestamp":1564847247,"path_taken":["M","M","M","M","M","R","E","?","T","R","?","?","?","M","R","BOSS","M","M","?","?","$","R","M","$","T","M","R","?","M","M","R","BOSS","M","?","?","$","M","E","?","M","T","M","?","R","$","M","R","BOSS"],"build_version":"2019-07-17","purchased_purges":2,"victory":true,"max_hp_per_floor":[75,75,75,75,75,75,75,75,75,75,75,75,75,75,75,75,75,75,75,75,75,75,75,75,75,75,75,75,75,75,75,75,75,75,80,80,80,80,80,80,80,80,80,80,80,80,80,80,80,80],"card_choices":[{"not_picked":["Beam Cell","Steam","Steam Power"],"picked":"SKIP","floor":1},{"not_picked":["BootSequence","Chaos"],"picked":"Self Repair","floor":2},{"not_picked":["Rebound","Sweeping Beam"],"picked":"Undo","floor":3},{"not_picked":["White Noise","Conserve Battery"],"picked":"Glacier","floor":4},{"not_picked":["Leap","Consume","Barrage"],"picked":"SKIP","floor":5},{"not_picked":["Streamline","White Noise"],"picked":"Coolheaded","floor":7},{"not_picked":["Beam Cell","Recycle","Sweeping Beam"],"picked":"SKIP","floor":11},{"not_picked":["Hello World","Melter"],"picked":"Self Repair","floor":14},{"not_picked":["Creative AI","Amplify"],"picked":"Electrodynamics","floor":16},{"not_picked":["Turbo","Sunder+1"],"picked":"White Noise+1","floor":18},{"not_picked":["Turbo","Coolheaded+1"],"picked":"Scrape","floor":19},{"not_picked":["Storm","Turbo"],"picked":"Force Field","floor":24},{"not_picked":["Storm","BootSequence"],"picked":"Go for the Eyes+1","floor":27},{"not_picked":["Cold Snap","Sweeping Beam+1"],"picked":"FTL","floor":29},{"not_picked":["Leap+1","Skim","Beam Cell"],"picked":"SKIP","floor":30},{"not_picked":["Go for the Eyes+1","Capacitor+1"],"picked":"Coolheaded+1","floor":31},{"not_picked":["Reboot","Electrodynamics"],"picked":"Machine Learning","floor":33},{"not_picked":["Stack","Scrape+1"],"picked":"Gash","floor":34},{"not_picked":["Leap","Auto Shields+1"],"picked":"Gash","floor":34},{"not_picked":["Glacier","Loop"],"picked":"Gash","floor":34},{"not_picked":["Skim","Barrage+1"],"picked":"Glacier","floor":34},{"not_picked":["Sweeping Beam+1","Chaos+1","Reboot"],"picked":"SKIP","floor":35},{"not_picked":["Gash","Beam Cell+1"],"picked":"Cold Snap+1","floor":37},{"not_picked":["Go for the Eyes+1","Chaos+1"],"picked":"Redo+1","floor":39},{"not_picked":["Doom and Gloom+1","Chaos"],"picked":"Go for the Eyes+1","floor":40},{"not_picked":["Capacitor","Rebound+1","White Noise"],"picked":"SKIP","floor":42},{"not_picked":["Creative AI","Redo"],"picked":"Ball Lightning+1","floor":44},{"not_picked":["Cold Snap","Doom and Gloom","Gash"],"picked":"SKIP","floor":45},{"not_picked":["Ball Lightning+1","Fusion+1","Undo"],"picked":"SKIP","floor":48}],"player_experience":93876,"relics_obtained":[{"floor":7,"key":"Blood Vial"},{"floor":9,"key":"Lantern"},{"floor":13,"key":"Whetstone"},{"floor":26,"key":"Smiling Mask"},{"floor":37,"key":"Calipers"},{"floor":40,"key":"Orichalcum"},{"floor":43,"key":"Ornamental Fan"}],"event_choices":[{"damage_healed":0,"gold_gain":0,"player_choice":"Forge","damage_taken":0,"max_hp_gain":0,"max_hp_loss":0,"event_name":"Accursed Blacksmith","floor":8,"gold_loss":0,"cards_upgraded":["Coolheaded"]},{"damage_healed":0,"gold_gain":0,"player_choice":"Success","damage_taken":18,"relics_obtained":["Ancient Tea Set"],"max_hp_gain":0,"max_hp_loss":0,"event_name":"Scrap Ooze","floor":12,"gold_loss":0},{"damage_healed":0,"gold_gain":0,"player_choice":"Read","damage_taken":0,"max_hp_gain":0,"max_hp_loss":0,"event_name":"The Library","floor":20,"gold_loss":0,"cards_obtained":["Defragment"]},{"damage_healed":0,"gold_gain":90,"player_choice":"GOLD ","damage_taken":14,"max_hp_gain":0,"max_hp_loss":0,"event_name":"Knowing Skull","floor":21,"potions_obtained":[],"gold_loss":0,"cards_obtained":[]},{"damage_healed":0,"gold_gain":0,"player_choice":"Ignored","damage_taken":0,"max_hp_gain":0,"max_hp_loss":0,"event_name":"Mysterious Sphere","floor":36,"gold_loss":0},{"damage_healed":0,"gold_gain":0,"player_choice":"Fight","damage_taken":0,"max_hp_gain":0,"max_hp_loss":0,"event_name":"MindBloom","floor":37,"gold_loss":0}],"is_beta":false,"boss_relics":[{"not_picked":["Runic Pyramid","Fusion Hammer"],"picked":"Inserter"},{"not_picked":["Black Star","Tiny House"],"picked":"Orrery"}],"items_purged_floors":[22,47],"is_endless":false,"potions_floor_spawned":[2,5,7,11,16,27,30,31,33,35,39,42,45],"ascension_level":0}