{"gold_per_floor":[115,133,146,163,113,142,142,159,185,185,197,229,229,257,257,354,354,374,374,393,393,169,169,200,200,200,200,218,243,261,289,289,391,391,404,404,404,504,53,53,87,87,167,179,190,190,220,220,220,220],"floor_reached":51,"playtime":2104,"items_purged":["Strike_P","Strike_P"],"score":993,"play_id":"8e9cfef4-e9f6-4854-bd0d-7b1e833cca05","local_time":"20190912212603","is_ascension_mode":true,"campfire_choices":[{"data":"CarveReality","floor":7,"key":"SMITH"},{"data":"Establishment","floor":10,"key":"SMITH"},{"data":"MasterReality","floor":13,"key":"SMITH"},{"data":"DeceiveReality","floor":15,"key":"SMITH"},{"data":"Vigilance","floor":23,"key":"SMITH"},{"data":"DevaForm","floor":25,"key":"SMITH"},{"data":"CutThroughFate","floor":27,"key":"SMITH"},{"floor":32,"key":"REST"},{"data":"Weave","floor":40,"key":"SMITH"},{"data":"Vault","floor":42,"key":"SMITH"},{"floor":46,"key":"REST"},{"floor":49,"key":"REST"}],"neow_cost":"NONE","seed_source_timestamp":2816438671122,"circlet_count":0,"master_deck":["Strike_P+1","Defend_P","Defend_P","Defend_P","Defend_P","Eruption+1","Vigilance+1","CarveReality+1","Worship","ThirdEye+1","Establishment+1","CrushJoints+1","MasterReality+1","Worship+1","DeceiveReality+1","FlyingSleeves+1","CutThroughFate+1","DevaForm+1","Vault+1","CarveReality+1","Worship"],"relics":["PureWater","Dodecahedron","Juzu Bracelet","Orichalcum","Toy Ornithopter","Busted Crown","MutagenicStrength","War Paint","Bag of Marbles","Ornamental Fan","Red Mask","Blood Vial","VioletLotus","Torii","Anchor","Whetstone","Strawberry","The Courier","Ancient Tea Set"],"potions_floor_usage":[4,6,12,20,24,29,35,41,45,50,50],"damage_taken":[{"damage":0,"enemies":"Small Slimes","floor":1,"turns":2},{"damage":0,"enemies":"2 Louse","floor":2,"turns":2},{"damage":2,"enemies":"Jaw Worm","floor":3,"turns":3},{"damage":0,"enemies":"Looter","floor":4,"turns":1},{"damage":8,"enemies":"Gremlin Nob","floor":6,"turns":3},{"damage":0,"enemies":"2 Fungi Beasts","floor":8,"turns":1},{"damage":0,"enemies":"3 Louse","floor":11,"turns":2},{"damage":0,"enemies":"Lagavulin","floor":12,"turns":4},{"damage":8,"enemies":"3 Sentries","floor":14,"turns":6},{"damage":5,"enemies":"The Guardian","floor":16,"turns":8},{"damage":0,"enemies":"Spheric Guardian","floor":18,"turns":2},{"damage":6,"enemies":"3 Byrds","floor":20,"turns":4},{"damage":15,"enemies":"Slavers","floor":24,"turns":3},{"damage":5,"enemies":"Centurion and Healer","floor":28,"turns":3},{"damage":10,"enemies":"Masked Bandits","floor":29,"turns":3},{"damage":9,"enemies":"Shelled Parasite and Fungi","floor":30,"turns":5},{"damage":4,"enemies":"Book of Stabbing","floor":31,"turns":6},{"damage":0,"enemies":"Collector","floor":33,"turns":15},{"damage":2,"enemies":"3 Shapes","floor":35,"turns":5},{"damage":0,"enemies":"Mind Bloom Boss Battle","floor":38,"turns":6},{"damage":15,"enemies":"Reptomancer","floor":41,"turns":4},{"damage":7,"enemies":"3 Darklings","floor":44,"turns":4},{"damage":13,"enemies":"Transient","floor":45,"turns":5},{"damage":26,"enemies":"Nemesis","floor":47,"turns":7},{"damage":13,"enemies":"Donu and Deca","floor":50,"turns":11}],"seed_played":"3700356423384208064","potions_obtained":[{"floor":2,"key":"Fire Potion"},{"floor":4,"key":"Weak Potion"},{"floor":6,"key":"AttackPotion"},{"floor":12,"key":"Ancient Potion"},{"floor":14,"key":"Regen Potion"},{"floor":18,"key":"AttackPotion"},{"floor":31,"key":"SkillPotion"},{"floor":33,"key":"PowerPotion"},{"floor":38,"key":"Block Potion"},{"floor":41,"key":"Weak Potion"}],"is_trial":false,"path_per_floor":["M","M","M","M","?","E","R","M","T","R","M","E","R","E","R","B",null,"M","?","M","?","$","R","E","R","T","R","M","?","M","E","R","B",null,"M","?","?","?","$","R","E","R","T","M","M","R","E","?","R","B",null],"character_chosen":"WATCHER","items_purchased":["War Paint","Anchor","Whetstone","Dexterity Potion"],"campfire_rested":3,"item_purchase_floors":[22,39,39,39],"current_hp_per_floor":[65,65,63,63,63,55,55,55,55,55,55,55,55,47,47,42,65,65,65,59,59,59,59,49,49,49,49,44,48,39,35,54,56,65,63,63,63,65,65,65,57,57,57,52,46,67,43,43,64,59],"gold":220,"neow_bonus":"UPGRADE_CARD","is_prod":false,"is_daily":false,"chose_seed":false,"campfire_upgraded":9,"win_rate":0,"timestamp":1568291163,"path_taken":["M","M","M","M","?","E","R","M","T","R","M","E","R","E","R","BOSS","M","?","M","?","$","R","E","R","T","R","M","?","M","E","R","BOSS","M","?","?","?","$","R","E","R","T","M","M","R","E","?","R","BOSS"],"build_version":"2019-09-11v2","purchased_purges":2,"victory":true,"max_hp_per_floor":[65,65,65,65,65,65,65,65,65,65,65,65,65,65,65,65,65,65,65,65,65,65,65,65,65,65,65,65,65,65,65,65,65,65,65,65,65,65,65,65,72,72,72,72,72,72,72,72,72,72],"card_choices":[{"not_picked":["ClearTheMind","TalkToTheHand"],"picked":"Weave","floor":1},{"not_picked":["PathToVictory","Tantrum"],"picked":"CarveReality","floor":2},{"not_picked":["CrushJoints","Weave"],"picked":"Worship","floor":3},{"not_picked":["Collect","Weave"],"picked":"ThirdEye","floor":4},{"not_picked":["Weave","FlyingSleeves"],"picked":"Establishment","floor":6},{"not_picked":["EmptyMind","EmptyFist"],"picked":"CrushJoints","floor":8},{"not_picked":["Halt","CutThroughFate"],"picked":"MasterReality","floor":11},{"not_picked":["BowlingBash","JustLucky"],"picked":"Worship","floor":12},{"not_picked":["Conclude","CrushJoints"],"picked":"DeceiveReality","floor":14},{"not_picked":[],"picked":"FlyingSleeves+1","floor":18},{"not_picked":["EmptyMind"],"picked":"SKIP","floor":20},{"not_picked":[],"picked":"DevaForm","floor":24},{"not_picked":["FearNoEvil"],"picked":"SKIP","floor":28},{"not_picked":["Prostrate"],"picked":"SKIP","floor":30},{"not_picked":["SpiritShield"],"picked":"SKIP","floor":31},{"not_picked":[],"picked":"Vault","floor":33},{"not_picked":["MentalFortress+1"],"picked":"SKIP","floor":35},{"not_picked":[],"picked":"CarveReality+1","floor":38},{"not_picked":["FlurryOfBlows+1"],"picked":"SKIP","floor":41},{"not_picked":["FlyingSleeves+1"],"picked":"SKIP","floor":44},{"not_picked":[],"picked":"Worship","floor":45},{"not_picked":["FlyingSleeves+1"],"picked":"SKIP","floor":47}],"player_experience":609078,"relics_obtained":[{"floor":6,"key":"Dodecahedron"},{"floor":9,"key":"Juzu Bracelet"},{"floor":12,"key":"Orichalcum"},{"floor":14,"key":"Toy Ornithopter"},{"floor":24,"key":"Bag of Marbles"},{"floor":26,"key":"Ornamental Fan"},{"floor":29,"key":"Red Mask"},{"floor":31,"key":"Blood Vial"},{"floor":38,"key":"Torii"},{"floor":41,"key":"Strawberry"},{"floor":43,"key":"The Courier"},{"floor":47,"key":"Ancient Tea Set"}],"event_choices":[{"cards_removed":["Strike_P"],"damage_healed":0,"gold_gain":0,"player_choice":"Card Removal","damage_taken":0,"max_hp_gain":0,"max_hp_loss":0,"event_name":"The Cleric","floor":5,"gold_loss":50},{"damage_healed":0,"gold_gain":0,"player_choice":"Read","damage_taken":0,"max_hp_gain":0,"max_hp_loss":0,"event_name":"The Library","floor":19,"gold_loss":0,"cards_obtained":["CutThroughFate"]},{"damage_healed":0,"gold_gain":0,"player_choice":"Inject Mutagens","damage_taken":0,"relics_obtained":["MutagenicStrength"],"max_hp_gain":0,"max_hp_loss":0,"event_name":"Drug Dealer","floor":21,"gold_loss":0},{"damage_healed":0,"gold_gain":0,"player_choice":"Fought Bandits","damage_taken":0,"max_hp_gain":0,"max_hp_loss":0,"event_name":"Masked Bandits","floor":29,"gold_loss":0},{"damage_healed":0,"gold_gain":0,"player_choice":"Ignored","damage_taken":0,"max_hp_gain":0,"max_hp_loss":0,"event_name":"Mysterious Sphere","floor":36,"gold_loss":0},{"damage_healed":0,"gold_gain":0,"player_choice":"Memory 1","damage_taken":0,"max_hp_gain":0,"max_hp_loss":0,"event_name":"SensoryStone","floor":37,"gold_loss":0},{"damage_healed":0,"gold_gain":0,"player_choice":"Fight","damage_taken":0,"max_hp_gain":0,"max_hp_loss":0,"event_name":"MindBloom","floor":38,"gold_loss":0},{"cards_removed":["Weave"],"damage_healed":0,"gold_gain":0,"player_choice":"Removed Attack","damage_taken":0,"max_hp_gain":0,"max_hp_loss":0,"event_name":"Falling","floor":48,"gold_loss":0}],"is_beta":true,"boss_relics":[{"not_picked":["Velvet Choker","Runic Dome"],"picked":"Busted Crown"},{"not_picked":["Black Star","Pandora\u0027s Box"],"picked":"VioletLotus"}],"items_purged_floors":[22,39],"is_endless":false,"potions_floor_spawned":[2,4,6,12,14,18,31,33,38,41,44],"ascension_level":4}