{"gold_per_floor":[10,23,38,56,72,72,105,105,105,180,210,210,229,229,229,332,332,343,343,343,359,5,37,37,57,82,82,82,82,7,35,35,137,137,153,375,375,394,411,87,113,113,158,190,190,204,204,204,204,204],"floor_reached":51,"playtime":2209,"items_purged":["Normality","Writhe"],"score":1205,"play_id":"0d4b1480-7fe3-4ffc-a7e1-561ab2c2999a","local_time":"20190825230944","is_ascension_mode":true,"campfire_choices":[{"data":"Whirlwind","floor":6.0,"key":"SMITH"},{"floor":8.0,"key":"REST"},{"floor":15.0,"key":"REST"},{"floor":24.0,"key":"DIG"},{"data":"Flame Barrier","floor":27.0,"key":"SMITH"},{"floor":29.0,"key":"DIG"},{"floor":32.0,"key":"DIG"},{"floor":42.0,"key":"REST"},{"data":"Shockwave","floor":47.0,"key":"SMITH"},{"floor":49,"key":"REST"}],"neow_cost":"NO_GOLD","seed_source_timestamp":961088491847200,"circlet_count":0,"master_deck":["AscendersBane","Strike_R","Strike_R","Defend_R","Defend_R+1","Defend_R","Defend_R+1","Bash","Iron Wave","Iron Wave","Ghostly Armor","Whirlwind+1","Flame Barrier+1","Pummel","Double Tap","Shrug It Off+1","Shrug It Off","Anger+1","Battle Trance","Warcry+1","Feed","Offering","Shrug It Off","Twin Strike+1","Shockwave+1","Sword Boomerang","Clumsy","Shrug It Off+1","True Grit+1","Thunderclap"],"special_seed":0,"relics":["Burning Blood","Paper Frog","Mercury Hourglass","Juzu Bracelet","Turnip","Cursed Key","Prayer Wheel","Lantern","Brimstone","Shovel","Red Skull","Pen Nib","MutagenicStrength","Art of War","Red Mask","War Paint","Runic Dome","Oddly Smooth Stone","Dream Catcher","Bag of Marbles","Bronze Scales"],"potions_floor_usage":[50,50],"damage_taken":[{"damage":7.0,"enemies":"Small Slimes","floor":1.0,"turns":3.0},{"damage":10.0,"enemies":"Cultist","floor":2.0,"turns":4.0},{"damage":2.0,"enemies":"2 Louse","floor":3.0,"turns":4.0},{"damage":14.0,"enemies":"Exordium Wildlife","floor":4.0,"turns":7.0},{"damage":5.0,"enemies":"3 Louse","floor":5.0,"turns":5.0},{"damage":48.0,"enemies":"Lagavulin","floor":7.0,"turns":7.0},{"damage":10.0,"enemies":"3 Sentries","floor":11.0,"turns":2.0},{"damage":0.0,"enemies":"Large Slime","floor":13.0,"turns":5.0},{"damage":25.0,"enemies":"Slime Boss","floor":16.0,"turns":8.0},{"damage":0.0,"enemies":"3 Byrds","floor":18.0,"turns":5.0},{"damage":12.0,"enemies":"Shell Parasite","floor":21.0,"turns":8.0},{"damage":0.0,"enemies":"Gremlin Leader","floor":23.0,"turns":4.0},{"damage":0.0,"enemies":"Snake Plant","floor":25.0,"turns":4.0},{"damage":0.0,"enemies":"Masked Bandits","floor":31.0,"turns":1.0},{"damage":23.0,"enemies":"Champ","floor":33.0,"turns":7.0},{"damage":17.0,"enemies":"3 Shapes","floor":35.0,"turns":6.0},{"damage":6.0,"enemies":"3 Darklings","floor":38.0,"turns":3.0},{"damage":16.0,"enemies":"Writhing Mass","floor":39.0,"turns":3.0},{"damage":37.0,"enemies":"Reptomancer","floor":41.0,"turns":4.0},{"damage":16.0,"enemies":"Giant Head","floor":44.0,"turns":6.0},{"damage":6.0,"enemies":"Transient","floor":46.0,"turns":5.0},{"damage":27,"enemies":"Donu and Deca","floor":50,"turns":5}],"seed_played":"-8784810838262926733","potions_obtained":[{"floor":3.0,"key":"SkillPotion"},{"floor":7.0,"key":"Explosive Potion"},{"floor":11.0,"key":"PowerPotion"},{"floor":13.0,"key":"FearPotion"},{"floor":16.0,"key":"Explosive Potion"},{"floor":23.0,"key":"SteroidPotion"},{"floor":33.0,"key":"SkillPotion"},{"floor":44.0,"key":"PowerPotion"}],"is_trial":false,"path_per_floor":["M","M","M","M","M","R","E","R","T","?","E","?","M","?","R","B",null,"M","?","?","M","$","E","R","M","T","R","?","R","$","?","R","B",null,"M","?","?","M","M","$","E","R","T","E","?","M","R","T","R","B",null],"character_chosen":"IRONCLAD","items_purchased":["Lantern","Brimstone","Oddly Smooth Stone","Shockwave"],"campfire_rested":4,"item_purchase_floors":[22,22,40,40],"current_hp_per_floor":[71,67,71,63,64,64,22,46,46,35,31,31,37,25,49,30,68,74,74,74,68,68,74,74,80,80,80,80,80,80,80,80,63,76,68,68,68,68,61,61,30,55,55,48,48,48,48,48,73,52],"gold":204,"neow_bonus":"REMOVE_TWO","is_prod":false,"is_daily":false,"chose_seed":false,"campfire_upgraded":3,"win_rate":0,"timestamp":1566799784,"path_taken":["M","M","M","M","M","R","E","R","T","?","E","?","M","?","R","BOSS","M","?","?","M","?","E","R","M","T","R","?","R","$","?","R","BOSS","M","?","?","M","M","?","E","R","T","E","?","M","R","?","R","BOSS"],"build_version":"2019-07-17","purchased_purges":2,"victory":true,"max_hp_per_floor":[80,80,80,80,80,80,80,80,80,80,80,80,80,80,80,80,80,80,80,80,80,80,80,80,80,80,80,80,80,80,80,80,80,80,83,83,83,83,86,86,86,86,86,89,85,85,85,85,85,85],"card_choices":[{"not_picked":["Perfected Strike","Havoc"],"picked":"Iron Wave","floor":1.0},{"not_picked":["Fire Breathing","Twin Strike"],"picked":"Iron Wave","floor":2.0},{"not_picked":["Clothesline","Intimidate"],"picked":"Ghostly Armor","floor":3.0},{"not_picked":["Sword Boomerang","Heavy Blade","Burning Pact"],"picked":"SKIP","floor":4.0},{"not_picked":["Brutality","Spot Weakness"],"picked":"Whirlwind","floor":5.0},{"not_picked":["Fire Breathing","Entrench","Warcry"],"picked":"SKIP","floor":7.0},{"not_picked":["Warcry","Body Slam"],"picked":"Flame Barrier","floor":11.0},{"not_picked":["Thunderclap","Warcry","Infernal Blade"],"picked":"SKIP","floor":13.0},{"not_picked":["Bludgeon","Fiend Fire"],"picked":"Double Tap","floor":16.0},{"not_picked":["Feel No Pain+1","Anger"],"picked":"Shrug It Off+1","floor":18.0},{"not_picked":["Power Through","Twin Strike"],"picked":"Shrug It Off","floor":21.0},{"not_picked":["Sentinel","Bloodletting","Body Slam"],"picked":"SKIP","floor":21.0},{"not_picked":["Sentinel+1","Barricade"],"picked":"Anger+1","floor":23.0},{"not_picked":["Warcry","Perfected Strike"],"picked":"Battle Trance","floor":25.0},{"not_picked":["Wild Strike","Body Slam+1"],"picked":"Warcry+1","floor":25.0},{"not_picked":["Pommel Strike","Headbutt"],"picked":"Feed","floor":31.0},{"not_picked":["Double Tap","Brutality"],"picked":"Offering","floor":33.0},{"not_picked":["Rupture","Inflame"],"picked":"Shrug It Off","floor":35.0},{"not_picked":["Armaments","Anger","Iron Wave"],"picked":"SKIP","floor":35.0},{"not_picked":["Burning Pact","Cleave+1"],"picked":"Twin Strike+1","floor":38.0},{"not_picked":["Flex","Combust","Feel No Pain"],"picked":"SKIP","floor":38.0},{"not_picked":["Sentinel","Shrug It Off","Perfected Strike+1"],"picked":"SKIP","floor":39.0},{"not_picked":["Exhume","Armaments","Havoc"],"picked":"SKIP","floor":39.0},{"not_picked":["Clash+1","Warcry+1","Seeing Red"],"picked":"SKIP","floor":41.0},{"not_picked":["Infernal Blade","Armaments"],"picked":"Sword Boomerang","floor":42.0},{"not_picked":["Inflame+1","Rupture+1"],"picked":"Shrug It Off+1","floor":44.0},{"not_picked":["Heavy Blade","Rampage+1"],"picked":"True Grit+1","floor":46.0},{"not_picked":["Carnage","Headbutt","Shockwave"],"picked":"SKIP","floor":46.0},{"not_picked":["Rage","Dual Wield"],"picked":"Thunderclap","floor":49}],"player_experience":1333643,"relics_obtained":[{"floor":7.0,"key":"Paper Frog"},{"floor":9.0,"key":"Mercury Hourglass"},{"floor":11.0,"key":"Juzu Bracelet"},{"floor":23.0,"key":"Shovel"},{"floor":24.0,"key":"Red Skull"},{"floor":26.0,"key":"Pen Nib"},{"floor":29.0,"key":"Art of War"},{"floor":31.0,"key":"Red Mask"},{"floor":32.0,"key":"War Paint"},{"floor":41.0,"key":"Dream Catcher"},{"floor":43.0,"key":"Bag of Marbles"},{"floor":44.0,"key":"Bronze Scales"}],"event_choices":[{"damage_healed":0.0,"max_hp_gain":0.0,"max_hp_loss":0.0,"gold_gain":75.0,"event_name":"World of Goop","player_choice":"Gather Gold","floor":10.0,"gold_loss":0.0,"damage_taken":11.0},{"damage_healed":0.0,"max_hp_gain":0.0,"max_hp_loss":0.0,"gold_gain":0.0,"event_name":"Match and Keep!","player_choice":"1 cards matched","floor":12.0,"gold_loss":0.0,"damage_taken":0.0,"cards_obtained":["Pummel"]},{"damage_healed":0.0,"max_hp_gain":0.0,"max_hp_loss":0.0,"gold_gain":0.0,"event_name":"Scrap Ooze","player_choice":"Success","floor":14.0,"gold_loss":0.0,"damage_taken":12.0,"relics_obtained":["Turnip"]},{"damage_healed":0.0,"max_hp_gain":0.0,"max_hp_loss":0.0,"gold_gain":0.0,"event_name":"The Mausoleum","player_choice":"Opened","floor":19.0,"gold_loss":0.0,"damage_taken":0.0,"relics_obtained":["Prayer Wheel"],"cards_obtained":["Writhe"]},{"damage_healed":0.0,"max_hp_gain":0.0,"max_hp_loss":0.0,"gold_gain":0.0,"event_name":"Vampires","player_choice":"Ignored","floor":20.0,"gold_loss":0.0,"damage_taken":0.0},{"damage_healed":0.0,"max_hp_gain":0.0,"max_hp_loss":0.0,"gold_gain":0.0,"event_name":"Drug Dealer","player_choice":"Inject Mutagens","floor":28.0,"gold_loss":0.0,"damage_taken":0.0,"relics_obtained":["MutagenicStrength"]},{"damage_healed":0.0,"max_hp_gain":0.0,"max_hp_loss":0.0,"gold_gain":0.0,"event_name":"Masked Bandits","player_choice":"Fought Bandits","floor":31.0,"gold_loss":0.0,"damage_taken":0.0},{"damage_healed":0.0,"max_hp_gain":0.0,"max_hp_loss":0.0,"gold_gain":222.0,"event_name":"Tomb of Lord Red Mask","player_choice":"Wore Mask","floor":36.0,"gold_loss":0.0,"damage_taken":0.0},{"cards_removed":["Strike_R"],"damage_healed":0.0,"max_hp_gain":0.0,"max_hp_loss":0.0,"gold_gain":0.0,"event_name":"Falling","player_choice":"Removed Attack","floor":37.0,"gold_loss":0.0,"damage_taken":0.0},{"damage_healed":0.0,"max_hp_gain":0.0,"max_hp_loss":4.0,"gold_gain":0.0,"event_name":"Winding Halls","player_choice":"Max HP","floor":45.0,"gold_loss":0.0,"damage_taken":0.0}],"is_beta":false,"boss_relics":[{"not_picked":["Fusion Hammer","Black Star"],"picked":"Cursed Key"},{"not_picked":["Lizard Tail","White Beast Statue"],"picked":"Runic Dome"}],"items_purged_floors":[30,40],"is_endless":false,"potions_floor_spawned":[3,7,11,13,16,23,33,44],"ascension_level":12}