{"gold_per_floor":[14,31,31,54,229,229,250,283,283,303,378,378,107,145,145,266,266,256,277,277,290,290],"floor_reached":22,"playtime":799,"items_purged":["Doubt"],"score":279,"play_id":"b9360b48-4211-45e5-9946-a19c3f1906e1","local_time":"20190325213110","is_ascension_mode":true,"campfire_choices":[{"data":"Noxious Fumes","floor":6,"key":"SMITH"},{"floor":12,"key":"REST"},{"data":"After Image","floor":15,"key":"SMITH"}],"neow_cost":"NO_GOLD","seed_source_timestamp":511545164431122,"circlet_count":0,"master_deck":["AscendersBane","Defend_G","Defend_G","Defend_G","Defend_G","Defend_G","Strike_G","Strike_G","Strike_G","Strike_G","Strike_G","Survivor","Neutralize","After Image+1","Cloak And Dagger","Noxious Fumes+1","Cloak And Dagger","Infinite Blades","PiercingWail","Electrodynamics","Cloak And Dagger+1","Ball Lightning"],"relics":["Ring of the Snake","Bloody Idol","Gremlin Horn","PrismaticShard","Odd Mushroom"],"potions_floor_usage":[21,21,22],"damage_taken":[{"damage":10,"enemies":"Jaw Worm","floor":1,"turns":6},{"damage":0,"enemies":"2 Louse","floor":2,"turns":3},{"damage":3,"enemies":"Small Slimes","floor":4,"turns":5},{"damage":5,"enemies":"Blue Slaver","floor":7,"turns":5},{"damage":8,"enemies":"3 Sentries","floor":8,"turns":7},{"damage":5,"enemies":"3 Louse","floor":10,"turns":4},{"damage":4,"enemies":"The Mushroom Lair","floor":14,"turns":5},{"damage":17,"enemies":"The Guardian","floor":16,"turns":12},{"damage":19,"enemies":"2 Thieves","floor":18,"turns":4},{"damage":22,"enemies":"Spheric Guardian","floor":19,"turns":7},{"damage":6,"enemies":"Cultist and Chosen","floor":21,"turns":9},{"damage":3,"enemies":"Masked Bandits","floor":22,"turns":2}],"seed_played":"2663326785626771827","potions_obtained":[{"floor":2,"key":"GamblersBrew"},{"floor":8,"key":"Poison Potion"},{"floor":14,"key":"Energy Potion"},{"floor":16,"key":"SkillPotion"}],"is_trial":false,"path_per_floor":["M","M","?","M","?","R","M","E","T","M","?","R","$","?","R","B",null,"M","M","?","M","?"],"character_chosen":"THE_SILENT","items_purchased":["PrismaticShard"],"campfire_rested":1,"item_purchase_floors":[13],"current_hp_per_floor":[53,53,53,50,50,50,45,37,37,32,21,40,40,36,36,19,54,35,13,13,12,9],"gold":290,"neow_bonus":"THREE_RARE_CARDS","is_prod":false,"is_daily":false,"chose_seed":false,"campfire_upgraded":2,"win_rate":0,"timestamp":1553571070,"path_taken":["M","M","?","M","?","R","M","E","T","M","?","R","$","?","R","BOSS","M","M","?","M","?"],"build_version":"2019-01-23","purchased_purges":1,"victory":false,"max_hp_per_floor":[70,70,65,65,65,65,65,65,65,65,65,65,65,65,65,65,65,65,65,65,65,65],"card_choices":[{"not_picked":["Die Die Die","Venomology"],"picked":"After Image","floor":0},{"not_picked":["Flying Knee","Quick Slash"],"picked":"Cloak And Dagger","floor":1},{"not_picked":["Blade Dance","Slice"],"picked":"Noxious Fumes","floor":2},{"not_picked":["Setup","Dagger Throw"],"picked":"Cloak And Dagger","floor":4},{"not_picked":["Dodge and Roll","Prepared"],"picked":"Infinite Blades","floor":7},{"not_picked":["Deflect","Dodge and Roll"],"picked":"PiercingWail","floor":8},{"not_picked":["Heel Hook","Masterful Stab","All Out Attack"],"picked":"SKIP","floor":10},{"not_picked":["Burst","Double Tap"],"picked":"Electrodynamics","floor":16},{"not_picked":["Rip and Tear","Flechettes"],"picked":"Cloak And Dagger+1","floor":18},{"not_picked":["Go for the Eyes","Undo","Cloak And Dagger"],"picked":"SKIP","floor":19},{"not_picked":["Anger","Twin Strike+1"],"picked":"Ball Lightning","floor":21}],"player_experience":456769,"relics_obtained":[{"floor":8,"key":"Gremlin Horn"},{"floor":14,"key":"Odd Mushroom"}],"event_choices":[{"damage_healed":0,"gold_gain":0,"player_choice":"Lose Max HP","damage_taken":0,"relics_obtained":["Golden Idol"],"max_hp_gain":0,"max_hp_loss":5,"event_name":"Golden Idol","floor":3,"gold_loss":0},{"damage_healed":0,"gold_gain":175,"player_choice":"AGREE","damage_taken":0,"max_hp_gain":0,"max_hp_loss":0,"event_name":"Liars Game","floor":5,"gold_loss":0,"cards_obtained":["Doubt"]},{"damage_healed":0,"gold_gain":75,"player_choice":"Gather Gold","damage_taken":11,"max_hp_gain":0,"max_hp_loss":0,"event_name":"World of Goop","floor":11,"gold_loss":0},{"damage_healed":0,"gold_gain":0,"player_choice":"Fought Mushrooms","damage_taken":0,"max_hp_gain":0,"max_hp_loss":0,"event_name":"Mushrooms","floor":14,"gold_loss":0},{"damage_healed":0,"gold_gain":0,"player_choice":"Gave Idol","damage_taken":0,"relics_obtained":["Bloody Idol"],"max_hp_gain":0,"max_hp_loss":0,"event_name":"Forgotten Altar","floor":20,"relics_lost":["Golden Idol"],"gold_loss":0},{"damage_healed":0,"gold_gain":0,"player_choice":"Fought Bandits","damage_taken":0,"max_hp_gain":0,"max_hp_loss":0,"event_name":"Masked Bandits","floor":22,"gold_loss":0}],"is_beta":false,"boss_relics":[{"not_picked":["Busted Crown","Snecko Eye","Cursed Key"]}],"items_purged_floors":[13],"is_endless":false,"potions_floor_spawned":[2,8,14,16,19],"killed_by":"Masked Bandits","ascension_level":10}