{"gold_per_floor":[368,385,58,58,58,58,89,89,89,89,116,196,214,228,228,325,325,341,353,330,346,362,362,391,391,445,456,471,471,471,482,482,482],"floor_reached":33,"playtime":1048,"items_purged":["Normality"],"score":429,"play_id":"c14ecfcc-ef8b-44d4-8de4-efe4be03db53","local_time":"20180805220354","is_ascension_mode":true,"campfire_choices":[{"data":"Bash","floor":6,"key":"SMITH"},{"data":"Spot Weakness","floor":8,"key":"SMITH"},{"data":"Spot Weakness","floor":10,"key":"SMITH"},{"data":"Cleave","floor":15,"key":"SMITH"},{"floor":23,"key":"REST"},{"floor":25,"key":"REST"},{"floor":30,"key":"REST"},{"floor":32,"key":"REST"}],"neow_cost":"CURSE","seed_source_timestamp":878588838195629,"circlet_count":0,"master_deck":["Strike_R","Strike_R","Strike_R","Strike_R","Strike_R","Defend_R","Defend_R","Defend_R","Defend_R","Bash+1","AscendersBane","Spot Weakness+1","Spot Weakness+1","Reckless Charge","Cleave+1","Impervious","Offering","Twin Strike+1","Shrug It Off","Double Tap","Power Through","Pommel Strike","Battle Trance"],"relics":["Burning Blood","Frozen Egg 2","GremlinMask","Pear","Question Card","Pantograph","Busted Crown","Shuriken","Lantern"],"potions_floor_usage":[16,33],"damage_taken":[{"damage":1,"enemies":"Cultist","floor":1,"turns":4},{"damage":0,"enemies":"Small Slimes","floor":2,"turns":4},{"damage":35,"enemies":"3 Sentries","floor":7,"turns":9},{"damage":10,"enemies":"Gremlin Nob","floor":11,"turns":3},{"damage":2,"enemies":"2 Louse","floor":13,"turns":2},{"damage":29,"enemies":"Exordium Thugs","floor":14,"turns":5},{"damage":33,"enemies":"Slime Boss","floor":16,"turns":8},{"damage":12,"enemies":"2 Thieves","floor":18,"turns":3},{"damage":19,"enemies":"Chosen","floor":19,"turns":5},{"damage":12,"enemies":"Centurion and Healer","floor":21,"turns":6},{"damage":39,"enemies":"Snake Plant","floor":22,"turns":4},{"damage":44,"enemies":"Slavers","floor":24,"turns":5},{"damage":18,"enemies":"Snecko","floor":27,"turns":4},{"damage":17,"enemies":"Slaver and Parasite","floor":28,"turns":4},{"damage":10,"enemies":"3 Cultists","floor":31,"turns":4},{"damage":93,"enemies":"Automaton","floor":33,"turns":6}],"seed_played":"6505517954961680199","potions_obtained":[{"floor":2,"key":"Poison Potion"},{"floor":11,"key":"SteroidPotion"},{"floor":16,"key":"Explosive Potion"}],"is_trial":false,"path_per_floor":["M","M","$","?","$","R","E","R","T","R","E","?","M","M","R","B",null,"M","M","$","M","M","R","E","R","T","M","M","?","R","M","R"],"character_chosen":"IRONCLAD","items_purchased":["Frozen Egg 2","Shrug It Off"],"campfire_rested":4,"item_purchase_floors":[3,20],"current_hp_per_floor":[77,80,80,80,80,80,61,61,61,61,57,57,61,38,38,36,77,71,58,58,52,19,46,8,35,35,23,12,12,39,35,62,0],"gold":482,"neow_bonus":"TWO_FIFTY_GOLD","is_prod":false,"is_daily":false,"chose_seed":false,"campfire_upgraded":4,"win_rate":0,"timestamp":1533521034,"path_taken":["M","?","$","?","?","R","E","R","T","R","E","?","M","M","R","BOSS","M","M","$","M","M","R","E","R","T","M","M","?","R","M","R","BOSS"],"build_version":"2018-08-01","purchased_purges":1,"victory":false,"max_hp_per_floor":[80,80,80,80,80,80,90,90,90,90,90,90,90,90,90,90,90,90,90,90,90,90,90,90,90,90,90,90,90,90,90,90,90],"card_choices":[{"not_picked":["Headbutt","Havoc"],"picked":"Spot Weakness","floor":1},{"not_picked":["Infernal Blade","Searing Blow"],"picked":"Spot Weakness","floor":2},{"not_picked":["Clash","Clothesline"],"picked":"Reckless Charge","floor":7},{"not_picked":["Perfected Strike","Fire Breathing+1","Sever Soul","Iron Wave"],"picked":"SKIP","floor":11},{"not_picked":["Corruption+1","Body Slam","Searing Blow"],"picked":"Cleave","floor":13},{"not_picked":["Corruption+1","Sword Boomerang","Warcry"],"picked":"Impervious","floor":14},{"not_picked":["Dark Embrace+1","Reaper","Exhume"],"picked":"Offering","floor":16},{"not_picked":["Clash+1"],"picked":"Twin Strike+1","floor":18},{"not_picked":["Thunderclap+1","Armaments+1"],"picked":"SKIP","floor":19},{"not_picked":["Thunderclap+1"],"picked":"Double Tap","floor":21},{"not_picked":["Body Slam"],"picked":"Power Through","floor":22},{"not_picked":["Perfected Strike+1","Anger"],"picked":"SKIP","floor":24},{"not_picked":["Disarm"],"picked":"Pommel Strike","floor":27},{"not_picked":["Feel No Pain+1","Rupture+1"],"picked":"SKIP","floor":28},{"not_picked":["Armaments"],"picked":"Battle Trance","floor":31}],"player_experience":810084,"relics_obtained":[{"floor":7,"key":"Pear"},{"floor":9,"key":"Question Card"},{"floor":11,"key":"Pantograph"},{"floor":24,"key":"Shuriken"},{"floor":26,"key":"Lantern"}],"event_choices":[{"event_name":"FaceTrader","player_choice":"Trade","floor":4,"damage_taken":0},{"event_name":"Golden Wing","player_choice":"Gained Gold","floor":12,"damage_taken":0},{"event_name":"Ghosts","player_choice":"Ignored","floor":29,"damage_taken":0}],"is_beta":true,"boss_relics":[{"not_picked":["Black Star","Philosopher\u0027s Stone"],"picked":"Busted Crown"}],"items_purged_floors":[3],"is_endless":false,"potions_floor_spawned":[2,11,14,16,28],"killed_by":"Automaton","ascension_level":11}