{"gold_per_floor":[118,130,58,73,85,85,160,171,219,230,230,250,27,40,40,137,137,152,165,185,201,46,60,60,76,102,102,102,115,134,49,49,152,152,163,177,131,146,146,146,192,192,192,192,212,512,528,46,46,46],"floor_reached":51,"playtime":4504,"items_purged":["Strike_G","Strike_G"],"score":647,"play_id":"e2d2e07f-fabe-4114-927b-5ed9c2a2de0a","local_time":"20190714152751","is_ascension_mode":false,"campfire_choices":[{"data":"Footwork","floor":6,"key":"SMITH"},{"data":"Deadly Poison","floor":11,"key":"SMITH"},{"data":"A Thousand Cuts","floor":15,"key":"SMITH"},{"data":"Well Laid Plans","floor":24,"key":"SMITH"},{"data":"Leg Sweep","floor":28,"key":"SMITH"},{"data":"Leg Sweep","floor":32,"key":"SMITH"},{"data":"Backflip","floor":40,"key":"SMITH"},{"floor":42,"key":"REST"},{"data":"Catalyst","floor":49,"key":"SMITH"}],"neow_cost":"NONE","seed_source_timestamp":10627190685000,"circlet_count":0,"master_deck":["Strike_G","Defend_G","Defend_G","Defend_G","Defend_G","Defend_G","Survivor","Neutralize","Deadly Poison+1","Leg Sweep+1","Footwork+1","Catalyst+1","Dodge and Roll","Dash","A Thousand Cuts+1","Leg Sweep+1","Well Laid Plans+1","Venomology","Dodge and Roll+1","Catalyst+1","Deadly Poison+1","Caltrops","Neutralize","Malaise","Adrenaline","Dodge and Roll+1","Backstab","Backflip+1","Catalyst+1","Discovery"],"relics":["Ring of the Snake","Regal Pillow","Cursed Key","Omamori","Bronze Scales","Matryoshka","Eternal Feather","Unceasing Top","Pen Nib","Shuriken","Paper Crane"],"potions_floor_usage":[5,10,18,20,20,20,21,21,25,29,29,30,33,33,38,38,41,41,41,47,50,50,50,50,50],"damage_taken":[{"damage":2,"enemies":"2 Louse","floor":1,"turns":3},{"damage":0,"enemies":"Small Slimes","floor":2,"turns":4},{"damage":0,"enemies":"Cultist","floor":4,"turns":5},{"damage":0,"enemies":"Looter","floor":5,"turns":3},{"damage":0,"enemies":"Exordium Wildlife","floor":8,"turns":7},{"damage":0,"enemies":"2 Fungi Beasts","floor":10,"turns":4},{"damage":0,"enemies":"Large Slime","floor":12,"turns":8},{"damage":3,"enemies":"Exordium Wildlife","floor":14,"turns":6},{"damage":1,"enemies":"The Guardian","floor":16,"turns":11},{"damage":3,"enemies":"Spheric Guardian","floor":18,"turns":7},{"damage":0,"enemies":"Shell Parasite","floor":19,"turns":7},{"damage":10,"enemies":"Cultist and Chosen","floor":20,"turns":7},{"damage":9,"enemies":"Snake Plant","floor":21,"turns":6},{"damage":0,"enemies":"Sentry and Sphere","floor":23,"turns":10},{"damage":0,"enemies":"Cultist and Chosen","floor":25,"turns":7},{"damage":0,"enemies":"Snecko","floor":29,"turns":3},{"damage":0,"enemies":"Shelled Parasite and Fungi","floor":30,"turns":6},{"damage":29,"enemies":"Collector","floor":33,"turns":10},{"damage":1,"enemies":"Orb Walker","floor":35,"turns":5},{"damage":5,"enemies":"3 Shapes","floor":36,"turns":5},{"damage":44,"enemies":"Jaw Worm Horde","floor":38,"turns":7},{"damage":18,"enemies":"2 Orb Walkers","floor":41,"turns":6},{"damage":1,"enemies":"Spire Growth","floor":45,"turns":4},{"damage":26,"enemies":"Sphere and 2 Shapes","floor":47,"turns":5},{"damage":31,"enemies":"Awakened One","floor":50,"turns":15}],"seed_played":"-820942813903866379","potions_obtained":[{"floor":1,"key":"LiquidBronze"},{"floor":5,"key":"LiquidBronze"},{"floor":16,"key":"GamblersBrew"},{"floor":18,"key":"Explosive Potion"},{"floor":25,"key":"PowerPotion"},{"floor":30,"key":"AttackPotion"},{"floor":33,"key":"Ancient Potion"},{"floor":38,"key":"Explosive Potion"},{"floor":47,"key":"Weak Potion"}],"is_trial":false,"path_per_floor":["M","M","$","M","M","R","?","M","T","M","R","M","$","M","R","B",null,"M","M","M","M","$","M","R","M","T","?","R","M","M","?","R","B",null,"M","M","$","M","?","R","?","R","T","?","M","?","M","$","R","B",null],"character_chosen":"THE_SILENT","items_purchased":["Footwork","A Thousand Cuts","Leg Sweep","Omamori","Backflip","Paper Crane","Discovery","SkillPotion"],"campfire_rested":1,"item_purchase_floors":[3,13,13,22,37,48,48,48],"current_hp_per_floor":[68,68,68,68,68,68,57,57,57,57,57,57,57,54,54,53,70,67,67,57,70,70,70,70,70,70,70,70,70,70,70,70,41,70,69,64,64,34,34,52,34,66,66,66,65,65,51,51,66,35],"gold":46,"neow_bonus":"REMOVE_CARD","is_prod":false,"is_daily":false,"chose_seed":false,"campfire_upgraded":8,"win_rate":0,"timestamp":1563114471,"path_taken":["M","M","$","M","M","R","?","M","T","M","R","M","$","M","R","BOSS","M","M","M","M","$","M","R","M","T","?","R","M","?","?","R","BOSS","M","M","$","M","?","R","?","R","T","?","?","?","M","$","R","BOSS"],"build_version":"2019-07-05","purchased_purges":2,"victory":true,"max_hp_per_floor":[70,70,70,70,70,70,70,70,70,70,70,70,70,70,70,70,70,70,70,70,70,70,70,70,70,70,70,70,70,70,70,70,70,70,70,70,70,70,66,66,66,66,66,66,66,66,66,66,66,66],"card_choices":[{"not_picked":["Distraction","Underhanded Strike"],"picked":"Deadly Poison","floor":1},{"not_picked":["Riddle With Holes","Backflip"],"picked":"Leg Sweep","floor":2},{"not_picked":["Blade Dance","Deflect"],"picked":"Catalyst","floor":4},{"not_picked":["Riddle With Holes","Sucker Punch","Poisoned Stab"],"picked":"SKIP","floor":5},{"not_picked":["Poisoned Stab","Flying Knee"],"picked":"Dodge and Roll","floor":8},{"not_picked":["Flying Knee","Acrobatics","Blade Dance"],"picked":"SKIP","floor":10},{"not_picked":["Flechettes","Dagger Spray"],"picked":"Dash","floor":12},{"not_picked":["Acrobatics","Tactician"],"picked":"Well Laid Plans","floor":14},{"not_picked":["Glass Knife","Doppelganger"],"picked":"Venomology","floor":16},{"not_picked":["All Out Attack+1","Outmaneuver"],"picked":"Dodge and Roll+1","floor":18},{"not_picked":["Terror+1","Prepared+1"],"picked":"Catalyst+1","floor":19},{"not_picked":["Reflex","Outmaneuver","Flying Knee"],"picked":"SKIP","floor":20},{"not_picked":["Dagger Throw+1","Well Laid Plans"],"picked":"Deadly Poison+1","floor":21},{"not_picked":["Quick Slash","Dagger Throw"],"picked":"Caltrops","floor":23},{"not_picked":["Expertise+1","Dodge and Roll","Reflex"],"picked":"SKIP","floor":25},{"not_picked":["Reflex","All Out Attack","Dagger Spray"],"picked":"SKIP","floor":29},{"not_picked":["Bouncing Flask","Dagger Throw+1","Reflex"],"picked":"SKIP","floor":30},{"not_picked":["Envenom","Phantasmal Killer"],"picked":"Adrenaline","floor":33},{"not_picked":["Expertise+1","Choke"],"picked":"Dodge and Roll+1","floor":35},{"not_picked":["Deadly Poison+1","Quick Slash+1"],"picked":"Backstab","floor":36},{"not_picked":["Choke+1","Riddle With Holes"],"picked":"Catalyst+1","floor":38},{"not_picked":["Blade Dance","Slice","Finisher"],"picked":"SKIP","floor":45},{"not_picked":["Quick Slash+1","Prepared","Dagger Throw+1"],"picked":"SKIP","floor":47}],"player_experience":81044,"relics_obtained":[{"floor":9,"key":"Regal Pillow"},{"floor":26,"key":"Bronze Scales"},{"floor":41,"key":"Unceasing Top"},{"floor":43,"key":"Pen Nib"},{"floor":43,"key":"Shuriken"}],"event_choices":[{"damage_healed":0,"gold_gain":75,"player_choice":"Gather Gold","damage_taken":11,"max_hp_gain":0,"max_hp_loss":0,"event_name":"World of Goop","floor":7,"gold_loss":0},{"damage_healed":0,"gold_gain":0,"player_choice":"2 cards matched","damage_taken":0,"max_hp_gain":0,"max_hp_loss":0,"event_name":"Match and Keep!","floor":27,"gold_loss":0,"cards_obtained":["Neutralize","Malaise"]},{"damage_healed":0,"gold_gain":0,"player_choice":"2 cards matched","damage_taken":0,"max_hp_gain":0,"max_hp_loss":0,"event_name":"Match and Keep!","floor":27,"gold_loss":0,"cards_obtained":["Neutralize","Malaise"]},{"damage_healed":0,"gold_gain":0,"player_choice":"Obtained Relic","damage_taken":0,"relics_obtained":["Matryoshka"],"max_hp_gain":0,"max_hp_loss":0,"event_name":"Addict","floor":31,"gold_loss":85},{"damage_healed":0,"gold_gain":0,"player_choice":"Max HP","damage_taken":0,"max_hp_gain":0,"max_hp_loss":4,"event_name":"Winding Halls","floor":39,"gold_loss":0},{"damage_healed":0,"gold_gain":0,"player_choice":"Fight","damage_taken":0,"max_hp_gain":0,"max_hp_loss":0,"event_name":"Mysterious Sphere","floor":41,"gold_loss":0},{"cards_removed":["Strike_G"],"damage_healed":0,"gold_gain":0,"player_choice":"Removed Attack","damage_taken":0,"max_hp_gain":0,"max_hp_loss":0,"event_name":"Falling","floor":44,"gold_loss":0},{"damage_healed":0,"gold_gain":300,"player_choice":"Gold","damage_taken":0,"max_hp_gain":0,"max_hp_loss":0,"event_name":"Wheel of Change","floor":46,"gold_loss":0}],"is_beta":false,"boss_relics":[{"not_picked":["Black Star","Ring of the Serpent"],"picked":"Cursed Key"},{"not_picked":["Velvet Choker","Philosopher\u0027s Stone"],"picked":"Eternal Feather"}],"items_purged_floors":[13,48],"is_endless":false,"potions_floor_spawned":[1,5,16,18,19,25,30,33,38,47],"ascension_level":0}