{"gold_per_floor":[117,117,135,145,161,189,189,189,189,224,247,247,278,428,428,428],"floor_reached":16,"playtime":383,"items_purged":[],"score":228,"play_id":"84d54117-531f-46f6-b2d0-b1007aa04353","local_time":"20190908231608","is_ascension_mode":true,"campfire_choices":[{"data":"Perfected Strike","floor":7.0,"key":"SMITH"},{"data":"Pommel Strike","floor":12.0,"key":"SMITH"},{"data":"Intimidate","floor":15.0,"key":"SMITH"}],"neow_cost":"NONE","seed_source_timestamp":0,"circlet_count":0,"master_deck":["AscendersBane","Strike_R","Strike_R","Strike_R","Strike_R","Strike_R","Defend_R","Defend_R","Defend_R","Defend_R","Bash","Pommel Strike+1","Anger","Intimidate+1","Perfected Strike+1","Doubt"],"special_seed":0,"relics":["Burning Blood","NeowsBlessing","Singing Bowl","Golden Idol","Ice Cream","Turnip","Darkstone Periapt"],"potions_floor_usage":[16],"damage_taken":[{"damage":0.0,"enemies":"Jaw Worm","floor":1.0,"turns":1.0},{"damage":0.0,"enemies":"Cultist","floor":3.0,"turns":1.0},{"damage":0.0,"enemies":"Small Slimes","floor":4.0,"turns":1.0},{"damage":10.0,"enemies":"2 Fungi Beasts","floor":5.0,"turns":3.0},{"damage":34.0,"enemies":"Gremlin Nob","floor":6.0,"turns":4.0},{"damage":42.0,"enemies":"Lagavulin","floor":10.0,"turns":6.0},{"damage":6.0,"enemies":"Looter","floor":11.0,"turns":2.0},{"damage":8.0,"enemies":"Gremlin Nob","floor":13.0,"turns":3.0},{"damage":64,"enemies":"Slime Boss","floor":16,"turns":5}],"seed_played":"3412382291335172083","potions_obtained":[{"floor":2.0,"key":"SkillPotion"},{"floor":2.0,"key":"Strength Potion"},{"floor":5.0,"key":"Regen Potion"},{"floor":11.0,"key":"BloodPotion"},{"floor":13.0,"key":"Energy Potion"}],"is_trial":false,"path_per_floor":["M","?","M","M","M","E","R","?","T","E","M","R","E","?","R","B"],"character_chosen":"IRONCLAD","items_purchased":[],"campfire_rested":0,"item_purchase_floors":[],"current_hp_per_floor":[74,74,75,75,71,43,43,43,43,23,25,25,43,49,49,0],"gold":428,"neow_bonus":"THREE_ENEMY_KILL","is_prod":false,"is_daily":false,"chose_seed":false,"campfire_upgraded":3,"win_rate":0,"timestamp":1568009768,"path_taken":["M","?","?","M","M","E","R","?","T","E","M","R","E","?","R","BOSS"],"build_version":"2019-07-17","purchased_purges":0,"victory":false,"max_hp_per_floor":[75,75,75,75,75,75,75,68,68,70,72,72,74,80,80,80],"card_choices":[{"not_picked":["Rage","Body Slam"],"picked":"Pommel Strike","floor":1.0},{"not_picked":["Twin Strike","Sentinel"],"picked":"Anger","floor":3.0},{"not_picked":["Combust","Blood for Blood","Hemokinesis"],"picked":"SKIP","floor":4.0},{"not_picked":["Fire Breathing","Rage"],"picked":"Intimidate","floor":5.0},{"not_picked":["Uppercut","True Grit"],"picked":"Perfected Strike","floor":6.0},{"not_picked":["Blood for Blood","Rupture","Clash"],"picked":"Singing Bowl","floor":10.0},{"not_picked":["Flex","Thunderclap","Heavy Blade"],"picked":"Singing Bowl","floor":11.0},{"not_picked":["Flex","Headbutt","Rampage"],"picked":"Singing Bowl","floor":13.0}],"player_experience":1395596,"relics_obtained":[{"floor":6.0,"key":"Singing Bowl"},{"floor":9.0,"key":"Ice Cream"},{"floor":10.0,"key":"Turnip"},{"floor":13.0,"key":"Darkstone Periapt"}],"event_choices":[{"damage_healed":0.0,"max_hp_gain":0.0,"max_hp_loss":0.0,"gold_gain":0.0,"event_name":"Lab","player_choice":"Got Potions","floor":2.0,"gold_loss":0.0,"damage_taken":0.0},{"damage_healed":0.0,"max_hp_gain":0.0,"max_hp_loss":7.0,"gold_gain":0.0,"event_name":"Golden Idol","player_choice":"Lose Max HP","floor":8.0,"gold_loss":0.0,"damage_taken":0.0,"relics_obtained":["Golden Idol"]},{"damage_healed":0.0,"max_hp_gain":0.0,"max_hp_loss":0.0,"gold_gain":150.0,"event_name":"Liars Game","player_choice":"AGREE","floor":14.0,"gold_loss":0.0,"damage_taken":0.0,"cards_obtained":["Doubt"]}],"is_beta":false,"boss_relics":[],"items_purged_floors":[],"is_endless":false,"potions_floor_spawned":[3,5,6,11,13],"killed_by":"Slime Boss","ascension_level":18}