{"gold_per_floor":[13,26,42,42,54,81,81,112,137,169,3,31,31,31,31,102,102,119,169,109,109,122,122,137,137,137,155,180,8,25,56,56,130,130,144,44,61,61,61,90,90,90,90,110,110,143,191,206,206,206],"floor_reached":51,"playtime":4277,"items_purged":["Strike_G","Strike_G","Strike_G"],"score":1442,"play_id":"5e001e57-3219-40f5-9741-e4ae38d2c30c","local_time":"20181014195053","is_ascension_mode":true,"campfire_choices":[{"data":"Glass Knife","floor":7.0,"key":"SMITH"},{"floor":15.0,"key":"REST"},{"data":"Tools of the Trade","floor":23.0,"key":"SMITH"},{"floor":25.0,"key":"REST"},{"floor":32.0,"key":"REST"},{"floor":41,"key":"REST"},{"floor":49,"key":"REST"}],"neow_cost":"NO_GOLD","seed_source_timestamp":155068104079997,"circlet_count":0,"master_deck":["Defend_G","Defend_G","Defend_G","Defend_G","Defend_G","Strike_G","Survivor","Neutralize","AscendersBane","Glass Knife+1","Backflip","Envenom","PiercingWail","Tools of the Trade+1","Underhanded Strike","Underhanded Strike","Dagger Spray","Apotheosis","Blade Dance","Blade Dance+1","Reflex+1","Bane+1","Deadly Poison+1","Leg Sweep+1"],"special_seed":0,"relics":["Ring of the Snake","The Courier","Bag of Preparation","Bag of Marbles","Happy Flower","Oddly Smooth Stone","Busted Crown","Ninja Scroll","Letter Opener","Toxic Egg 2","Runic Pyramid","Boot","Matryoshka","Prayer Wheel","Paper Crane","Pocketwatch"],"potions_floor_usage":[33,40,42,50,50],"damage_taken":[{"damage":0.0,"enemies":"Cultist","floor":1.0,"turns":3.0},{"damage":4.0,"enemies":"Jaw Worm","floor":2.0,"turns":3.0},{"damage":1.0,"enemies":"2 Louse","floor":3.0,"turns":2.0},{"damage":1.0,"enemies":"Blue Slaver","floor":5.0,"turns":5.0},{"damage":15.0,"enemies":"Lagavulin","floor":6.0,"turns":7.0},{"damage":10.0,"enemies":"3 Sentries","floor":8.0,"turns":7.0},{"damage":5.0,"enemies":"Lagavulin","floor":10.0,"turns":5.0},{"damage":19.0,"enemies":"Gremlin Nob","floor":12.0,"turns":4.0},{"damage":12.0,"enemies":"Slime Boss","floor":16.0,"turns":7.0},{"damage":0.0,"enemies":"Shell Parasite","floor":18.0,"turns":4.0},{"damage":2.0,"enemies":"Spheric Guardian","floor":22.0,"turns":3.0},{"damage":16.0,"enemies":"Shelled Parasite and Fungi","floor":24.0,"turns":4.0},{"damage":14.0,"enemies":"Centurion and Healer","floor":27.0,"turns":4.0},{"damage":25.0,"enemies":"Book of Stabbing","floor":28.0,"turns":6.0},{"damage":1.0,"enemies":"Snecko","floor":30.0,"turns":3.0},{"damage":0.0,"enemies":"Gremlin Leader","floor":31.0,"turns":5.0},{"damage":31,"enemies":"Collector","floor":33,"turns":8},{"damage":4,"enemies":"Orb Walker","floor":35,"turns":3},{"damage":3,"enemies":"3 Darklings","floor":37,"turns":4},{"damage":5,"enemies":"2 Orb Walkers","floor":40,"turns":4},{"damage":1,"enemies":"Giant Head","floor":42,"turns":6},{"damage":2,"enemies":"4 Shapes","floor":44,"turns":6},{"damage":0,"enemies":"Mind Bloom Boss Battle","floor":45,"turns":7},{"damage":0,"enemies":"Nemesis","floor":46,"turns":5},{"damage":17,"enemies":"Mysterious Sphere","floor":47,"turns":4},{"damage":0,"enemies":"Sphere and 2 Shapes","floor":48,"turns":5},{"damage":37,"enemies":"Time Eater","floor":50,"turns":12}],"seed_played":"5048838064424006634","potions_obtained":[{"floor":5.0,"key":"Fire Potion"},{"floor":6.0,"key":"EssenceOfSteel"},{"floor":8.0,"key":"SpeedPotion"},{"floor":12.0,"key":"EssenceOfSteel"},{"floor":16.0,"key":"GhostInAJar"},{"floor":22.0,"key":"Regen Potion"},{"floor":30.0,"key":"SmokeBomb"},{"floor":33,"key":"Poison Potion"},{"floor":37,"key":"SteroidPotion"},{"floor":40,"key":"Regen Potion"},{"floor":48,"key":"FearPotion"}],"is_trial":false,"path_per_floor":["M","M","M","?","M","E","R","E","T","E","$","E","$","?","R","B",null,"M","?","$","?","M","R","M","R","T","M","E","$","M","E","R","B",null,"M","$","M","?","$","E","R","E","T","M","?","E","?","M","R","B"],"character_chosen":"THE_SILENT","items_purchased":["Apotheosis","PowerPotion","Dexterity Potion"],"campfire_rested":5,"item_purchase_floors":[11,29,29],"current_hp_per_floor":[59,55,54,54,53,38,38,28,28,23,23,4,4,4,23,11,52,52,52,52,52,50,50,43,62,62,48,23,23,22,22,41,10,52,48,48,45,45,45,40,58,57,57,55,55,55,38,38,56,34],"gold":206,"neow_bonus":"THREE_RARE_CARDS","is_prod":false,"is_daily":false,"chose_seed":false,"campfire_upgraded":2,"win_rate":0,"timestamp":1539571853,"path_taken":["M","?","M","?","M","E","R","E","T","E","$","E","$","?","R","BOSS","M","?","$","?","?","R","M","R","T","?","E","$","M","E","R","BOSS","M","$","M","?","$","E","R","E","T","M","?","E","?","?","R","BOSS"],"build_version":"2018-10-11","purchased_purges":3,"victory":true,"max_hp_per_floor":[66,66,66,66,66,66,66,66,66,66,66,66,66,66,66,66,66,66,66,66,66,66,66,66,66,66,66,66,66,66,66,66,66,66,66,66,66,63,63,63,63,63,63,63,63,63,63,63,63,63],"card_choices":[{"not_picked":["Malaise","Envenom"],"picked":"Glass Knife","floor":0.0},{"not_picked":["Dodge and Roll","Cloak And Dagger"],"picked":"Backflip","floor":1.0},{"not_picked":["Quick Slash","Deflect"],"picked":"Envenom","floor":2.0},{"not_picked":["Blur","Expertise"],"picked":"PiercingWail","floor":3.0},{"not_picked":["Poisoned Stab","Accuracy"],"picked":"Underhanded Strike","floor":5.0},{"not_picked":["Expertise","Cloak And Dagger"],"picked":"Underhanded Strike","floor":6.0},{"not_picked":["PiercingWail","Dodge and Roll"],"picked":"Dagger Spray","floor":8.0},{"not_picked":["All Out Attack","Envenom","Dagger Spray"],"picked":"SKIP","floor":10.0},{"not_picked":["Slice","PiercingWail"],"picked":"Blade Dance","floor":12.0},{"not_picked":[],"picked":"Blade Dance+1","floor":18.0},{"not_picked":["Deflect"],"picked":"SKIP","floor":22.0},{"not_picked":["Outmaneuver"],"picked":"SKIP","floor":24.0},{"not_picked":["Blade Dance"],"picked":"SKIP","floor":27.0},{"not_picked":["Dodge and Roll"],"picked":"SKIP","floor":28.0},{"not_picked":["Deadly Poison"],"picked":"SKIP","floor":30.0},{"not_picked":["Deadly Poison"],"picked":"SKIP","floor":30.0},{"not_picked":["Crippling Poison"],"picked":"SKIP","floor":31.0},{"not_picked":["Blade Dance+1"],"picked":"SKIP","floor":35},{"not_picked":["Dagger Spray"],"picked":"SKIP","floor":37},{"not_picked":["Dagger Spray"],"picked":"SKIP","floor":37},{"not_picked":["Sucker Punch"],"picked":"SKIP","floor":40},{"not_picked":[],"picked":"Reflex+1","floor":44},{"not_picked":[],"picked":"Bane+1","floor":45},{"not_picked":["Tactician+1"],"picked":"SKIP","floor":46},{"not_picked":[],"picked":"Deadly Poison+1","floor":47},{"not_picked":[],"picked":"Leg Sweep+1","floor":48},{"not_picked":["Backstab+1"],"picked":"SKIP","floor":48}],"player_experience":531909,"relics_obtained":[{"floor":6.0,"key":"The Courier"},{"floor":8.0,"key":"Bag of Preparation"},{"floor":9.0,"key":"Bag of Marbles"},{"floor":10.0,"key":"Happy Flower"},{"floor":12.0,"key":"Oddly Smooth Stone"},{"floor":26.0,"key":"Ninja Scroll"},{"floor":28.0,"key":"Letter Opener"},{"floor":31.0,"key":"Toxic Egg 2"},{"floor":40,"key":"Boot"},{"floor":43,"key":"Matryoshka"},{"floor":45,"key":"Prayer Wheel"},{"floor":46,"key":"Paper Crane"},{"floor":47,"key":"Pocketwatch"}],"event_choices":[{"event_name":"Transmorgrifier","player_choice":"Transform","floor":4.0,"damage_taken":0.0},{"event_name":"The Cleric","player_choice":"Leave","floor":14.0,"damage_taken":0.0},{"event_name":"Nest","player_choice":"Stole From Cult","floor":19.0,"damage_taken":0.0},{"event_name":"The Mausoleum","player_choice":"No","floor":21.0,"damage_taken":0.0},{"event_name":"Winding Halls","player_choice":"Max HP","floor":38,"damage_taken":0},{"event_name":"MindBloom","player_choice":"Fight","floor":45,"damage_taken":0},{"event_name":"Mysterious Sphere","player_choice":"Fight","floor":47,"damage_taken":0}],"is_beta":true,"boss_relics":[{"not_picked":["WristBlade","Ring of the Serpent"],"picked":"Busted Crown"},{"not_picked":["Velvet Choker","Fusion Hammer"],"picked":"Runic Pyramid"}],"items_purged_floors":[20,29,36],"is_endless":false,"potions_floor_spawned":[5,6,8,12,16,22,30,31,33,37,40,48],"ascension_level":16}