{"gold_per_floor":[118,118,136,136,136,136,156,166,166,194,194,43,57,90,90,166,166,185,28,42,61,72,72,72,13,13,28,28,61,61,80,80,153,153,167,167,167,167,187,187,206,234,234,234,234,245,255,54,54,54],"floor_reached":51,"playtime":2256,"items_purged":["Strike_G","Strike_G"],"score":1265,"play_id":"7a6025ce-7889-4d24-8ab1-d8a87b58da46","local_time":"20190926105946","is_ascension_mode":true,"campfire_choices":[{"data":"Neutralize","floor":6.0,"key":"SMITH"},{"data":"Quick Slash","floor":11.0,"key":"SMITH"},{"data":"Noxious Fumes","floor":15.0,"key":"SMITH"},{"data":"Cloak And Dagger","floor":23.0,"key":"SMITH"},{"floor":24.0,"key":"REST"},{"floor":30,"key":"REST"},{"floor":32,"key":"REST"},{"data":"Sucker Punch","floor":40,"key":"SMITH"},{"data":"Dodge and Roll","floor":45,"key":"SMITH"},{"floor":49,"key":"REST"}],"neow_cost":"NONE","seed_source_timestamp":268668583832573,"circlet_count":0,"master_deck":["AscendersBane","Strike_G","Strike_G+1","Defend_G+1","Defend_G","Defend_G","Defend_G","Defend_G","Survivor+1","Neutralize+1","Sucker Punch+1","Quick Slash+1","Die Die Die","Backflip+1","Noxious Fumes+1","Dodge and Roll+1","Glass Knife","Dagger Throw","Dagger Throw","Cloak And Dagger+1","Infinite Blades+1","Acrobatics","Blade Dance+1","Cloak And Dagger+1","Dagger Throw","Dodge and Roll+1","Underhanded Strike+1","Calculated Gamble+1","Trip"],"special_seed":0,"relics":["Ring of the Snake","NeowsBlessing","Kunai","Ornamental Fan","WingedGreaves","Dodecahedron","HoveringKite","War Paint","Matryoshka","Bottled Lightning","Sozu","Blue Candle","Meat on the Bone","Molten Egg 2","Sundial","Eternal Feather"],"potions_floor_usage":[29,33,39],"damage_taken":[{"damage":0.0,"enemies":"Small Slimes","floor":1.0,"turns":1.0},{"damage":0.0,"enemies":"2 Louse","floor":3.0,"turns":1.0},{"damage":0.0,"enemies":"Jaw Worm","floor":7.0,"turns":1.0},{"damage":11.0,"enemies":"Exordium Thugs","floor":8.0,"turns":5.0},{"damage":11.0,"enemies":"Lagavulin","floor":10.0,"turns":8.0},{"damage":0.0,"enemies":"Lots of Slimes","floor":13.0,"turns":1.0},{"damage":12.0,"enemies":"3 Sentries","floor":14.0,"turns":8.0},{"damage":16.0,"enemies":"The Guardian","floor":16.0,"turns":11.0},{"damage":12.0,"enemies":"3 Byrds","floor":18.0,"turns":5.0},{"damage":6.0,"enemies":"Spheric Guardian","floor":20.0,"turns":4.0},{"damage":6.0,"enemies":"Cultist and Chosen","floor":21.0,"turns":6.0},{"damage":0.0,"enemies":"Centurion and Healer","floor":22.0,"turns":8.0},{"damage":12.0,"enemies":"Snecko","floor":27.0,"turns":7.0},{"damage":29,"enemies":"Slavers","floor":29,"turns":9},{"damage":3,"enemies":"3 Cultists","floor":31,"turns":5},{"damage":15,"enemies":"Automaton","floor":33,"turns":17},{"damage":0,"enemies":"3 Shapes","floor":35,"turns":5},{"damage":0,"enemies":"3 Darklings","floor":39,"turns":14},{"damage":26,"enemies":"Jaw Worm Horde","floor":41,"turns":7},{"damage":2,"enemies":"Giant Head","floor":42,"turns":11},{"damage":13,"enemies":"4 Shapes","floor":46,"turns":6},{"damage":10,"enemies":"Spire Growth","floor":47,"turns":6},{"damage":48,"enemies":"Donu and Deca","floor":50,"turns":14}],"seed_played":"193156659648186047","potions_obtained":[{"floor":1.0,"key":"Weak Potion"},{"floor":14.0,"key":"Energy Potion"},{"floor":16.0,"key":"SpeedPotion"},{"floor":22.0,"key":"DuplicationPotion"},{"floor":29,"key":"Swift Potion"},{"floor":31,"key":"Swift Potion"}],"is_trial":false,"path_per_floor":["M","?","M","?","T","R","M","M","T","E","R","$","M","E","R","B",null,"M","$","M","M","M","R","R","$","T","M","?","E","R","M","R","B",null,"M","?","?","T","M","R","M","E","T","?","R","M","M","$","R","B",null],"character_chosen":"THE_SILENT","items_purchased":["Noxious Fumes","War Paint","Acrobatics","Trip"],"campfire_rested":4,"item_purchase_floors":[12,19,25,48],"current_hp_per_floor":[59,39,39,61,61,61,61,50,50,39,39,39,39,27,27,11,52,40,40,34,28,28,28,47,47,47,35,35,6,25,22,41,26,56,56,56,56,56,56,56,42,40,40,40,55,42,32,32,63,27],"gold":54,"neow_bonus":"THREE_ENEMY_KILL","is_prod":false,"is_daily":false,"chose_seed":false,"campfire_upgraded":6,"win_rate":0,"timestamp":1569520786,"path_taken":["M","?","M","?","?","R","?","M","T","E","R","$","M","E","R","BOSS","M","?","M","?","M","R","R","$","T","M","?","E","R","M","R","BOSS","M","?","?","?","M","R","M","E","T","?","R","M","M","$","R","BOSS"],"build_version":"2019-09-25","purchased_purges":2,"victory":true,"max_hp_per_floor":[66,66,66,66,66,66,66,66,66,66,66,66,66,66,66,66,66,66,66,66,66,66,66,66,66,66,66,66,66,66,66,66,66,66,66,63,63,63,63,63,63,63,63,63,63,63,63,63,63,63],"card_choices":[{"not_picked":["Distraction","Choke"],"picked":"Sucker Punch","floor":1.0},{"not_picked":["Flying Knee","Acrobatics"],"picked":"Quick Slash","floor":3.0},{"not_picked":["Calculated Gamble","Acrobatics"],"picked":"Die Die Die","floor":7.0},{"not_picked":["Prepared","Crippling Poison"],"picked":"Backflip","floor":8.0},{"not_picked":["PiercingWail","Bane","Outmaneuver"],"picked":"SKIP","floor":10.0},{"not_picked":["Prepared","Endless Agony"],"picked":"Dodge and Roll","floor":13.0},{"not_picked":["Finisher","Acrobatics","PiercingWail"],"picked":"SKIP","floor":14.0},{"not_picked":["Venomology","Malaise"],"picked":"Glass Knife","floor":16.0},{"not_picked":["Tactician","Dodge and Roll"],"picked":"Dagger Throw","floor":18.0},{"not_picked":["Bouncing Flask","Poisoned Stab"],"picked":"Dagger Throw","floor":20.0},{"not_picked":["Blur","Prepared"],"picked":"Cloak And Dagger","floor":21.0},{"not_picked":["Noxious Fumes","Slice"],"picked":"Infinite Blades+1","floor":22.0},{"not_picked":["Deflect","Dagger Spray"],"picked":"Blade Dance+1","floor":27.0},{"not_picked":["Reflex","Outmaneuver"],"picked":"Cloak And Dagger+1","floor":29},{"not_picked":["Bane","Choke+1","Dagger Throw"],"picked":"SKIP","floor":31},{"not_picked":["Tactician","Sucker Punch","Acrobatics"],"picked":"SKIP","floor":35},{"not_picked":["Eviscerate","Bouncing Flask","Setup+1"],"picked":"SKIP","floor":39},{"not_picked":["Footwork","Sucker Punch"],"picked":"Dagger Throw","floor":41},{"not_picked":["Blade Dance","Dagger Spray"],"picked":"Dodge and Roll+1","floor":42},{"not_picked":["Flying Knee+1","Deadly Poison"],"picked":"Underhanded Strike+1","floor":46},{"not_picked":["Slice+1","PiercingWail"],"picked":"Calculated Gamble+1","floor":47}],"player_experience":681019,"relics_obtained":[{"floor":5.0,"key":"Kunai"},{"floor":9.0,"key":"Ornamental Fan"},{"floor":10.0,"key":"WingedGreaves"},{"floor":14.0,"key":"Dodecahedron"},{"floor":26.0,"key":"Matryoshka"},{"floor":29,"key":"Bottled Lightning"},{"floor":38,"key":"Blue Candle"},{"floor":38,"key":"Meat on the Bone"},{"floor":42,"key":"Molten Egg 2"},{"floor":43,"key":"Sundial"},{"floor":43,"key":"Eternal Feather"}],"event_choices":[{"damage_healed":0.0,"max_hp_gain":0.0,"max_hp_loss":0.0,"gold_gain":0.0,"event_name":"Shining Light","player_choice":"Entered Light","floor":2.0,"gold_loss":0.0,"damage_taken":20.0,"cards_upgraded":["Survivor","Strike_G"]},{"damage_healed":22.0,"max_hp_gain":0.0,"max_hp_loss":0.0,"gold_gain":0.0,"event_name":"Big Fish","player_choice":"Banana","floor":4.0,"gold_loss":0.0,"damage_taken":0.0},{"damage_healed":0.0,"max_hp_gain":0.0,"max_hp_loss":0.0,"gold_gain":0.0,"event_name":"Cursed Tome","player_choice":"Ignored","floor":28.0,"gold_loss":0.0,"damage_taken":0.0},{"damage_healed":0,"gold_gain":0,"player_choice":"Max HP","damage_taken":0,"max_hp_gain":0,"max_hp_loss":3,"event_name":"Winding Halls","floor":36,"gold_loss":0},{"damage_healed":0,"gold_gain":0,"player_choice":"Ignored","damage_taken":0,"max_hp_gain":0,"max_hp_loss":0,"event_name":"Tomb of Lord Red Mask","floor":37,"gold_loss":0},{"cards_removed":["Strike_G"],"damage_healed":0,"gold_gain":0,"player_choice":"Offered Basic","damage_taken":0,"max_hp_gain":0,"max_hp_loss":0,"event_name":"Bonfire Elementals","floor":44,"gold_loss":0}],"is_beta":true,"boss_relics":[{"not_picked":["Tiny House","Fusion Hammer"],"picked":"HoveringKite"},{"not_picked":["Cursed Key","Black Star"],"picked":"Sozu"}],"items_purged_floors":[12,48],"is_endless":false,"potions_floor_spawned":[1,14,16,22,29,31,42,47],"ascension_level":17}