{"gold_per_floor":[117,128,140,151,166,166,193,210,210,210,59,85,85,100,100,205,205,225,225,50,65,80,80,109,121,146,166,166,183,208,231,243,255],"floor_reached":33,"playtime":1734,"items_purged":["Pain","Strike_B"],"score":464,"play_id":"02adadee-8bbd-493b-b9f4-64db73ac011b","local_time":"20181122181936","is_ascension_mode":true,"campfire_choices":[{"data":"Buffer","floor":6,"key":"SMITH"},{"data":"Consume","floor":13,"key":"SMITH"},{"data":"Chaos","floor":15,"key":"SMITH"},{"data":"Sunder","floor":23,"key":"SMITH"},{"floor":32,"key":"REST"}],"neow_cost":"NONE","seed_source_timestamp":24192250720603,"circlet_count":0,"master_deck":["Strike_B","Strike_B","Strike_B","Defend_B","Defend_B","Defend_B","Defend_B","Zap","Dualcast","Ball Lightning","Hello World","Leap","Buffer+1","Consume+1","Streamline","Defragment","Chaos+1","Thunder Strike","Sunder+1","Self Repair","Hologram","Darkness","Machine Learning"],"relics":["Velvet Choker","Thread and Needle","Mummified Hand","WarpedTongs","Strawberry","Black Star","Singing Bowl","Darkstone Periapt","Matryoshka","DataDisk","Ancient Tea Set","Anchor","MawBank"],"potions_floor_usage":[18,24,29,31,33,33],"damage_taken":[{"damage":7,"enemies":"Jaw Worm","floor":1,"turns":3},{"damage":1,"enemies":"Cultist","floor":2,"turns":3},{"damage":0,"enemies":"2 Louse","floor":3,"turns":2},{"damage":1,"enemies":"2 Fungi Beasts","floor":4,"turns":3},{"damage":7,"enemies":"3 Louse","floor":5,"turns":3},{"damage":1,"enemies":"Gremlin Nob","floor":7,"turns":5},{"damage":4,"enemies":"Exordium Thugs","floor":8,"turns":5},{"damage":1,"enemies":"3 Sentries","floor":12,"turns":5},{"damage":0,"enemies":"Looter","floor":14,"turns":3},{"damage":21,"enemies":"Hexaghost","floor":16,"turns":9},{"damage":14,"enemies":"3 Byrds","floor":18,"turns":5},{"damage":0,"enemies":"Spheric Guardian","floor":21,"turns":4},{"damage":6,"enemies":"Cultist and Chosen","floor":22,"turns":6},{"damage":6,"enemies":"Gremlin Leader","floor":24,"turns":6},{"damage":8,"enemies":"Snake Plant","floor":25,"turns":4},{"damage":23,"enemies":"Shelled Parasite and Fungi","floor":27,"turns":5},{"damage":11,"enemies":"Snecko","floor":29,"turns":4},{"damage":22,"enemies":"Book of Stabbing","floor":30,"turns":4},{"damage":39,"enemies":"3 Cultists","floor":31,"turns":6},{"damage":63,"enemies":"Automaton","floor":33,"turns":8}],"seed_played":"4215846083682980488","potions_obtained":[{"floor":2,"key":"GamblersBrew"},{"floor":5,"key":"Poison Potion"},{"floor":7,"key":"Explosive Potion"},{"floor":16,"key":"Energy Potion"},{"floor":21,"key":"FocusPotion"},{"floor":27,"key":"Regen Potion"},{"floor":29,"key":"Weak Potion"},{"floor":31,"key":"Energy Potion"}],"is_trial":false,"path_per_floor":["M","M","M","M","M","R","E","M","T","?","$","E","R","M","R","B",null,"M","T","$","M","M","R","E","M","T","M","?","M","E","M","R","B"],"character_chosen":"DEFECT","items_purchased":["Defragment","Self Repair"],"campfire_rested":1,"item_purchase_floors":[11,20],"current_hp_per_floor":[61,60,60,59,52,52,51,47,47,47,47,53,53,53,53,32,70,56,56,56,68,71,71,75,76,76,60,60,61,46,16,43,0],"gold":255,"neow_bonus":"BOSS_RELIC","is_prod":false,"is_daily":false,"chose_seed":false,"campfire_upgraded":4,"win_rate":0,"timestamp":1542928776,"path_taken":["M","M","M","M","M","R","E","M","T","?","$","E","R","M","R","BOSS","M","?","?","?","M","R","E","M","T","M","?","M","E","M","R","BOSS"],"build_version":"2018-11-15","purchased_purges":2,"victory":false,"max_hp_per_floor":[75,75,75,75,75,75,75,75,75,75,75,82,82,82,82,82,82,82,82,82,84,86,86,86,88,88,88,88,90,90,92,92,92],"card_choices":[{"not_picked":["Sweeping Beam","Gash"],"picked":"Ball Lightning","floor":1},{"not_picked":["Storm","Compile Driver","Gash"],"picked":"SKIP","floor":2},{"not_picked":["Blizzard","Turbo"],"picked":"Hello World","floor":3},{"not_picked":["Coolheaded","Barrage"],"picked":"Leap","floor":4},{"not_picked":["Sweeping Beam","Steam Power"],"picked":"Buffer","floor":5},{"not_picked":["Stack","Ball Lightning"],"picked":"Consume","floor":7},{"not_picked":["Cold Snap","Steam"],"picked":"Streamline","floor":8},{"not_picked":["Gash","Compile Driver","BootSequence"],"picked":"SKIP","floor":12},{"not_picked":["Hologram","Ball Lightning"],"picked":"Chaos","floor":14},{"not_picked":["Seek","Buffer"],"picked":"Thunder Strike","floor":16},{"not_picked":["FTL","White Noise"],"picked":"Sunder","floor":18},{"not_picked":["Sweeping Beam","Rip and Tear","Sunder"],"picked":"Singing Bowl","floor":21},{"not_picked":["Gash","Leap","Beam Cell+1"],"picked":"Singing Bowl","floor":22},{"not_picked":["Streamline","Turbo+1"],"picked":"Hologram","floor":24},{"not_picked":["Chill","Compile Driver","Lockon+1"],"picked":"Singing Bowl","floor":25},{"not_picked":["Cold Snap","Coolheaded"],"picked":"Darkness","floor":27},{"not_picked":["Steam","Aggregate","Double Energy"],"picked":"Singing Bowl","floor":29},{"not_picked":["Beam Cell","Streamline"],"picked":"Machine Learning","floor":30},{"not_picked":["Go for the Eyes","Turbo","Barrage+1"],"picked":"Singing Bowl","floor":31}],"player_experience":886685,"relics_obtained":[{"floor":7,"key":"Thread and Needle"},{"floor":9,"key":"Mummified Hand"},{"floor":12,"key":"Strawberry"},{"floor":19,"key":"Singing Bowl"},{"floor":24,"key":"Darkstone Periapt"},{"floor":24,"key":"Matryoshka"},{"floor":26,"key":"DataDisk"},{"floor":26,"key":"Ancient Tea Set"},{"floor":30,"key":"Anchor"},{"floor":30,"key":"MawBank"}],"event_choices":[{"damage_healed":0,"gold_gain":0,"player_choice":"Rummage","damage_taken":0,"relics_obtained":["WarpedTongs"],"max_hp_gain":0,"max_hp_loss":0,"event_name":"Accursed Blacksmith","floor":10,"gold_loss":0,"cards_obtained":["Pain"]},{"damage_healed":0,"gold_gain":0,"player_choice":"Ignored","damage_taken":0,"max_hp_gain":0,"max_hp_loss":0,"event_name":"Ghosts","floor":28,"gold_loss":0}],"is_beta":true,"boss_relics":[{"not_picked":["Busted Crown","Fusion Hammer"],"picked":"Black Star"}],"items_purged_floors":[11,20],"is_endless":false,"potions_floor_spawned":[2,5,7,8,16,21,27,29,31],"killed_by":"Automaton","ascension_level":9}