{"gold_per_floor":[113,15,15,15,75,75,101,6,6,17,43,60,60,80,80,182,182,197,247,397,414,477,477,506,506,582,614,47,113,163,194,194,298,298,312,67,67,217,294,326,376,376,431,447,447,472,502,537,537,537],"floor_reached":51,"playtime":3305,"items_purged":["Defend_P","Eruption","Defend_P"],"score":967,"play_id":"c0bbc103-1952-494d-bc3e-fc2ab4d34e92","local_time":"20190913171755","is_ascension_mode":true,"campfire_choices":[{"data":"ThirdEye","floor":6.0,"key":"SMITH"},{"data":"CutThroughFate","floor":13.0,"key":"SMITH"},{"data":"JustLucky","floor":15.0,"key":"SMITH"},{"data":"Evaluate","floor":23.0,"key":"SMITH"},{"data":"Omniscience","floor":25.0,"key":"SMITH"},{"data":"Apotheosis","floor":32.0,"key":"SMITH"},{"data":"Alpha","floor":42,"key":"SMITH"},{"floor":45,"key":"REST"},{"floor":49,"key":"REST"}],"neow_cost":"NONE","seed_source_timestamp":4392434082500,"circlet_count":0,"master_deck":["Defend_P+1","Defend_P","Vigilance+1","DevaForm","Weave","ThirdEye+1","JustLucky+1","CutThroughFate+1","CleanseEvil+1","EmptyFist","Weave","MentalFortress","Omniscience+1","Bite","Bite","Bite","Bite","Bite","FollowUp","Evaluate+1","ForeignInfluence+1","DeusExMachina","CutThroughFate","Apotheosis+1","Ragnarok","CurseOfTheBell","EmptyMind","Meditate+1","Alpha+1","WreathOfFlame+1"],"special_seed":0,"relics":["HolyWater","SsserpentHead","Pen Nib","Dream Catcher","Dodecahedron","Shuriken","Singing Bowl","Strawberry","ClockworkSouvenir","Frozen Egg 2","War Paint","Calling Bell","Pear","Ancient Tea Set","Mango","Tiny Chest","Prayer Wheel","WingedGreaves","Orichalcum","MealTicket","Thread and Needle","Toy Ornithopter","Pocketwatch"],"potions_floor_usage":[40,48,48,50],"damage_taken":[{"damage":0.0,"enemies":"Jaw Worm","floor":1.0,"turns":5.0},{"damage":0.0,"enemies":"Small Slimes","floor":5.0,"turns":3.0},{"damage":2.0,"enemies":"Gremlin Nob","floor":7.0,"turns":5.0},{"damage":0.0,"enemies":"Cultist","floor":10.0,"turns":2.0},{"damage":11.0,"enemies":"3 Sentries","floor":11.0,"turns":6.0},{"damage":0.0,"enemies":"Red Slaver","floor":12.0,"turns":1.0},{"damage":0.0,"enemies":"Looter","floor":14.0,"turns":2.0},{"damage":21.0,"enemies":"Hexaghost","floor":16.0,"turns":8.0},{"damage":19.0,"enemies":"Shell Parasite","floor":18.0,"turns":4.0},{"damage":12.0,"enemies":"2 Thieves","floor":21.0,"turns":5.0},{"damage":13.0,"enemies":"Shelled Parasite and Fungi","floor":22.0,"turns":7.0},{"damage":19.0,"enemies":"Slavers","floor":24.0,"turns":8.0},{"damage":16.0,"enemies":"Book of Stabbing","floor":27.0,"turns":5.0},{"damage":5.0,"enemies":"3 Cultists","floor":29.0,"turns":5.0},{"damage":0.0,"enemies":"Gremlin Leader","floor":31.0,"turns":6.0},{"damage":62,"enemies":"Automaton","floor":33,"turns":9},{"damage":20,"enemies":"3 Shapes","floor":35,"turns":5},{"damage":0,"enemies":"Mind Bloom Boss Battle","floor":38,"turns":6},{"damage":24,"enemies":"Nemesis","floor":40,"turns":5},{"damage":9,"enemies":"Orb Walker","floor":44,"turns":2},{"damage":23,"enemies":"Giant Head","floor":46,"turns":7},{"damage":32,"enemies":"Nemesis","floor":47,"turns":9},{"damage":35,"enemies":"Reptomancer","floor":48,"turns":6},{"damage":92,"enemies":"Awakened One","floor":50,"turns":10}],"seed_played":"-2007955290281647812","potions_obtained":[{"floor":1.0,"key":"StancePotion"},{"floor":10.0,"key":"SkillPotion"},{"floor":11.0,"key":"Dexterity Potion"},{"floor":14.0,"key":"GamblersBrew"},{"floor":21.0,"key":"Energy Potion"},{"floor":27.0,"key":"FearPotion"},{"floor":44,"key":"StancePotion"},{"floor":46,"key":"Dexterity Potion"},{"floor":47,"key":"Weak Potion"}],"is_trial":false,"path_per_floor":["M","$","?","?","M","R","E","$","T","M","E","M","R","M","R","B",null,"M","?","?","M","M","R","E","R","T","E","$","M","T","E","R","B",null,"M","$","$","?","T","E","T","R","T","M","R","E","E","E","R","B",null],"character_chosen":"WATCHER","items_purchased":["ThirdEye","JustLucky","CutThroughFate","ClockworkSouvenir","DeusExMachina","CutThroughFate","Apotheosis","Tiny Chest","EmptyMind"],"campfire_rested":2,"item_purchase_floors":[2,8,8,28,28,28,28,36,36],"current_hp_per_floor":[65,65,52,52,52,52,50,50,50,50,39,39,39,39,39,18,65,46,45,45,43,45,45,40,40,40,37,37,54,54,58,58,4,82,72,72,72,84,84,65,65,65,65,63,90,73,52,42,70,4],"gold":537,"neow_bonus":"ONE_RANDOM_RARE_CARD","is_prod":false,"is_daily":false,"chose_seed":false,"campfire_upgraded":7,"win_rate":0,"timestamp":1568409475,"path_taken":["M","$","?","?","?","R","E","$","T","M","E","M","R","M","R","BOSS","M","?","?","M","?","R","E","R","T","E","$","?","?","E","R","BOSS","M","?","$","?","?","E","?","R","T","M","R","E","E","E","R","BOSS"],"build_version":"2019-09-12","purchased_purges":3,"victory":true,"max_hp_per_floor":[65,65,65,65,65,65,65,65,65,65,65,65,65,65,65,65,65,65,45,45,45,45,45,45,45,45,54,54,56,56,58,58,58,82,84,84,84,84,84,84,84,84,84,88,90,92,94,96,96,96],"card_choices":[{"not_picked":["ClearTheMind","JustLucky"],"picked":"Weave","floor":1.0},{"not_picked":["EmptyBody","Perseverance","SpiritShield"],"picked":"SKIP","floor":5.0},{"not_picked":["SpiritShield","Perseverance","EmptyBody"],"picked":"SKIP","floor":7.0},{"not_picked":["CrushJoints","BowlingBash"],"picked":"CleanseEvil","floor":10.0},{"not_picked":["Prostrate","Protect"],"picked":"EmptyFist","floor":11.0},{"not_picked":["JustLucky","Collect"],"picked":"Weave","floor":12.0},{"not_picked":["Fasting","Protect"],"picked":"MentalFortress","floor":14.0},{"not_picked":["Nirvana","LessonLearned"],"picked":"Omniscience","floor":16.0},{"not_picked":["FollowUp","CrushJoints","EmptyFist"],"picked":"SKIP","floor":18.0},{"not_picked":["ClearTheMind","CrushJoints"],"picked":"FollowUp","floor":21.0},{"not_picked":["Collect","JustLucky"],"picked":"Evaluate","floor":22.0},{"not_picked":["ClearTheMind","CrushJoints"],"picked":"ForeignInfluence+1","floor":24.0},{"not_picked":["MentalFortress","BowlingBash","Protect"],"picked":"Singing Bowl","floor":27.0},{"not_picked":["CleanseEvil","CrushJoints","EmptyBody+1"],"picked":"Singing Bowl","floor":29.0},{"not_picked":["EmptyFist","MasterReality+1","ThirdEye"],"picked":"Singing Bowl","floor":31.0},{"not_picked":["Judgement","Vault"],"picked":"Ragnarok","floor":33},{"not_picked":["CleanseEvil","EmptyBody","Swivel"],"picked":"Singing Bowl","floor":35},{"not_picked":["CrushJoints","StepAndStrike"],"picked":"Meditate+1","floor":38},{"not_picked":["WaveOfTheHand+1","Prostrate+1"],"picked":"Alpha","floor":40},{"not_picked":["EmptyMind","Worship+1","Adaptation+1"],"picked":"Singing Bowl","floor":44},{"not_picked":["ClearTheMind+1","ForeignInfluence+1","EmptyBody+1"],"picked":"Singing Bowl","floor":44},{"not_picked":["ThirdEye","WaveOfTheHand","Meditate+1"],"picked":"Singing Bowl","floor":45},{"not_picked":["EmptyBody+1","BowlingBash","Halt"],"picked":"Singing Bowl","floor":46},{"not_picked":["Halt","Pray","Conclude"],"picked":"Singing Bowl","floor":47},{"not_picked":["Perseverance","Vengeance+1","Swivel"],"picked":"Singing Bowl","floor":48},{"not_picked":["EmptyFist","Consecrate+1"],"picked":"WreathOfFlame+1","floor":49}],"player_experience":778575,"relics_obtained":[{"floor":7.0,"key":"Pen Nib"},{"floor":9.0,"key":"Dream Catcher"},{"floor":11.0,"key":"Dodecahedron"},{"floor":24.0,"key":"Shuriken"},{"floor":26.0,"key":"Singing Bowl"},{"floor":27.0,"key":"Strawberry"},{"floor":30.0,"key":"Frozen Egg 2"},{"floor":31.0,"key":"War Paint"},{"floor":34,"key":"Pear"},{"floor":34,"key":"Ancient Tea Set"},{"floor":34,"key":"Mango"},{"floor":38,"key":"Prayer Wheel"},{"floor":40,"key":"WingedGreaves"},{"floor":41,"key":"Orichalcum"},{"floor":43,"key":"MealTicket"},{"floor":46,"key":"Thread and Needle"},{"floor":47,"key":"Toy Ornithopter"},{"floor":48,"key":"Pocketwatch"}],"event_choices":[{"damage_healed":0.0,"max_hp_gain":0.0,"max_hp_loss":0.0,"gold_gain":0.0,"event_name":"Shining Light","player_choice":"Entered Light","floor":3.0,"gold_loss":0.0,"damage_taken":13.0,"cards_upgraded":["Defend_P","Strike_P"]},{"damage_healed":0.0,"max_hp_gain":0.0,"max_hp_loss":0.0,"gold_gain":0.0,"event_name":"FaceTrader","player_choice":"Trade","floor":4.0,"gold_loss":0.0,"damage_taken":0.0,"relics_obtained":["SsserpentHead"]},{"damage_healed":0.0,"max_hp_gain":0.0,"max_hp_loss":20.0,"gold_gain":0.0,"event_name":"Vampires","player_choice":"Became a vampire","floor":19.0,"gold_loss":0.0,"damage_taken":0.0,"cards_obtained":["Bite","Bite","Bite","Bite","Bite"]},{"damage_healed":0.0,"max_hp_gain":0.0,"max_hp_loss":0.0,"gold_gain":100.0,"event_name":"Golden Shrine","player_choice":"Pray","floor":20.0,"gold_loss":0.0,"damage_taken":0.0},{"damage_healed":0,"gold_gain":0,"player_choice":"Fight","damage_taken":0,"max_hp_gain":0,"max_hp_loss":0,"event_name":"MindBloom","floor":38,"gold_loss":0}],"is_beta":true,"boss_relics":[{"not_picked":["Astrolabe","Coffee Dripper"],"picked":"HolyWater"},{"not_picked":["Snecko Eye","Philosopher\u0027s Stone"],"picked":"Calling Bell"}],"items_purged_floors":[2,28,36],"is_endless":false,"potions_floor_spawned":[1,10,11,14,21,27,44,46,47],"ascension_level":1}