{"gold_per_floor":[117,129,140,16,30,30,30,30,30,46,64,84,84,99,99,199,199,209,209,244,43,57,85,10,10,60,76,105,121,21,41,41,41],"floor_reached":33,"playtime":5194,"items_purged":["Strike_G+1","Defend_G+1"],"score":295,"play_id":"30b8d4ad-35ac-49e1-b5af-d55557674e4b","local_time":"20190714141203","is_ascension_mode":true,"campfire_choices":[{"data":"Footwork","floor":6,"key":"SMITH"},{"data":"Noxious Fumes","floor":8,"key":"SMITH"},{"data":"Noxious Fumes","floor":13,"key":"SMITH"},{"data":"Caltrops","floor":15,"key":"SMITH"},{"floor":25,"key":"REST"},{"data":"Night Terror","floor":32,"key":"SMITH"}],"neow_cost":"NONE","seed_source_timestamp":5395822469200,"circlet_count":0,"master_deck":["Strike_G+1","Strike_G+1","Strike_G+1","Defend_G+1","Defend_G+1","Defend_G+1","Defend_G+1","Survivor","Neutralize","Leg Sweep+1","Footwork+1","Backstab","Noxious Fumes+1","Backflip","Catalyst","Noxious Fumes+1","PiercingWail","Caltrops+1","Leg Sweep","Night Terror+1","Well Laid Plans","Dodge and Roll","Calculated Gamble","Tools of the Trade","Dash","Backflip"],"relics":["Ring of the Snake","Vajra","War Paint","Black Star","Red Mask","OrangePellets","Shuriken","Lantern","Potion Belt","WingedGreaves","Dream Catcher"],"potions_floor_usage":[10,11,11,20,23,23,27,28,31,33],"damage_taken":[{"damage":0,"enemies":"Cultist","floor":1,"turns":3},{"damage":0,"enemies":"Jaw Worm","floor":2,"turns":4},{"damage":0,"enemies":"2 Louse","floor":3,"turns":2},{"damage":0,"enemies":"Blue Slaver","floor":5,"turns":5},{"damage":0,"enemies":"Exordium Wildlife","floor":10,"turns":2},{"damage":0,"enemies":"Gremlin Gang","floor":11,"turns":3},{"damage":0,"enemies":"3 Louse","floor":12,"turns":4},{"damage":0,"enemies":"Large Slime","floor":14,"turns":5},{"damage":13,"enemies":"The Guardian","floor":16,"turns":11},{"damage":0,"enemies":"Chosen","floor":18,"turns":5},{"damage":16,"enemies":"Masked Bandits","floor":20,"turns":4},{"damage":0,"enemies":"Spheric Guardian","floor":22,"turns":4},{"damage":5,"enemies":"Gremlin Leader","floor":23,"turns":7},{"damage":0,"enemies":"Shelled Parasite and Fungi","floor":27,"turns":8},{"damage":16,"enemies":"Slavers","floor":28,"turns":10},{"damage":0,"enemies":"Centurion and Healer","floor":29,"turns":6},{"damage":0,"enemies":"Chosen and Byrds","floor":31,"turns":4},{"damage":12,"enemies":"Collector","floor":33,"turns":5}],"seed_played":"-4447054122103728668","potions_obtained":[{"floor":1,"key":"Poison Potion"},{"floor":3,"key":"Explosive Potion"},{"floor":5,"key":"FearPotion"},{"floor":10,"key":"Explosive Potion"},{"floor":11,"key":"Energy Potion"},{"floor":20,"key":"Fire Potion"},{"floor":22,"key":"EssenceOfSteel"},{"floor":27,"key":"FearPotion"},{"floor":29,"key":"Fire Potion"},{"floor":31,"key":"Weak Potion"}],"is_trial":false,"path_per_floor":["M","M","M","$","M","R","?","R","T","M","M","M","R","M","R","B",null,"M","?","?","$","M","E","$","R","T","M","E","M","$","M","R","B"],"character_chosen":"THE_SILENT","items_purchased":["Noxious Fumes","Backflip","OrangePellets"],"campfire_rested":1,"item_purchase_floors":[4,4,21],"current_hp_per_floor":[70,70,70,70,70,70,70,70,70,70,70,70,70,70,70,57,70,70,70,54,54,54,49,49,70,70,70,54,54,54,54,54,42],"gold":41,"neow_bonus":"RANDOM_COMMON_RELIC","is_prod":false,"is_daily":false,"chose_seed":false,"campfire_upgraded":5,"win_rate":0,"timestamp":1563109923,"path_taken":["M","?","M","$","?","R","?","R","T","M","M","M","R","M","R","BOSS","M","?","?","?","?","E","$","R","T","M","E","M","$","M","R","BOSS"],"build_version":"2019-07-05","purchased_purges":2,"victory":false,"max_hp_per_floor":[70,70,70,70,70,70,70,70,70,70,70,70,70,70,70,70,70,70,70,70,70,70,70,70,70,70,70,70,70,70,70,70,70],"card_choices":[{"not_picked":["Heel Hook","Acrobatics"],"picked":"Leg Sweep","floor":1},{"not_picked":["Blade Dance","Reflex"],"picked":"Footwork","floor":2},{"not_picked":["Skewer","Bouncing Flask"],"picked":"Backstab","floor":3},{"not_picked":["Poisoned Stab","Dagger Spray","Deadly Poison"],"picked":"SKIP","floor":5},{"not_picked":["Riddle With Holes","Underhanded Strike"],"picked":"Noxious Fumes","floor":10},{"not_picked":["Slice","Acrobatics"],"picked":"PiercingWail","floor":11},{"not_picked":["Skewer","Slice"],"picked":"Caltrops","floor":12},{"not_picked":["Calculated Gamble","Underhanded Strike"],"picked":"Leg Sweep","floor":14},{"not_picked":["Phantasmal Killer","Doppelganger"],"picked":"Night Terror","floor":16},{"not_picked":["Distraction","Prepared"],"picked":"Well Laid Plans","floor":18},{"not_picked":["Endless Agony","Heel Hook"],"picked":"Dodge and Roll","floor":20},{"not_picked":["Quick Slash+1","Poisoned Stab"],"picked":"Calculated Gamble","floor":22},{"not_picked":["Riddle With Holes","Deflect"],"picked":"Tools of the Trade","floor":23},{"not_picked":["Heel Hook","Dagger Throw","Outmaneuver+1"],"picked":"SKIP","floor":27},{"not_picked":["Blade Dance","Poisoned Stab+1","Terror"],"picked":"SKIP","floor":28},{"not_picked":["Riddle With Holes","Deadly Poison"],"picked":"Dash","floor":29},{"not_picked":["Well Laid Plans","Bane"],"picked":"Backflip","floor":31}],"player_experience":75850,"relics_obtained":[{"floor":9,"key":"War Paint"},{"floor":20,"key":"Red Mask"},{"floor":23,"key":"Shuriken"},{"floor":23,"key":"Lantern"},{"floor":26,"key":"Potion Belt"},{"floor":28,"key":"WingedGreaves"},{"floor":28,"key":"Dream Catcher"}],"event_choices":[{"damage_healed":0,"gold_gain":0,"cards_transformed":["Strike_G"],"player_choice":"Change","damage_taken":0,"max_hp_gain":0,"max_hp_loss":0,"event_name":"Living Wall","floor":7,"gold_loss":0,"cards_obtained":["Catalyst"]},{"damage_healed":0,"gold_gain":0,"player_choice":"Simplicity","damage_taken":0,"max_hp_gain":0,"max_hp_loss":0,"event_name":"Back to Basics","floor":19,"gold_loss":0,"cards_upgraded":["Strike_G","Strike_G","Strike_G","Strike_G","Defend_G","Defend_G","Defend_G","Defend_G"]},{"damage_healed":0,"gold_gain":0,"player_choice":"Fought Bandits","damage_taken":0,"max_hp_gain":0,"max_hp_loss":0,"event_name":"Masked Bandits","floor":20,"gold_loss":0}],"is_beta":false,"boss_relics":[{"not_picked":["Calling Bell","Astrolabe"],"picked":"Black Star"}],"items_purged_floors":[24,30],"is_endless":false,"potions_floor_spawned":[1,3,5,10,11,20,22,27,29,31],"killed_by":"Collector","ascension_level":1}