{"gold_per_floor":[114,39,57,7,26,26,57,57,57,57,91,91,110,165,165,242,242,242,242],"floor_reached":19,"playtime":723,"items_purged":["Strike_R"],"score":315,"play_id":"96efa3ce-7ace-47bf-9ef8-84af68a46a41","local_time":"20190830215255","is_ascension_mode":true,"campfire_choices":[{"data":"Bash","floor":6.0,"key":"SMITH"},{"data":"Rampage","floor":8.0,"key":"SMITH"},{"floor":10.0,"key":"REST"},{"floor":15.0,"key":"REST"}],"neow_cost":"NONE","seed_source_timestamp":1389907027577500,"circlet_count":0,"master_deck":["AscendersBane","Strike_R","Strike_R","Defend_R","Defend_R","Defend_R","Defend_R","Bash+1","Rampage+1","Anger","Battle Trance","Flame Barrier","Demon Form","Parasite","Intimidate","Pummel","Demon Form","Disarm"],"special_seed":0,"relics":["Burning Blood","Matryoshka","Blue Candle","Dodecahedron","Smiling Mask","Tiny Chest","Ectoplasm"],"potions_floor_usage":[19,19],"damage_taken":[{"damage":15.0,"enemies":"Small Slimes","floor":1.0,"turns":4.0},{"damage":3.0,"enemies":"2 Louse","floor":3.0,"turns":3.0},{"damage":7.0,"enemies":"Jaw Worm","floor":5.0,"turns":3.0},{"damage":40.0,"enemies":"3 Sentries","floor":7.0,"turns":7.0},{"damage":28.0,"enemies":"Gremlin Nob","floor":11.0,"turns":4.0},{"damage":15.0,"enemies":"2 Fungi Beasts","floor":13.0,"turns":3.0},{"damage":18.0,"enemies":"Lagavulin","floor":14.0,"turns":6.0},{"damage":13.0,"enemies":"Slime Boss","floor":16.0,"turns":7.0},{"damage":26.0,"enemies":"Shell Parasite","floor":18.0,"turns":5.0},{"damage":49,"enemies":"Masked Bandits","floor":19,"turns":3}],"seed_played":"5530942306824704981","potions_obtained":[{"floor":1.0,"key":"Poison Potion"},{"floor":3.0,"key":"LiquidBronze"},{"floor":11.0,"key":"Ancient Potion"}],"is_trial":false,"path_per_floor":["M","$","M","?","M","R","E","R","T","R","E","?","M","E","R","B",null,"M","?"],"character_chosen":"IRONCLAD","items_purchased":[],"campfire_rested":2,"item_purchase_floors":[],"current_hp_per_floor":[59,59,62,62,61,61,27,27,27,49,27,45,36,24,46,39,66,46,0],"gold":242,"neow_bonus":"REMOVE_CARD","is_prod":false,"is_daily":false,"chose_seed":false,"campfire_upgraded":2,"win_rate":0,"timestamp":1567227175,"path_taken":["M","$","M","?","M","R","E","R","T","R","E","?","M","E","R","BOSS","M","?"],"build_version":"2019-07-17","purchased_purges":1,"victory":false,"max_hp_per_floor":[75,75,75,75,75,75,75,75,75,75,75,75,75,75,75,75,75,75,75],"card_choices":[{"not_picked":["Reckless Charge","Shrug It Off"],"picked":"Rampage","floor":1.0},{"not_picked":["Heavy Blade","Warcry"],"picked":"Anger","floor":3.0},{"not_picked":["Dual Wield","Heavy Blade"],"picked":"Battle Trance","floor":5.0},{"not_picked":["Carnage","Body Slam"],"picked":"Flame Barrier","floor":7.0},{"not_picked":["Thunderclap","Twin Strike"],"picked":"Demon Form","floor":11.0},{"not_picked":["Uppercut","Sword Boomerang"],"picked":"Intimidate","floor":13.0},{"not_picked":["Heavy Blade","Burning Pact"],"picked":"Pummel","floor":14.0},{"not_picked":["Berserk","Bludgeon"],"picked":"Demon Form","floor":16.0},{"not_picked":["Entrench","Sever Soul"],"picked":"Disarm","floor":18.0}],"player_experience":1348251,"relics_obtained":[{"floor":7.0,"key":"Matryoshka"},{"floor":9.0,"key":"Blue Candle"},{"floor":9.0,"key":"Dodecahedron"},{"floor":11.0,"key":"Smiling Mask"},{"floor":14.0,"key":"Tiny Chest"}],"event_choices":[{"cards_removed":["Strike_R"],"damage_healed":0.0,"max_hp_gain":0.0,"max_hp_loss":0.0,"gold_gain":0.0,"event_name":"The Cleric","player_choice":"Card Removal","floor":4.0,"gold_loss":50.0,"damage_taken":0.0},{"damage_healed":18.0,"max_hp_gain":0.0,"max_hp_loss":0.0,"gold_gain":0.0,"event_name":"Mushrooms","player_choice":"Healed and dodged fight","floor":12.0,"gold_loss":0.0,"damage_taken":0.0,"cards_obtained":["Parasite"]},{"damage_healed":0,"gold_gain":0,"player_choice":"Fought Bandits","damage_taken":0,"max_hp_gain":0,"max_hp_loss":0,"event_name":"Masked Bandits","floor":19,"gold_loss":0}],"is_beta":false,"boss_relics":[{"not_picked":["Empty Cage","Eternal Feather"],"picked":"Ectoplasm"}],"items_purged_floors":[2],"is_endless":false,"potions_floor_spawned":[1,3,11,13,16,18],"killed_by":"Masked Bandits","ascension_level":14}