{"gold_per_floor":[113,132,132,149,149,149,162,191,191,191,211,211,243,7,7,80,80,99,125,138,149,74,74,109,109,109,59,393,43,43,58,58,58],"floor_reached":33,"playtime":2178,"items_purged":["Strike_R","Defend_R"],"score":552,"play_id":"e7983f86-dd19-449d-ac2a-8f8966bf9207","local_time":"20190906204829","is_ascension_mode":true,"campfire_choices":[{"data":"True Grit","floor":6,"key":"SMITH"},{"data":"Feel No Pain","floor":10,"key":"SMITH"},{"floor":12,"key":"REST"},{"data":"Spot Weakness","floor":15,"key":"SMITH"},{"floor":23,"key":"REST"},{"floor":30,"key":"REST"},{"data":"Corruption","floor":32,"key":"SMITH"}],"neow_cost":"NONE","seed_source_timestamp":171415792428500,"circlet_count":0,"master_deck":["AscendersBane","Defend_R","Defend_R","Defend_R","Bash+1","Twin Strike","Iron Wave","True Grit+1","Feel No Pain+1","Spot Weakness+1","Carnage","Shockwave","Immolate","Anger","Ghostly Armor","Iron Wave+1","Feel No Pain","Shrug It Off","Bite","Bite","Bite","Bite","Bite","Corruption+1"],"relics":["Burning Blood","Orichalcum","Anchor","Bottled Tornado","Shovel","Bag of Marbles","Black Star","Red Mask","Vajra","Smiling Mask","Blue Candle","Old Coin","Bronze Scales","Pantograph"],"potions_floor_usage":[16,24],"damage_taken":[{"damage":6,"enemies":"Jaw Worm","floor":1,"turns":3},{"damage":0,"enemies":"Small Slimes","floor":2,"turns":4},{"damage":3,"enemies":"2 Louse","floor":4,"turns":3},{"damage":14,"enemies":"Large Slime","floor":7,"turns":7},{"damage":45,"enemies":"Lagavulin","floor":8,"turns":8},{"damage":10,"enemies":"2 Fungi Beasts","floor":11,"turns":5},{"damage":18,"enemies":"3 Sentries","floor":13,"turns":7},{"damage":21,"enemies":"The Guardian","floor":16,"turns":10},{"damage":8,"enemies":"3 Byrds","floor":18,"turns":5},{"damage":18,"enemies":"Masked Bandits","floor":19,"turns":4},{"damage":5,"enemies":"Chosen","floor":20,"turns":6},{"damage":29,"enemies":"Snecko","floor":21,"turns":6},{"damage":20,"enemies":"Slavers","floor":24,"turns":11},{"damage":22,"enemies":"Book of Stabbing","floor":28,"turns":5},{"damage":11,"enemies":"Snake Plant","floor":31,"turns":4},{"damage":64,"enemies":"Champ","floor":33,"turns":13}],"seed_played":"-3394789672414881891","potions_obtained":[{"floor":7,"key":"Strength Potion"},{"floor":11,"key":"Block Potion"},{"floor":16,"key":"Block Potion"},{"floor":24,"key":"Strength Potion"},{"floor":28,"key":"LiquidBronze"}],"is_trial":false,"path_per_floor":["M","M","?","M","?","R","M","E","T","R","M","R","E","$","R","B",null,"M","?","M","M","?","R","E","?","T","$","E","$","R","M","R","B"],"character_chosen":"IRONCLAD","items_purchased":["Bag of Marbles","Pantograph","Corruption"],"campfire_rested":3,"item_purchase_floors":[14,29,29],"current_hp_per_floor":[68,74,74,75,68,68,60,21,21,21,17,39,27,27,27,12,59,57,45,46,23,23,45,31,31,31,31,19,19,34,33,33,0],"gold":58,"neow_bonus":"RANDOM_COMMON_RELIC","is_prod":false,"is_daily":false,"chose_seed":false,"campfire_upgraded":4,"win_rate":0,"timestamp":1567828109,"path_taken":["M","M","?","M","?","R","M","E","T","R","M","R","E","$","R","BOSS","M","?","M","M","?","R","E","?","T","?","E","$","R","M","R","BOSS"],"build_version":"2019-07-17","purchased_purges":2,"victory":false,"max_hp_per_floor":[75,75,75,75,75,75,75,75,75,75,75,75,75,75,75,75,75,75,75,75,75,75,75,75,52,52,52,52,52,52,52,52,52],"card_choices":[{"not_picked":["Flex","Metallicize"],"picked":"Twin Strike","floor":1},{"not_picked":["Sword Boomerang","Wild Strike"],"picked":"Iron Wave","floor":2},{"not_picked":["Infernal Blade","Pommel Strike"],"picked":"True Grit","floor":4},{"not_picked":["Flame Barrier","Havoc"],"picked":"Feel No Pain","floor":7},{"not_picked":["Anger","Inflame"],"picked":"Spot Weakness","floor":8},{"not_picked":["Twin Strike","Armaments"],"picked":"Carnage","floor":11},{"not_picked":["Double Tap","Shrug It Off"],"picked":"Shockwave","floor":13},{"not_picked":["Exhume","Barricade"],"picked":"Immolate","floor":16},{"not_picked":["Sword Boomerang","Flex"],"picked":"Anger","floor":18},{"not_picked":["Wild Strike","Uppercut"],"picked":"Ghostly Armor","floor":19},{"not_picked":["Dual Wield","Power Through"],"picked":"Iron Wave+1","floor":20},{"not_picked":["Shrug It Off","Armaments"],"picked":"Feel No Pain","floor":21},{"not_picked":["Havoc","Hemokinesis+1"],"picked":"Shrug It Off","floor":24},{"not_picked":["Evolve","Wild Strike","Bludgeon"],"picked":"SKIP","floor":28},{"not_picked":["Entrench+1","Flex","Perfected Strike"],"picked":"SKIP","floor":31}],"player_experience":1389564,"relics_obtained":[{"floor":8,"key":"Anchor"},{"floor":9,"key":"Bottled Tornado"},{"floor":13,"key":"Shovel"},{"floor":19,"key":"Red Mask"},{"floor":24,"key":"Vajra"},{"floor":24,"key":"Smiling Mask"},{"floor":26,"key":"Blue Candle"},{"floor":28,"key":"Old Coin"},{"floor":28,"key":"Bronze Scales"}],"event_choices":[{"damage_healed":0,"gold_gain":0,"player_choice":"Grow","damage_taken":0,"max_hp_gain":0,"max_hp_loss":0,"event_name":"Living Wall","floor":3,"gold_loss":0,"cards_upgraded":["Bash"]},{"cards_removed":["Strike_R"],"damage_healed":0,"gold_gain":0,"player_choice":"Card Removal","damage_taken":7,"max_hp_gain":0,"max_hp_loss":0,"event_name":"Golden Wing","floor":5,"gold_loss":0},{"damage_healed":0,"gold_gain":0,"player_choice":"Fought Bandits","damage_taken":0,"max_hp_gain":0,"max_hp_loss":0,"event_name":"Masked Bandits","floor":19,"gold_loss":0},{"cards_removed":["Strike_R"],"damage_healed":0,"gold_gain":0,"player_choice":"Gave Gold","damage_taken":0,"max_hp_gain":0,"max_hp_loss":0,"event_name":"Beggar","floor":22,"gold_loss":75},{"damage_healed":0,"gold_gain":0,"player_choice":"Became a vampire","damage_taken":0,"max_hp_gain":0,"max_hp_loss":23,"event_name":"Vampires","floor":25,"gold_loss":0,"cards_obtained":["Bite","Bite","Bite","Bite","Bite"]}],"is_beta":false,"boss_relics":[{"not_picked":["White Beast Statue","Eternal Feather"],"picked":"Black Star"}],"items_purged_floors":[14,27],"is_endless":false,"potions_floor_spawned":[7,11,13,16,24,28,31],"killed_by":"Champ","ascension_level":16}