{"gold_per_floor":[110,110,126,301,119,154,154,154,203,231,248,248,266,286,286,391,441,455,455,455,23,23,23,37,54,54,86,86],"floor_reached":28,"playtime":815,"items_purged":["Doubt","Strike_G"],"score":419,"play_id":"5c077b59-4d0f-48fc-8af5-425d35848609","local_time":"20190331002805","is_ascension_mode":true,"campfire_choices":[{"floor":8,"key":"REST"},{"data":"Infinite Blades","floor":12,"key":"SMITH"},{"floor":15,"key":"REST"},{"floor":23,"key":"REST"}],"neow_cost":"NONE","seed_source_timestamp":366038067947547,"circlet_count":0,"master_deck":["AscendersBane","Defend_G+1","Defend_G","Defend_G","Defend_G","Defend_G","Strike_G","Strike_G+1","Strike_G","Strike_G","Survivor","Neutralize+1","Acrobatics","Infinite Blades+1","Blade Dance","Infinite Blades","Wraith Form v2","Dagger Spray","Backflip+1","Die Die Die+1","After Image","Blade Dance","Quick Slash","J.A.X.","Footwork","Cloak And Dagger","Flying Knee"],"relics":["Ring of the Snake","Du-Vu Doll","Bag of Preparation","Bottled Flame","Tiny House","Meat on the Bone","Whetstone","Shuriken","Ninja Scroll"],"potions_floor_usage":[6,6,6,6,16,27,27],"damage_taken":[{"damage":2,"enemies":"Small Slimes","floor":1,"turns":6},{"damage":1,"enemies":"Cultist","floor":3,"turns":4},{"damage":39,"enemies":"Lagavulin","floor":6,"turns":9},{"damage":22,"enemies":"3 Sentries","floor":10,"turns":6},{"damage":1,"enemies":"Jaw Worm","floor":11,"turns":3},{"damage":12,"enemies":"3 Louse","floor":13,"turns":2},{"damage":1,"enemies":"2 Fungi Beasts","floor":14,"turns":3},{"damage":29,"enemies":"The Guardian","floor":16,"turns":13},{"damage":21,"enemies":"2 Thieves","floor":18,"turns":4},{"damage":14,"enemies":"Shell Parasite","floor":24,"turns":7},{"damage":28,"enemies":"Cultist and Chosen","floor":25,"turns":7},{"damage":25,"enemies":"Book of Stabbing","floor":27,"turns":6},{"damage":9,"enemies":"Snake Plant","floor":28,"turns":4}],"seed_played":"-111226070773571591","potions_obtained":[{"floor":1,"key":"Ancient Potion"},{"floor":3,"key":"EntropicBrew"},{"floor":11,"key":"Strength Potion"},{"floor":13,"key":"EssenceOfSteel"},{"floor":17,"key":"Regen Potion"}],"is_trial":false,"path_per_floor":["M","?","M","?","$","E","?","R","T","E","M","R","M","M","R","B",null,"M","?","?","$","T","R","M","M","T","E","M"],"character_chosen":"THE_SILENT","items_purchased":["Infinite Blades","Blade Dance","Meat on the Bone","Footwork"],"campfire_rested":3,"item_purchase_floors":[5,5,21,21],"current_hp_per_floor":[68,77,76,76,76,37,22,45,45,23,22,22,10,9,32,3,64,43,27,27,27,27,53,51,35,35,27,18],"gold":86,"neow_bonus":"TEN_PERCENT_HP_BONUS","is_prod":false,"is_daily":false,"chose_seed":false,"campfire_upgraded":1,"win_rate":0,"timestamp":1554013685,"path_taken":["M","?","?","?","$","E","?","R","T","E","M","R","M","M","R","BOSS","M","?","?","$","?","R","M","M","T","E","M"],"build_version":"2019-01-23","purchased_purges":2,"victory":false,"max_hp_per_floor":[77,77,77,77,77,77,77,77,77,77,77,77,77,77,77,77,82,82,87,87,87,87,87,87,87,87,87,87],"card_choices":[{"not_picked":["Quick Slash","Predator"],"picked":"Caltrops","floor":1},{"not_picked":["Deflect","Dagger Spray"],"picked":"Acrobatics","floor":3},{"not_picked":["Slice","Bane"],"picked":"Infinite Blades","floor":6},{"not_picked":["Predator","Doppelganger"],"picked":"Wraith Form v2","floor":10},{"not_picked":["Bane","PiercingWail"],"picked":"Dagger Spray","floor":11},{"not_picked":["Deflect","Choke"],"picked":"Backflip","floor":13},{"not_picked":["Dash","Masterful Stab"],"picked":"Die Die Die","floor":14},{"not_picked":["Envenom","Phantasmal Killer"],"picked":"After Image","floor":16},{"not_picked":["Terror","Quick Slash"],"picked":"Blade Dance","floor":17},{"not_picked":["Reflex","Dash"],"picked":"Quick Slash","floor":18},{"not_picked":["Dodge and Roll","Flying Knee"],"picked":"Cloak And Dagger","floor":24},{"not_picked":["Deflect","Bane","Dagger Throw"],"picked":"SKIP","floor":25},{"not_picked":["Slice","Wraith Form v2"],"picked":"Flying Knee","floor":27}],"player_experience":488973,"relics_obtained":[{"floor":6,"key":"Du-Vu Doll"},{"floor":9,"key":"Bag of Preparation"},{"floor":10,"key":"Bottled Flame"},{"floor":22,"key":"Whetstone"},{"floor":26,"key":"Shuriken"},{"floor":27,"key":"Ninja Scroll"}],"event_choices":[{"cards_removed":["Caltrops"],"damage_healed":9,"gold_gain":0,"player_choice":"Offered Uncommon","damage_taken":0,"max_hp_gain":0,"max_hp_loss":0,"event_name":"Bonfire Elementals","floor":2,"gold_loss":0},{"damage_healed":0,"gold_gain":175,"player_choice":"AGREE","damage_taken":0,"max_hp_gain":0,"max_hp_loss":0,"event_name":"Liars Game","floor":4,"gold_loss":0,"cards_obtained":["Doubt"]},{"damage_healed":0,"gold_gain":0,"player_choice":"Entered Light","damage_taken":15,"max_hp_gain":0,"max_hp_loss":0,"event_name":"Shining Light","floor":7,"gold_loss":0,"cards_upgraded":["Neutralize","Defend_G"]},{"damage_healed":0,"gold_gain":0,"player_choice":"Shed Blood","damage_taken":21,"max_hp_gain":5,"max_hp_loss":0,"event_name":"Forgotten Altar","floor":19,"gold_loss":0},{"damage_healed":0,"gold_gain":0,"player_choice":"Obtain J.A.X.","damage_taken":0,"max_hp_gain":0,"max_hp_loss":0,"event_name":"Drug Dealer","floor":20,"gold_loss":0,"cards_obtained":["J.A.X."]}],"is_beta":false,"boss_relics":[{"not_picked":["Calling Bell","Lizard Tail"],"picked":"Tiny House"}],"items_purged_floors":[5,21],"is_endless":false,"potions_floor_spawned":[1,3,11,13,18],"killed_by":"Snake Plant","ascension_level":12}