{"gold_per_floor":[110,42,59,59,74,74,92,103,103,115,115,65,79,92,92,188,188,206,226,245,257,275,275,275],"floor_reached":24,"playtime":1712,"items_purged":[],"score":221,"play_id":"32911040-7853-4954-a864-8d365e757014","local_time":"20190701214405","is_ascension_mode":false,"campfire_choices":[{"data":"Neutralize","floor":6,"key":"SMITH"},{"floor":11,"key":"REST"},{"data":"Noxious Fumes","floor":15,"key":"SMITH"}],"neow_cost":"NONE","seed_source_timestamp":10477325986200,"circlet_count":0,"master_deck":["Defend_G","Defend_G","Defend_G","Defend_G","Defend_G","Strike_G","Strike_G","Strike_G","Survivor","Neutralize+1","Infinite Blades","Endless Agony","Iron Wave","Escape Plan","Blur","Backstab+1","Predator+1","Noxious Fumes+1","Night Terror","Noxious Fumes","Noxious Fumes","Backflip","PiercingWail+1","Backflip+1","Noxious Fumes+1"],"relics":["Ring of the Serpent","NeowsBlessing","Molten Egg 2"],"potions_floor_usage":[7,14,18,19,19,22,22],"damage_taken":[{"damage":0,"enemies":"Small Slimes","floor":1,"turns":1},{"damage":0,"enemies":"Cultist","floor":3,"turns":1},{"damage":0,"enemies":"Jaw Worm","floor":5,"turns":1},{"damage":10,"enemies":"Large Slime","floor":7,"turns":7},{"damage":0,"enemies":"Gremlin Gang","floor":8,"turns":4},{"damage":13,"enemies":"Lots of Slimes","floor":10,"turns":5},{"damage":0,"enemies":"3 Louse","floor":13,"turns":3},{"damage":0,"enemies":"Looter","floor":14,"turns":1},{"damage":33,"enemies":"The Guardian","floor":16,"turns":9},{"damage":2,"enemies":"Spheric Guardian","floor":18,"turns":8},{"damage":12,"enemies":"2 Thieves","floor":19,"turns":5},{"damage":18,"enemies":"Shelled Parasite and Fungi","floor":20,"turns":6},{"damage":5,"enemies":"Snecko","floor":21,"turns":7},{"damage":1,"enemies":"3 Cultists","floor":22,"turns":5},{"damage":17,"enemies":"Shelled Parasite and Fungi","floor":24,"turns":5}],"seed_played":"-7688656547704516492","potions_obtained":[{"floor":1,"key":"FearPotion"},{"floor":3,"key":"Weak Potion"},{"floor":8,"key":"GhostInAJar"},{"floor":13,"key":"SteroidPotion"},{"floor":16,"key":"PowerPotion"},{"floor":20,"key":"SpeedPotion"},{"floor":21,"key":"PowerPotion"}],"is_trial":false,"path_per_floor":["M","$","M","?","M","R","M","M","T","M","R","?","M","M","R","B",null,"M","M","M","M","M","?","M"],"character_chosen":"THE_SILENT","items_purchased":["Infinite Blades"],"campfire_rested":1,"item_purchase_floors":[2],"current_hp_per_floor":[70,70,70,70,70,70,60,60,60,47,68,68,68,68,68,35,70,68,56,38,33,32,32,15],"gold":275,"neow_bonus":"THREE_ENEMY_KILL","is_prod":false,"is_daily":false,"chose_seed":false,"campfire_upgraded":2,"win_rate":1,"timestamp":1562013845,"path_taken":["M","$","M","?","?","R","M","M","T","M","R","?","M","M","R","BOSS","M","M","M","M","M","?","M"],"build_version":"2019-01-23","purchased_purges":0,"victory":false,"max_hp_per_floor":[70,70,70,70,70,70,70,70,70,70,70,70,70,70,70,70,70,70,70,70,70,70,70,70],"card_choices":[{"not_picked":["Underhanded Strike","Quick Slash","Sucker Punch"],"picked":"SKIP","floor":1},{"not_picked":["Reflex","Sucker Punch"],"picked":"Endless Agony","floor":3},{"not_picked":["Blade Dance","Dodge and Roll"],"picked":"Escape Plan","floor":5},{"not_picked":["Calculated Gamble","Bane"],"picked":"Blur","floor":7},{"not_picked":["Prepared","Flying Knee","Acrobatics"],"picked":"SKIP","floor":8},{"not_picked":["Dagger Spray+1","Dodge and Roll"],"picked":"Backstab+1","floor":10},{"not_picked":["Acrobatics","Underhanded Strike+1"],"picked":"Predator+1","floor":13},{"not_picked":["Dash+1","Finisher+1"],"picked":"Noxious Fumes","floor":14},{"not_picked":["Phantasmal Killer","Malaise"],"picked":"Night Terror","floor":16},{"not_picked":["Dagger Spray+1","Deflect"],"picked":"Noxious Fumes","floor":18},{"not_picked":["Endless Agony+1","Dagger Throw+1"],"picked":"Noxious Fumes","floor":19},{"not_picked":["Flechettes+1","Blade Dance"],"picked":"Backflip","floor":20},{"not_picked":["Bane+1","Distraction+1"],"picked":"PiercingWail+1","floor":21},{"not_picked":["Masterful Stab+1","Predator+1"],"picked":"Backflip+1","floor":22}],"player_experience":20790,"relics_obtained":[{"floor":9,"key":"Molten Egg 2"}],"event_choices":[{"cards_removed":["Strike_G"],"damage_healed":0,"gold_gain":0,"player_choice":"Took Card","damage_taken":0,"max_hp_gain":0,"max_hp_loss":0,"event_name":"NoteForYourself","floor":4,"gold_loss":0,"cards_obtained":["Iron Wave"]},{"cards_removed":["Strike_G"],"damage_healed":0,"gold_gain":0,"player_choice":"Card Removal","damage_taken":0,"max_hp_gain":0,"max_hp_loss":0,"event_name":"The Cleric","floor":12,"gold_loss":50},{"damage_healed":0,"gold_gain":0,"player_choice":"Copied","damage_taken":0,"max_hp_gain":0,"max_hp_loss":0,"event_name":"Duplicator","floor":23,"gold_loss":0,"cards_obtained":["Noxious Fumes"]}],"is_beta":false,"boss_relics":[{"not_picked":["Tiny House","White Beast Statue"],"picked":"Ring of the Serpent"}],"items_purged_floors":[],"is_endless":false,"potions_floor_spawned":[1,3,8,13,16,20,21],"killed_by":"Shelled Parasite and Fungi","ascension_level":0}