{"gold_per_floor":[117,134,134,134,134,134,134,150,150,225,225,78,103,114,114,114],"floor_reached":16,"playtime":469,"items_purged":[],"score":182,"play_id":"ea946b55-0833-4efd-b1ef-8a84856acca7","local_time":"20181001173615","is_ascension_mode":true,"campfire_choices":[{"floor":6,"key":"REST"},{"data":"Bash","floor":11,"key":"SMITH"},{"floor":15,"key":"REST"}],"neow_cost":"PERCENT_DAMAGE","seed_source_timestamp":2545854804294,"circlet_count":0,"master_deck":["Strike_R","Strike_R","Strike_R","Strike_R","Strike_R","Defend_R","Defend_R","Defend_R","Defend_R","Bash+1","AscendersBane","Heavy Blade","Impervious","Headbutt"],"relics":["Burning Blood","Strawberry","Paper Frog","Red Skull","WingedGreaves"],"potions_floor_usage":[14,16,16],"damage_taken":[{"damage":12,"enemies":"Jaw Worm","floor":1,"turns":5},{"damage":1,"enemies":"Cultist","floor":2,"turns":4},{"damage":10,"enemies":"Small Slimes","floor":8,"turns":4},{"damage":30,"enemies":"Lagavulin","floor":13,"turns":5},{"damage":7,"enemies":"2 Fungi Beasts","floor":14,"turns":4},{"damage":87,"enemies":"Hexaghost","floor":16,"turns":9}],"seed_played":"-3260679198826053156","potions_obtained":[{"floor":2,"key":"LiquidBronze"},{"floor":8,"key":"EntropicBrew"},{"floor":13,"key":"Swift Potion"}],"is_trial":false,"path_per_floor":["M","M","?","?","?","R","?","M","T","?","R","$","E","M","R"],"character_chosen":"IRONCLAD","items_purchased":["Red Skull"],"campfire_rested":2,"item_purchase_floors":[12],"current_hp_per_floor":[58,63,63,63,63,93,93,89,89,78,78,78,54,53,83,0],"gold":114,"neow_bonus":"TWENTY_PERCENT_HP_BONUS","is_prod":false,"is_daily":false,"chose_seed":false,"campfire_upgraded":1,"win_rate":0,"timestamp":1538429775,"path_taken":["M","M","?","?","?","R","?","M","T","?","R","?","E","?","R","BOSS"],"build_version":"2018-09-27","purchased_purges":0,"victory":false,"max_hp_per_floor":[96,96,96,96,103,103,103,103,103,103,103,103,103,103,103,103],"card_choices":[{"not_picked":["Headbutt","Shrug It Off"],"picked":"Heavy Blade","floor":1},{"not_picked":["Entrench","Seeing Red","Clash"],"picked":"SKIP","floor":2},{"not_picked":["Headbutt","Carnage","Combust"],"picked":"SKIP","floor":8},{"not_picked":["Body Slam","Shockwave"],"picked":"Impervious","floor":13},{"not_picked":["Combust","Clash"],"picked":"Headbutt","floor":14}],"player_experience":840646,"relics_obtained":[{"floor":9,"key":"Paper Frog"},{"floor":13,"key":"WingedGreaves"}],"event_choices":[{"event_name":"The Woman in Blue","player_choice":"Bought 0 Potions","floor":3,"damage_taken":0},{"event_name":"Liars Game","player_choice":"disagreed","floor":4,"damage_taken":0},{"event_name":"Scrap Ooze","player_choice":"success","floor":5,"damage_taken":7},{"event_name":"Match and Keep!","player_choice":"0 cards matched","floor":7,"damage_taken":0},{"event_name":"World of Goop","player_choice":"Gather Gold","floor":10,"damage_taken":0}],"is_beta":true,"boss_relics":[],"items_purged_floors":[],"is_endless":false,"potions_floor_spawned":[2,8,13],"killed_by":"Hexaghost","ascension_level":12}