{"gold_per_floor":[110,110,31,50,11,39,39,67,93,106,106,106,121,151,151,151],"floor_reached":16,"playtime":523,"items_purged":[],"score":272,"play_id":"3d13e97a-2163-4d0b-9a07-713a45dc5876","local_time":"20181030083950","is_ascension_mode":true,"campfire_choices":[{"data":"Dagger Spray","floor":7,"key":"SMITH"},{"floor":11,"key":"REST"},{"data":"Poisoned Stab","floor":15,"key":"SMITH"}],"neow_cost":"NONE","seed_source_timestamp":1516183163029,"circlet_count":0,"master_deck":["Defend_G","Defend_G","Defend_G","Defend_G","Defend_G+1","Strike_G","Strike_G","Strike_G","Strike_G","Strike_G","Survivor","Neutralize+1","AscendersBane","Poisoned Stab+1","Terror","Dagger Spray+1","Calculated Gamble","Heel Hook","Backstab","Quick Slash","Deflect"],"relics":["Ring of the Snake","NeowsBlessing","Blood Vial","Art of War","Potion Belt","Singing Bowl"],"potions_floor_usage":[14,14,16],"damage_taken":[{"damage":0,"enemies":"2 Louse","floor":1,"turns":1},{"damage":0,"enemies":"Jaw Worm","floor":4,"turns":1},{"damage":0,"enemies":"Gremlin Nob","floor":6,"turns":1},{"damage":17,"enemies":"3 Sentries","floor":8,"turns":7},{"damage":0,"enemies":"Cultist","floor":10,"turns":2},{"damage":1,"enemies":"2 Fungi Beasts","floor":13,"turns":3},{"damage":11,"enemies":"Lagavulin","floor":14,"turns":4},{"damage":45,"enemies":"Slime Boss","floor":16,"turns":9}],"seed_played":"-2561651957251624316","potions_obtained":[{"floor":1,"key":"EssenceOfSteel"},{"floor":8,"key":"FearPotion"},{"floor":14,"key":"Weak Potion"}],"is_trial":false,"path_per_floor":["M","?","$","M","$","E","R","E","T","M","R","?","M","E","R"],"character_chosen":"THE_SILENT","items_purchased":["Terror","Calculated Gamble"],"campfire_rested":1,"item_purchase_floors":[3,5],"current_hp_per_floor":[59,39,39,39,39,39,39,24,24,26,45,45,46,39,39,0],"gold":151,"neow_bonus":"THREE_ENEMY_KILL","is_prod":false,"is_daily":false,"chose_seed":false,"campfire_upgraded":2,"win_rate":0,"timestamp":1540913990,"path_taken":["M","?","$","?","$","E","R","E","T","M","R","?","?","E","R","BOSS"],"build_version":"2018-10-29v2","purchased_purges":0,"victory":false,"max_hp_per_floor":[66,66,66,66,66,66,66,66,66,66,66,66,66,68,68,68],"card_choices":[{"not_picked":["Reflex","Caltrops"],"picked":"Poisoned Stab","floor":1},{"not_picked":["Outmaneuver","Slice"],"picked":"Dagger Spray","floor":4},{"not_picked":["Bane","Backflip"],"picked":"Heel Hook","floor":6},{"not_picked":["Reflex","Cloak And Dagger"],"picked":"Backstab","floor":8},{"not_picked":["Concentrate","Acrobatics"],"picked":"Quick Slash","floor":10},{"not_picked":["Burst","Prepared"],"picked":"Deflect","floor":13},{"not_picked":["Outmaneuver","Crippling Poison","Deflect"],"picked":"Singing Bowl","floor":14}],"player_experience":565639,"relics_obtained":[{"floor":6,"key":"Blood Vial"},{"floor":8,"key":"Art of War"},{"floor":9,"key":"Potion Belt"},{"floor":14,"key":"Singing Bowl"}],"event_choices":[{"damage_healed":0,"gold_gain":0,"player_choice":"Entered Light","damage_taken":20,"max_hp_gain":0,"max_hp_loss":0,"event_name":"Shining Light","floor":2,"gold_loss":0,"cards_upgraded":["Defend_G","Neutralize"]},{"damage_healed":0,"gold_gain":0,"player_choice":"Ignored","damage_taken":0,"max_hp_gain":0,"max_hp_loss":0,"event_name":"Liars Game","floor":12,"gold_loss":0}],"is_beta":true,"boss_relics":[],"items_purged_floors":[],"is_endless":false,"potions_floor_spawned":[1,8,14],"killed_by":"Slime Boss","ascension_level":18}