{"path_per_floor":["M","$","?","M","?","R","M","E","T","$","M","M","R","E","R","B",null,"M","?","$","?","?","R","E","R","T","R","M","M","R","M","R","B",null,"M","?","?","M","M","R","E","?","T","E","R","M","$","M","R","B"],"character_chosen":"IRONCLAD","items_purchased":["Regal Pillow","Spot Weakness","Twin Strike","Uppercut","Battle Trance","Flash of Steel","Bag of Preparation","Pummel","Strength Potion","Block Potion"],"gold_per_floor":[367,54,19,39,39,39,52,79,102,21,37,50,50,82,82,181,181,200,200,111,111,111,111,144,144,170,170,181,196,196,208,208,306,306,323,371,371,382,399,399,427,427,427,453,453,467,79,98,98,98],"floor_reached":51,"campfire_rested":6,"playtime":1739,"current_hp_per_floor":[40,40,60,56,44,80,79,75,75,75,76,80,80,64,64,47,72,68,68,68,68,68,68,46,46,46,80,68,50,50,35,74,30,68,59,42,32,38,16,55,43,43,43,47,47,55,55,62,83,11],"items_purged":["Writhe"],"gold":98,"score":1040,"play_id":"e2c2af71-17fc-4671-bdbd-b1a2a0766571","local_time":"20180515123324","is_prod":false,"is_daily":false,"chose_seed":false,"is_ascension_mode":true,"campfire_upgraded":5,"timestamp":1526402004,"path_taken":["M","$","?","M","?","R","?","E","T","?","M","M","R","E","R","BOSS","M","?","$","?","?","R","E","R","T","R","M","M","R","M","R","BOSS","M","?","?","M","M","R","E","?","T","E","R","M","$","M","R","BOSS"],"build_version":"2018-05-14v2","seed_source_timestamp":63361435672650,"purchased_purges":1,"victory":true,"master_deck":["Strike_R","Strike_R","Strike_R","Strike_R","Strike_R","Defend_R","Defend_R","Defend_R","Defend_R","Spot Weakness","Twin Strike","Uppercut+1","Sword Boomerang","Demon Form","Shrug It Off","Battle Trance","Heavy Blade+1","Double Tap+1","Sword Boomerang","Flash of Steel","Pommel Strike+1","Heavy Blade+1","Pommel Strike","Feed","Pommel Strike+1","Master of Strategy","Flash of Steel","Mind Blast+1","Shrug It Off+1","Perfected Strike+1","Infernal Blade+1","Shrug It Off+1","Pummel"],"max_hp_per_floor":[80,80,80,80,80,80,80,80,80,80,80,80,80,80,80,80,80,80,80,80,80,80,80,80,80,80,80,80,80,80,80,80,80,80,80,80,80,83,83,83,83,83,83,83,83,83,83,83,83,86],"relics":["Burning Blood","Regal Pillow","Bag of Marbles","Self Forming Clay","Ancient Tea Set","Frozen Egg 2","Mark of Pain","Kunai","Blood Vial","Lantern","Lizard Tail","Calipers","Happy Flower","Thread and Needle","Mercury Hourglass","Bag of Preparation"],"card_choices":[{"not_picked":["Blood for Blood","Heavy Blade","Rampage"],"picked":"SKIP","floor":1},{"not_picked":["Fire Breathing","Clash"],"picked":"Sword Boomerang","floor":4},{"not_picked":["Thunderclap","Shrug It Off"],"picked":"Demon Form","floor":7},{"not_picked":["True Grit","Feel No Pain"],"picked":"Shrug It Off","floor":8},{"not_picked":["Shrug It Off","Battle Trance","Iron Wave"],"picked":"SKIP","floor":11},{"not_picked":["Spot Weakness","Ghostly Armor"],"picked":"Heavy Blade","floor":12},{"not_picked":["Havoc","Body Slam","Infernal Blade"],"picked":"SKIP","floor":14},{"not_picked":["Brutality+1","Demon Form+1"],"picked":"Double Tap","floor":16},{"not_picked":["Iron Wave","Clash"],"picked":"Sword Boomerang","floor":18},{"not_picked":["Dual Wield","True Grit"],"picked":"Pommel Strike","floor":24},{"not_picked":["Flame Barrier","Clothesline","Fiend Fire"],"picked":"SKIP","floor":28},{"not_picked":["Clash+1","Cleave"],"picked":"Heavy Blade+1","floor":29},{"not_picked":["Infernal Blade","Wild Strike"],"picked":"Pommel Strike","floor":31},{"not_picked":["Dark Embrace+1","Juggernaut+1"],"picked":"Feed","floor":33},{"not_picked":["Intimidate","Iron Wave"],"picked":"Pommel Strike+1","floor":35},{"not_picked":["Dramatic Entrance","Panacea"],"picked":"Master of Strategy","floor":37},{"not_picked":["Bandage Up","Jack Of All Trades"],"picked":"Flash of Steel","floor":37},{"not_picked":["Finesse","Master of Strategy"],"picked":"Mind Blast","floor":37},{"not_picked":["Second Wind","Anger"],"picked":"Shrug It Off+1","floor":38},{"not_picked":["Second Wind+1","Spot Weakness+1"],"picked":"Perfected Strike+1","floor":39},{"not_picked":["Shrug It Off","Dropkick"],"picked":"Infernal Blade+1","floor":41},{"not_picked":["Combust+1","Flex+1","Metallicize+1"],"picked":"SKIP","floor":44},{"not_picked":["Second Wind+1","Exhume"],"picked":"Shrug It Off+1","floor":46},{"not_picked":["Havoc","Armaments","Clash+1"],"picked":"SKIP","floor":48}],"player_experience":761390,"potions_floor_usage":[24,33,38,41,41,44,50],"damage_taken":[{"damage":2,"enemies":"Jaw Worm","floor":1,"turns":4},{"damage":10,"enemies":"2 Louse","floor":4,"turns":3},{"damage":7,"enemies":"Small Slimes","floor":7,"turns":2},{"damage":10,"enemies":"Lagavulin","floor":8,"turns":5},{"damage":5,"enemies":"3 Louse","floor":11,"turns":3},{"damage":0,"enemies":"Exordium Wildlife","floor":12,"turns":3},{"damage":22,"enemies":"3 Sentries","floor":14,"turns":6},{"damage":23,"enemies":"The Guardian","floor":16,"turns":8},{"damage":10,"enemies":"Shell Parasite","floor":18,"turns":3},{"damage":28,"enemies":"Slavers","floor":24,"turns":6},{"damage":18,"enemies":"Spheric Guardian","floor":28,"turns":4},{"damage":26,"enemies":"Centurion and Healer","floor":29,"turns":5},{"damage":23,"enemies":"Cultist and Chosen","floor":31,"turns":5},{"damage":52,"enemies":"Automaton","floor":33,"turns":12},{"damage":17,"enemies":"Orb Walker","floor":35,"turns":3},{"damage":25,"enemies":"Mysterious Sphere","floor":36,"turns":5},{"damage":13,"enemies":"Flame Bruiser 1 Orb","floor":38,"turns":4},{"damage":30,"enemies":"Spire Growth","floor":39,"turns":5},{"damage":20,"enemies":"2 Orb Walkers","floor":41,"turns":4},{"damage":47,"enemies":"Giant Head","floor":44,"turns":6},{"damage":0,"enemies":"Sphere and 2 Shapes","floor":46,"turns":3},{"damage":1,"enemies":"4 Shapes","floor":48,"turns":7},{"damage":81,"enemies":"Donu and Deca","floor":50,"turns":7}],"relics_obtained":[{"floor":8,"key":"Self Forming Clay"},{"floor":9,"key":"Ancient Tea Set"},{"floor":14,"key":"Frozen Egg 2"},{"floor":24,"key":"Blood Vial"},{"floor":26,"key":"Lantern"},{"floor":36,"key":"Calipers"},{"floor":41,"key":"Happy Flower"},{"floor":43,"key":"Thread and Needle"},{"floor":44,"key":"Mercury Hourglass"}],"event_choices":[{"event_name":"The Cleric","player_choice":"Healed","floor":3,"damage_taken":0},{"event_name":"Scrap Ooze","player_choice":"success","floor":5,"damage_taken":12},{"event_name":"Transmorgrifier","player_choice":"Transform","floor":19,"damage_taken":0},{"event_name":"The Woman in Blue","player_choice":"Bought 0 Potions","floor":21,"damage_taken":0},{"event_name":"The Mausoleum","player_choice":"Yes","floor":22,"damage_taken":0},{"event_name":"Mysterious Sphere","player_choice":"Fight","floor":36,"damage_taken":0},{"event_name":"SensoryStone","player_choice":"Memory 3","floor":37,"damage_taken":0}],"boss_relics":[{"not_picked":["Philosopher\u0027s Stone","Calling Bell"],"picked":"Mark of Pain"},{"not_picked":["Astrolabe","White Beast Statue"],"picked":"Lizard Tail"}],"potions_floor_spawned":[1,4,8,16,24,28,33,36,38,46,48],"seed_played":"-4542134258779358015","ascension_level":9,"potions_obtained":[{"floor":1,"key":"Block Potion"},{"floor":4,"key":"SteroidPotion"},{"floor":8,"key":"SkillPotion"},{"floor":16,"key":"Dexterity Potion"},{"floor":24,"key":"AttackPotion"},{"floor":28,"key":"FearPotion"},{"floor":33,"key":"FearPotion"},{"floor":36,"key":"BloodPotion"},{"floor":38,"key":"Block Potion"},{"floor":46,"key":"Weak Potion"}],"is_trial":false}