{"gold_per_floor":[118,128,141,141,141,167,181,181,207,207,207,220,12,32,32,137,137,149,74,91,106,36,36,64,76,123,51,65,65,78,98,98,98],"floor_reached":33,"playtime":3004,"items_purged":[],"score":323,"play_id":"ce63b830-5744-4307-914c-1bd26e36ad8a","local_time":"20190813002625","is_ascension_mode":true,"campfire_choices":[{"data":"Burning Pact","floor":8,"key":"SMITH"},{"data":"Pommel Strike","floor":10,"key":"SMITH"},{"data":"Metallicize","floor":15,"key":"SMITH"},{"data":"Shockwave","floor":23,"key":"SMITH"},{"floor":29,"key":"REST"},{"floor":32,"key":"REST"}],"neow_cost":"NONE","seed_source_timestamp":1502695699200,"circlet_count":0,"master_deck":["Strike_R","Strike_R","Strike_R","Defend_R","Defend_R","Defend_R","Defend_R","Bash+1","Pommel Strike+1","Flame Barrier+1","Armaments+1","Limit Break","Burning Pact+1","Battle Trance","Flame Barrier+1","Metallicize+1","Juggernaut","Feel No Pain","Perfected Strike","Shockwave+1","Whirlwind","Shrug It Off","Flex","Shrug It Off","Shockwave","True Grit+1","Body Slam"],"relics":["Burning Blood","Bag of Preparation","Oddly Smooth Stone","DollysMirror","Black Star","Strawberry","Dream Catcher","Orichalcum"],"potions_floor_usage":[6,16,18,18,18,24,24,25,30],"damage_taken":[{"damage":2,"enemies":"Jaw Worm","floor":1,"turns":3},{"damage":3,"enemies":"2 Louse","floor":2,"turns":3},{"damage":6,"enemies":"Cultist","floor":3,"turns":3},{"damage":20,"enemies":"3 Sentries","floor":6,"turns":10},{"damage":2,"enemies":"2 Fungi Beasts","floor":7,"turns":4},{"damage":0,"enemies":"Red Slaver","floor":12,"turns":5},{"damage":0,"enemies":"Looter","floor":14,"turns":4},{"damage":20,"enemies":"Hexaghost","floor":16,"turns":11},{"damage":19,"enemies":"Spheric Guardian","floor":18,"turns":12},{"damage":0,"enemies":"3 Byrds","floor":20,"turns":3},{"damage":6,"enemies":"Centurion and Healer","floor":21,"turns":11},{"damage":31,"enemies":"Book of Stabbing","floor":24,"turns":9},{"damage":6,"enemies":"Sentry and Sphere","floor":25,"turns":6},{"damage":49,"enemies":"3 Cultists","floor":28,"turns":7},{"damage":15,"enemies":"Chosen and Byrds","floor":30,"turns":7},{"damage":5,"enemies":"Cultist and Chosen","floor":31,"turns":6},{"damage":79,"enemies":"Champ","floor":33,"turns":15}],"seed_played":"-4563150893905941147","potions_obtained":[{"floor":1,"key":"Explosive Potion"},{"floor":6,"key":"SkillPotion"},{"floor":7,"key":"Poison Potion"},{"floor":14,"key":"PowerPotion"},{"floor":16,"key":"Explosive Potion"},{"floor":20,"key":"Strength Potion"},{"floor":21,"key":"SkillPotion"},{"floor":24,"key":"AttackPotion"},{"floor":25,"key":"Ancient Potion"}],"is_trial":false,"path_per_floor":["M","M","M","?","?","E","M","R","T","R","?","M","$","M","R","B",null,"M","?","M","M","$","R","E","M","T","$","M","R","M","M","R","B"],"character_chosen":"IRONCLAD","items_purchased":["DollysMirror","Whirlwind","Flex","Shrug It Off"],"campfire_rested":2,"item_purchase_floors":[13,22,27,27],"current_hp_per_floor":[88,88,88,70,70,56,60,60,60,60,60,66,66,72,72,58,88,75,75,81,81,81,81,63,63,63,63,20,48,39,40,68,0],"gold":98,"neow_bonus":"TEN_PERCENT_HP_BONUS","is_prod":false,"is_daily":false,"chose_seed":false,"campfire_upgraded":4,"win_rate":0,"timestamp":1565652385,"path_taken":["M","M","M","?","?","E","?","R","T","R","?","?","$","M","R","BOSS","M","?","M","M","$","R","E","M","T","$","M","R","M","M","R","BOSS"],"build_version":"2019-07-17","purchased_purges":0,"victory":false,"max_hp_per_floor":[88,88,88,88,88,88,88,88,88,88,88,88,88,88,88,88,88,88,88,88,88,88,88,95,95,95,95,95,95,95,95,95,95],"card_choices":[{"not_picked":["Evolve","True Grit"],"picked":"Pommel Strike","floor":1},{"not_picked":["Sword Boomerang","Perfected Strike"],"picked":"Flame Barrier","floor":2},{"not_picked":["Shockwave","Heavy Blade"],"picked":"Armaments","floor":3},{"not_picked":["Combust","Bloodletting"],"picked":"Limit Break","floor":6},{"not_picked":["Cleave","Clothesline"],"picked":"Burning Pact","floor":7},{"not_picked":["Headbutt","Iron Wave"],"picked":"Battle Trance","floor":12},{"not_picked":["Shrug It Off","Infernal Blade"],"picked":"Metallicize","floor":14},{"not_picked":["Fiend Fire","Impervious"],"picked":"Juggernaut","floor":16},{"not_picked":["Perfected Strike+1","Iron Wave"],"picked":"Feel No Pain","floor":18},{"not_picked":["Rampage","Twin Strike"],"picked":"Perfected Strike","floor":20},{"not_picked":["Rupture+1","Headbutt+1"],"picked":"Shockwave","floor":21},{"not_picked":["Anger","Headbutt"],"picked":"Shrug It Off","floor":24},{"not_picked":["Sword Boomerang","Reckless Charge","Searing Blow"],"picked":"SKIP","floor":25},{"not_picked":["Heavy Blade","Battle Trance+1","Pommel Strike"],"picked":"SKIP","floor":28},{"not_picked":["Whirlwind","Havoc"],"picked":"Shockwave","floor":29},{"not_picked":["Anger","Carnage"],"picked":"True Grit+1","floor":30},{"not_picked":["Wild Strike","Corruption+1","Clothesline+1"],"picked":"SKIP","floor":31},{"not_picked":["Uppercut","Reckless Charge"],"picked":"Body Slam","floor":32}],"player_experience":127045,"relics_obtained":[{"floor":6,"key":"Bag of Preparation"},{"floor":9,"key":"Oddly Smooth Stone"},{"floor":24,"key":"Strawberry"},{"floor":24,"key":"Dream Catcher"},{"floor":26,"key":"Orichalcum"}],"event_choices":[{"damage_healed":0,"gold_gain":0,"player_choice":"Entered Light","damage_taken":18,"max_hp_gain":0,"max_hp_loss":0,"event_name":"Shining Light","floor":4,"gold_loss":0,"cards_upgraded":["Bash","Armaments"]},{"damage_healed":0,"gold_gain":0,"player_choice":"Forge","damage_taken":0,"max_hp_gain":0,"max_hp_loss":0,"event_name":"Accursed Blacksmith","floor":5,"gold_loss":0,"cards_upgraded":["Flame Barrier"]},{"cards_removed":["Strike_R"],"damage_healed":0,"gold_gain":0,"player_choice":"Offered Basic","damage_taken":0,"max_hp_gain":0,"max_hp_loss":0,"event_name":"Bonfire Elementals","floor":11,"gold_loss":0},{"cards_removed":["Strike_R"],"damage_healed":0,"gold_gain":0,"player_choice":"Gave Gold","damage_taken":0,"max_hp_gain":0,"max_hp_loss":0,"event_name":"Beggar","floor":19,"gold_loss":75}],"is_beta":false,"boss_relics":[{"not_picked":["Busted Crown","Coffee Dripper"],"picked":"Black Star"}],"items_purged_floors":[],"is_endless":false,"potions_floor_spawned":[1,6,7,14,16,20,21,24,25],"killed_by":"Champ","ascension_level":2}