{"gold_per_floor":[111,111,0,16,30,30,64,135,135,135,37,37,47,76,76,181,181,201,201,4,15,15,15,43,43,43,43,43,72,72,32,32,133,133,143,157,172,184,184,214,214,31,58,58,75,75,85,160,160,160],"floor_reached":51,"playtime":2039,"items_purged":["Strike_P","Strike_P"],"score":985,"play_id":"3c8f05f9-91b1-4fd8-9458-26d0d29ad793","local_time":"20190914014339","is_ascension_mode":true,"campfire_choices":[{"data":"Vigilance","floor":6.0,"key":"SMITH"},{"data":"InnerPeace","floor":10.0,"key":"SMITH"},{"data":"StepAndStrike","floor":12.0,"key":"SMITH"},{"data":"Devotion","floor":15.0,"key":"SMITH"},{"data":"Adaptation","floor":23.0,"key":"SMITH"},{"data":"EmptyMind","floor":25.0,"key":"SMITH"},{"data":"Bandage Up","floor":27.0,"key":"SMITH"},{"floor":30.0,"key":"REST"},{"data":"FollowUp","floor":32.0,"key":"SMITH"},{"floor":41.0,"key":"REST"},{"data":"Establishment","floor":44.0,"key":"SMITH"},{"floor":46.0,"key":"REST"},{"floor":49.0,"key":"REST"}],"neow_cost":"NONE","seed_source_timestamp":104620000790473,"circlet_count":0,"master_deck":["Strike_P","Strike_P","Defend_P","Defend_P+1","Defend_P+1","Defend_P","Eruption+1","Vigilance+1","DeceiveReality+1","Adaptation+1","InnerPeace+1","Crescendo","StepAndStrike+1","Bandage Up+1","FollowUp+1","Devotion+1","Vault","FlyingSleeves+1","EmptyMind+1","CleanseEvil+1","Nirvana","Perseverance","Establishment+1","Devotion"],"special_seed":0,"relics":["PureWater","Ornamental Fan","War Paint","HornCleat","Philosopher\u0027s Stone","Bronze Scales","Torii","TeardropLocket","The Courier","Busted Crown","StrikeDummy","Bag of Marbles"],"potions_floor_usage":[50,50,50],"damage_taken":[{"damage":0.0,"enemies":"2 Louse","floor":1.0,"turns":1.0},{"damage":0.0,"enemies":"Cultist","floor":4.0,"turns":3.0},{"damage":6.0,"enemies":"Jaw Worm","floor":5.0,"turns":3.0},{"damage":9.0,"enemies":"3 Sentries","floor":7.0,"turns":9.0},{"damage":0.0,"enemies":"Blue Slaver","floor":13.0,"turns":3.0},{"damage":20.0,"enemies":"Lagavulin","floor":14.0,"turns":5.0},{"damage":8.0,"enemies":"Slime Boss","floor":16.0,"turns":8.0},{"damage":0.0,"enemies":"Chosen","floor":18.0,"turns":5.0},{"damage":6.0,"enemies":"3 Byrds","floor":21.0,"turns":5.0},{"damage":10.0,"enemies":"Gremlin Leader","floor":24.0,"turns":6.0},{"damage":24.0,"enemies":"Slavers","floor":29.0,"turns":4.0},{"damage":0.0,"enemies":"Automaton","floor":33.0,"turns":8.0},{"damage":25.0,"enemies":"3 Shapes","floor":35.0,"turns":4.0},{"damage":0.0,"enemies":"Orb Walker","floor":36.0,"turns":3.0},{"damage":1.0,"enemies":"Jaw Worm Horde","floor":37.0,"turns":6.0},{"damage":0.0,"enemies":"Transient","floor":38.0,"turns":5.0},{"damage":28.0,"enemies":"Reptomancer","floor":40.0,"turns":8.0},{"damage":13.0,"enemies":"Writhing Mass","floor":45.0,"turns":6.0},{"damage":8.0,"enemies":"Jaw Worm Horde","floor":47.0,"turns":4.0},{"damage":33,"enemies":"Donu and Deca","floor":50,"turns":6}],"seed_played":"-1572645664647308406","potions_obtained":[{"floor":1.0,"key":"SkillPotion"},{"floor":13.0,"key":"Dexterity Potion"},{"floor":14.0,"key":"Weak Potion"},{"floor":21.0,"key":"Weak Potion"},{"floor":24.0,"key":"Energy Potion"},{"floor":29.0,"key":"FearPotion"},{"floor":33.0,"key":"Dexterity Potion"},{"floor":37.0,"key":"DuplicationPotion"}],"is_trial":false,"path_per_floor":["M","?","$","M","M","R","E","?","T","R","$","R","M","E","R","B",null,"M","?","$","M","?","R","E","R","T","R","?","E","R","$","R","B",null,"M","M","M","M","?","E","R","$","T","R","M","R","M","?","R","B",null],"character_chosen":"WATCHER","items_purchased":["Adaptation","Bandage Up","Bronze Scales","FearPotion","Strength Potion","Establishment","Strength Potion"],"campfire_rested":4,"item_purchase_floors":[3,11,20,20,31,42,42],"current_hp_per_floor":[59,59,59,59,53,53,44,44,44,44,44,44,48,32,32,28,56,60,60,60,58,58,58,52,52,52,52,52,34,53,53,53,59,64,42,42,47,53,53,31,49,49,49,49,42,60,54,48,62,35],"gold":160,"neow_bonus":"UPGRADE_CARD","is_prod":false,"is_daily":false,"chose_seed":false,"campfire_upgraded":9,"win_rate":0,"timestamp":1568393019,"path_taken":["M","?","$","M","?","R","E","?","T","R","$","R","M","E","R","BOSS","M","?","$","M","?","R","E","R","T","R","?","E","R","?","R","BOSS","M","M","?","M","?","E","R","$","T","R","M","R","M","?","R","BOSS"],"build_version":"2019-09-12","purchased_purges":2,"victory":true,"max_hp_per_floor":[65,65,65,65,65,65,65,65,65,65,65,65,65,65,65,65,65,65,65,65,65,65,65,65,65,65,65,65,65,65,65,65,65,65,65,65,65,65,62,62,62,62,62,62,62,62,62,62,62,62],"card_choices":[{"not_picked":["Vengeance","WreathOfFlame"],"picked":"DeceiveReality","floor":1.0},{"not_picked":["JustLucky","Weave"],"picked":"InnerPeace","floor":4.0},{"not_picked":["Halt","CrushJoints"],"picked":"Crescendo","floor":5.0},{"not_picked":["JustLucky","TalkToTheHand"],"picked":"StepAndStrike","floor":7.0},{"not_picked":["Collect","Clarity"],"picked":"FollowUp","floor":13.0},{"not_picked":["Consecrate","StepAndStrike"],"picked":"Devotion","floor":14.0},{"not_picked":["Ragnarok","Pray"],"picked":"Vault","floor":16.0},{"not_picked":["Halt","Consecrate","TalkToTheHand"],"picked":"SKIP","floor":18.0},{"not_picked":["FollowUp","Consecrate"],"picked":"FlyingSleeves+1","floor":21.0},{"not_picked":["DeceiveReality","EmptyBody+1"],"picked":"EmptyMind","floor":24.0},{"not_picked":["JustLucky","BowlingBash"],"picked":"CleanseEvil+1","floor":29.0},{"not_picked":["Unraveling","Metaphysics"],"picked":"Nirvana","floor":33.0},{"not_picked":["Vengeance+1"],"picked":"SKIP","floor":35.0},{"not_picked":["EmptyBody+1"],"picked":"SKIP","floor":36.0},{"not_picked":["FlyingSleeves+1"],"picked":"SKIP","floor":37.0},{"not_picked":["ForeignInfluence"],"picked":"SKIP","floor":38.0},{"not_picked":[],"picked":"Perseverance","floor":40.0},{"not_picked":["Clarity+1"],"picked":"SKIP","floor":45.0},{"not_picked":[],"picked":"Devotion","floor":47.0}],"player_experience":626814,"relics_obtained":[{"floor":7.0,"key":"Ornamental Fan"},{"floor":9.0,"key":"War Paint"},{"floor":14.0,"key":"HornCleat"},{"floor":24.0,"key":"Torii"},{"floor":26.0,"key":"TeardropLocket"},{"floor":29.0,"key":"The Courier"},{"floor":40.0,"key":"StrikeDummy"},{"floor":43.0,"key":"Bag of Marbles"}],"event_choices":[{"damage_healed":0.0,"max_hp_gain":0.0,"max_hp_loss":0.0,"gold_gain":0.0,"event_name":"Upgrade Shrine","player_choice":"Upgraded","floor":2.0,"gold_loss":0.0,"damage_taken":0.0,"cards_upgraded":["DeceiveReality"]},{"damage_healed":0.0,"max_hp_gain":0.0,"max_hp_loss":0.0,"gold_gain":71.0,"event_name":"Golden Wing","player_choice":"Gained Gold","floor":8.0,"gold_loss":0.0,"damage_taken":0.0},{"damage_healed":0.0,"max_hp_gain":0.0,"max_hp_loss":0.0,"gold_gain":0.0,"event_name":"Ghosts","player_choice":"Ignored","floor":19.0,"gold_loss":0.0,"damage_taken":0.0},{"damage_healed":0.0,"max_hp_gain":0.0,"max_hp_loss":0.0,"gold_gain":0.0,"event_name":"Cursed Tome","player_choice":"Ignored","floor":22.0,"gold_loss":0.0,"damage_taken":0.0},{"damage_healed":0.0,"max_hp_gain":0.0,"max_hp_loss":0.0,"gold_gain":0.0,"event_name":"Vampires","player_choice":"Ignored","floor":28.0,"gold_loss":0.0,"damage_taken":0.0},{"damage_healed":0.0,"max_hp_gain":0.0,"max_hp_loss":3.0,"gold_gain":0.0,"event_name":"Winding Halls","player_choice":"Max HP","floor":39.0,"gold_loss":0.0,"damage_taken":0.0},{"damage_healed":0.0,"max_hp_gain":0.0,"max_hp_loss":0.0,"gold_gain":75.0,"event_name":"FaceTrader","player_choice":"Touch","floor":48.0,"gold_loss":0.0,"damage_taken":6.0}],"is_beta":true,"boss_relics":[{"not_picked":["Calling Bell","SacredBark"],"picked":"Philosopher\u0027s Stone"},{"not_picked":["Velvet Choker","Black Star"],"picked":"Busted Crown"}],"items_purged_floors":[3,42],"is_endless":false,"potions_floor_spawned":[1,13,14,21,24,29,33,37,38],"ascension_level":6}