{"gold_per_floor":[320,68,85,85,160,191,191,210,235,269,290,306,306,332,332,428,478,488,501,393,393,393,393,421,421,472,486,500,395,395,17,17,118,118,137,150,166,178,229,229,249,249,276,290,290,6,40,57,57,57],"floor_reached":51,"playtime":4020,"items_purged":["Entrench+1"],"score":760,"play_id":"ba060786-7472-46dc-b730-d896cfa94a40","local_time":"20180819224121","is_ascension_mode":true,"campfire_choices":[{"data":"Infernal Blade","floor":7,"key":"SMITH"},{"data":"Seeing Red","floor":13,"key":"SMITH"},{"data":"Pommel Strike","floor":15,"key":"SMITH"},{"floor":23,"key":"REST"},{"floor":25,"key":"REST"},{"data":"Armaments","floor":32,"key":"SMITH"},{"data":"Trip","floor":40,"key":"SMITH"},{"data":"Corruption","floor":45,"key":"SMITH"},{"data":"Whirlwind","floor":49,"key":"SMITH"}],"neow_cost":"NO_GOLD","seed_source_timestamp":359327207101600,"circlet_count":0,"master_deck":["Strike_R+1","Strike_R+1","Strike_R+1","Strike_R+1","Defend_R+1","Defend_R+1","Defend_R+1","Defend_R+1","Bash","Spot Weakness","Infernal Blade+1","Heavy Blade","Seeing Red+1","Sword Boomerang","Pommel Strike+1","Feel No Pain","Metallicize","Bludgeon","Headbutt","Twin Strike+1","Iron Wave","Metallicize","Armaments+1","Shockwave+1","Whirlwind+1","Trip+1","Inflame","Shrug It Off","Limit Break","True Grit+1","Iron Wave+1","Shrug It Off+1","Thunderclap+1","Warcry+1","Corruption+1","Blood for Blood","Sadistic Nature","Clash+1","Thunderclap+1"],"relics":["Black Blood","Old Coin","Paper Frog","Bag of Preparation","Boot","Pantograph","Odd Mushroom","Unceasing Top","Tiny House","Red Mask","Vajra","Omamori","Bird Faced Urn","Incense Burner","Nunchaku","Bag of Marbles","Toxic Egg 2"],"potions_floor_usage":[8,16,24,24,24,33,33,37,39,44,50,50,50],"damage_taken":[{"damage":7,"enemies":"Small Slimes","floor":1,"turns":3},{"damage":7,"enemies":"Jaw Worm","floor":3,"turns":3},{"damage":23,"enemies":"Gremlin Nob","floor":6,"turns":4},{"damage":1,"enemies":"2 Louse","floor":8,"turns":5},{"damage":20,"enemies":"3 Sentries","floor":10,"turns":7},{"damage":20,"floor":11,"turns":5},{"damage":0,"enemies":"Large Slime","floor":12,"turns":3},{"damage":15,"enemies":"Gremlin Nob","floor":14,"turns":3},{"damage":34,"enemies":"Hexaghost","floor":16,"turns":7},{"damage":63,"enemies":"Shell Parasite","floor":18,"turns":6},{"damage":12,"enemies":"Chosen","floor":19,"turns":3},{"damage":10,"floor":24,"turns":3},{"damage":24,"enemies":"3 Cultists","floor":27,"turns":7},{"damage":8,"enemies":"Centurion and Healer","floor":28,"turns":6},{"damage":61,"enemies":"Automaton","floor":33,"turns":15},{"damage":11,"enemies":"3 Shapes","floor":35,"turns":8},{"damage":17,"enemies":"Orb Walker","floor":36,"turns":4},{"damage":23,"enemies":"3 Darklings","floor":37,"turns":4},{"damage":25,"enemies":"Sphere and 2 Shapes","floor":38,"turns":7},{"damage":18,"floor":39,"turns":6},{"damage":10,"enemies":"4 Shapes","floor":41,"turns":8},{"damage":0,"floor":42,"turns":8},{"damage":0,"enemies":"3 Darklings","floor":44,"turns":4},{"damage":36,"enemies":"2 Orb Walkers","floor":47,"turns":6},{"damage":22,"enemies":"Transient","floor":48,"turns":5},{"damage":52,"enemies":"Donu and Deca","floor":50,"turns":8}],"seed_played":"7840269364779236732","potions_obtained":[{"floor":6,"key":"Regen Potion"},{"floor":8,"key":"BloodPotion"},{"floor":12,"key":"SpeedPotion"},{"floor":14,"key":"Poison Potion"},{"floor":17,"key":"Dexterity Potion"},{"floor":28,"key":"EntropicBrew"},{"floor":33,"key":"SteroidPotion"},{"floor":35,"key":"PowerPotion"},{"floor":37,"key":"FearPotion"},{"floor":39,"key":"BloodPotion"},{"floor":41,"key":"SkillPotion"},{"floor":48,"key":"Energy Potion"}],"is_trial":false,"path_per_floor":["M","$","M","?","?","E","R","M","T","E","?","M","R","E","R","B",null,"M","M","$","?","?","R","?","R","T","M","M","$","T","$","R","B",null,"M","M","M","M","?","R","M","?","T","M","R","$","E","M","R","B"],"character_chosen":"IRONCLAD","items_purchased":["Paper Frog","Metallicize","Trip","Bird Faced Urn","Inflame","Shrug It Off","Blood for Blood","Sadistic Nature"],"campfire_rested":2,"item_purchase_floors":[2,20,29,31,31,31,46,46],"current_hp_per_floor":[79,79,78,78,67,50,50,74,74,60,46,52,52,43,43,40,85,28,22,22,22,6,33,38,65,65,47,45,45,45,45,45,23,90,89,85,79,72,75,75,83,93,93,93,93,93,75,69,69,79],"gold":57,"neow_bonus":"ONE_RARE_RELIC","is_prod":false,"is_daily":false,"chose_seed":false,"campfire_upgraded":7,"win_rate":0,"timestamp":1534743681,"path_taken":["M","$","M","?","?","E","R","M","T","E","?","M","R","E","R","BOSS","M","?","$","?","?","R","?","R","T","M","M","?","?","$","R","BOSS","M","M","M","M","?","R","M","?","T","M","R","$","E","M","R","BOSS"],"build_version":"2018-08-16","purchased_purges":1,"victory":true,"max_hp_per_floor":[80,80,80,80,80,80,80,80,80,80,80,80,80,80,80,80,85,85,85,85,85,90,90,90,90,90,90,90,90,90,90,90,90,90,90,90,90,90,93,93,93,93,93,93,93,93,93,93,93,93],"card_choices":[{"not_picked":["Flex","Wild Strike"],"picked":"Spot Weakness","floor":1},{"not_picked":["Armaments","Rampage"],"picked":"Infernal Blade","floor":3},{"not_picked":["Flex","Blood for Blood"],"picked":"Heavy Blade","floor":6},{"not_picked":["Armaments","Searing Blow"],"picked":"Seeing Red","floor":8},{"not_picked":["Entrench","Shockwave"],"picked":"Sword Boomerang","floor":10},{"not_picked":["Sever Soul","Flex"],"picked":"Pommel Strike","floor":11},{"not_picked":["Bloodletting","True Grit"],"picked":"Feel No Pain","floor":12},{"not_picked":["Second Wind","Havoc"],"picked":"Metallicize","floor":14},{"not_picked":["Brutality","Offering"],"picked":"Bludgeon","floor":16},{"not_picked":["Rupture","Fire Breathing"],"picked":"Headbutt","floor":17},{"not_picked":["Flex","Headbutt"],"picked":"Twin Strike+1","floor":18},{"not_picked":["Flex","Anger"],"picked":"Iron Wave","floor":19},{"not_picked":["Twin Strike+1","Second Wind"],"picked":"Armaments","floor":24},{"not_picked":["Body Slam+1","Rampage"],"picked":"Shockwave+1","floor":27},{"not_picked":["Inflame","Clothesline"],"picked":"Whirlwind","floor":28},{"not_picked":["Fiend Fire","Juggernaut"],"picked":"Limit Break","floor":33},{"not_picked":["Armaments+1","Blood for Blood+1"],"picked":"True Grit+1","floor":35},{"not_picked":["Evolve+1","Havoc","Body Slam"],"picked":"SKIP","floor":36},{"not_picked":["Pommel Strike","Havoc+1"],"picked":"Iron Wave+1","floor":37},{"not_picked":["Warcry+1","Clothesline+1"],"picked":"Shrug It Off+1","floor":38},{"not_picked":["Iron Wave","Spot Weakness+1"],"picked":"Thunderclap+1","floor":39},{"not_picked":["Whirlwind","Wild Strike+1"],"picked":"Warcry+1","floor":41},{"not_picked":["Cleave","Inflame"],"picked":"Corruption","floor":44},{"not_picked":["Corruption+1","Sword Boomerang"],"picked":"Clash+1","floor":47},{"not_picked":["Iron Wave","Clothesline"],"picked":"Thunderclap+1","floor":48}],"player_experience":231297,"relics_obtained":[{"floor":6,"key":"Bag of Preparation"},{"floor":9,"key":"Boot"},{"floor":10,"key":"Pantograph"},{"floor":11,"key":"Odd Mushroom"},{"floor":14,"key":"Unceasing Top"},{"floor":24,"key":"Red Mask"},{"floor":26,"key":"Vajra"},{"floor":30,"key":"Omamori"},{"floor":39,"key":"Incense Burner"},{"floor":42,"key":"Nunchaku"},{"floor":43,"key":"Bag of Marbles"},{"floor":47,"key":"Toxic Egg 2"}],"event_choices":[{"event_name":"Living Wall","player_choice":"Change","floor":4,"damage_taken":0},{"event_name":"World of Goop","player_choice":"Gather Gold","floor":5,"damage_taken":0},{"event_name":"Mushrooms","player_choice":"Fought Mushrooms","floor":11,"damage_taken":0},{"event_name":"Back to Basics","player_choice":"Simplicity","floor":21,"damage_taken":0},{"event_name":"Forgotten Altar","player_choice":"Shed Blood","floor":22,"damage_taken":0},{"event_name":"Masked Bandits","player_choice":"Fought Bandits","floor":24,"damage_taken":0},{"event_name":"Mysterious Sphere","player_choice":"Fight","floor":39,"damage_taken":0},{"event_name":"MindBloom","player_choice":"Fight","floor":42,"damage_taken":0}],"is_beta":false,"boss_relics":[{"not_picked":["Coffee Dripper","White Beast Statue"],"picked":"Tiny House"},{"not_picked":["Runic Pyramid","Pandora\u0027s Box"],"picked":"Black Blood"}],"items_purged_floors":[20],"is_endless":false,"potions_floor_spawned":[6,8,12,14,28,33,35,37,39,41,48],"ascension_level":2}