{"gold_per_floor":[115,65,41,55,55,89,18,43,43,43,53,66,80,110,110,211,211,222,222,222,222,49,49,83,103,103,136,136,136,147,164,164,266,266,276,276,16,16,33,33,46,46,46,46,46,46,63,63,63,63],"floor_reached":50,"playtime":3520,"items_purged":[],"score":792,"play_id":"3d479c60-420d-4c36-bf63-2ce465fc67d8","local_time":"20190613224908","is_ascension_mode":true,"campfire_choices":[{"floor":10.0,"key":"REST"},{"floor":15.0,"key":"REST"},{"floor":23.0,"key":"REST"},{"data":"Envenom","floor":28.0,"key":"SMITH"},{"data":"Burst","floor":29.0,"key":"SMITH"},{"floor":32.0,"key":"REST"},{"data":"After Image","floor":40.0,"key":"SMITH"},{"data":"A Thousand Cuts","floor":42.0,"key":"SMITH"},{"data":"Adrenaline","floor":44.0,"key":"SMITH"},{"data":"Night Terror","floor":46.0,"key":"SMITH"},{"data":"Catalyst","floor":49.0,"key":"SMITH"}],"neow_cost":"NONE","seed_source_timestamp":0,"circlet_count":0,"master_deck":["Survivor","Neutralize","Cloak And Dagger","Quick Slash","Well Laid Plans","Caltrops","Poisoned Stab","Deadly Poison","Backstab","Dagger Throw","A Thousand Cuts+1","Die Die Die","Burst+1","Well Laid Plans","Choke","Leg Sweep","Night Terror+1","Crippling Poison","Backstab","Bullet Time","Envenom+1","Necronomicurse","Dodge and Roll","Footwork","Dodge and Roll","Adrenaline+1","PiercingWail","After Image+1","Prepared+1","Writhe","Backstab","Dash","Writhe","Catalyst+1","Dark Shackles"],"special_seed":0,"relics":["Ring of the Snake","NeowsBlessing","Bottled Lightning","Bag of Preparation","Pen Nib","War Paint","Pandora\u0027s Box","Du-Vu Doll","Necronomicon","Sundial","WingedGreaves","Cursed Key","Darkstone Periapt","GremlinMask","Question Card"],"potions_floor_usage":[50,50,50],"damage_taken":[{"damage":0.0,"enemies":"Jaw Worm","floor":1.0,"turns":1.0},{"damage":0.0,"enemies":"2 Louse","floor":4.0,"turns":1.0},{"damage":0.0,"enemies":"Lagavulin","floor":6.0,"turns":1.0},{"damage":44.0,"enemies":"Gremlin Nob","floor":8.0,"turns":6.0},{"damage":0.0,"enemies":"Cultist","floor":11.0,"turns":3.0},{"damage":9.0,"enemies":"Exordium Thugs","floor":12.0,"turns":5.0},{"damage":0.0,"enemies":"Exordium Wildlife","floor":13.0,"turns":3.0},{"damage":12.0,"enemies":"Lagavulin","floor":14.0,"turns":5.0},{"damage":37.0,"enemies":"Slime Boss","floor":16.0,"turns":8.0},{"damage":0.0,"enemies":"Chosen","floor":18.0,"turns":3.0},{"damage":0.0,"enemies":"Gremlin Leader","floor":24.0,"turns":5.0},{"damage":0.0,"enemies":"Spheric Guardian","floor":25.0,"turns":2.0},{"damage":0.0,"enemies":"Slavers","floor":27.0,"turns":4.0},{"damage":2.0,"enemies":"Cultist and Chosen","floor":30.0,"turns":3.0},{"damage":9.0,"enemies":"Centurion and Healer","floor":31.0,"turns":6.0},{"damage":22.0,"enemies":"Champ","floor":33.0,"turns":15.0},{"damage":0.0,"enemies":"Orb Walker","floor":35.0,"turns":3.0},{"damage":5.0,"enemies":"3 Shapes","floor":39.0,"turns":6.0},{"damage":8.0,"enemies":"Maw","floor":41.0,"turns":7.0},{"damage":10.0,"enemies":"Jaw Worm Horde","floor":47.0,"turns":3.0},{"damage":76,"enemies":"Donu and Deca","floor":50,"turns":8}],"seed_played":"6594533469864408182","potions_obtained":[{"floor":8.0,"key":"Energy Potion"},{"floor":12.0,"key":"SkillPotion"},{"floor":16.0,"key":"Fruit Juice"},{"floor":27.0,"key":"Ancient Potion"},{"floor":30.0,"key":"Dexterity Potion"},{"floor":39.0,"key":"Dexterity Potion"},{"floor":47.0,"key":"Dexterity Potion"}],"is_trial":false,"path_per_floor":["M","?","$","M","?","E","$","E","T","R","M","M","M","E","R","B",null,"M","?","T","?","$","R","E","M","T","E","R","R","M","M","R","B",null,"M","?","$","?","M","R","M","R","T","R","$","R","M","?","R","B"],"character_chosen":"THE_SILENT","items_purchased":["Quick Slash","Caltrops","Dodge and Roll","Footwork","Regen Potion","Darkstone Periapt"],"campfire_rested":4,"item_purchase_floors":[3,7,22,22,22,37],"current_hp_per_floor":[63,63,63,63,63,63,63,19,19,40,40,31,31,19,40,3,53,53,40,40,24,29,53,67,67,67,67,67,67,65,56,80,58,75,75,80,80,80,75,75,67,67,73,73,73,73,63,63,63,0],"gold":63,"neow_bonus":"THREE_ENEMY_KILL","is_prod":false,"is_daily":false,"chose_seed":false,"campfire_upgraded":7,"win_rate":0,"timestamp":1560491348,"path_taken":["M","?","$","M","?","E","$","E","T","R","M","M","?","E","R","BOSS","M","?","?","?","?","R","E","M","T","E","R","R","M","M","R","BOSS","M","?","$","?","M","R","?","R","T","R","?","R","M","?","R","BOSS"],"build_version":"2019-01-23","purchased_purges":0,"victory":false,"max_hp_per_floor":[70,70,70,70,70,70,70,70,70,70,70,70,70,70,70,70,70,70,75,75,75,80,80,80,80,80,80,80,80,80,80,80,80,80,80,80,80,80,80,80,80,80,86,86,86,86,86,86,86,86],"card_choices":[{"not_picked":["Blade Dance","Bane"],"picked":"Cloak And Dagger","floor":1.0},{"not_picked":["Prepared","Heel Hook","Outmaneuver"],"picked":"SKIP","floor":4.0},{"not_picked":["PiercingWail","Outmaneuver"],"picked":"Well Laid Plans","floor":6.0},{"not_picked":["Bullet Time","Catalyst"],"picked":"Poisoned Stab","floor":8.0},{"not_picked":["Underhanded Strike","Calculated Gamble"],"picked":"Deadly Poison","floor":11.0},{"not_picked":["Sucker Punch","Flying Knee"],"picked":"Backstab","floor":12.0},{"not_picked":["Slice","Blade Dance"],"picked":"Dagger Throw","floor":13.0},{"not_picked":["Quick Slash","Dagger Throw"],"picked":"A Thousand Cuts","floor":14.0},{"not_picked":["Wraith Form v2","Bullet Time"],"picked":"Die Die Die","floor":16.0},{"not_picked":["Dagger Spray","Bane","Slice+1"],"picked":"SKIP","floor":18.0},{"not_picked":["Outmaneuver","Sucker Punch+1"],"picked":"Dodge and Roll","floor":24.0},{"not_picked":["Deadly Poison","Sucker Punch","Slice"],"picked":"SKIP","floor":25.0},{"not_picked":["Quick Slash","Bouncing Flask","Acrobatics"],"picked":"SKIP","floor":27.0},{"not_picked":["Distraction+1","Poisoned Stab"],"picked":"Adrenaline","floor":30.0},{"not_picked":["Sucker Punch","Distraction"],"picked":"PiercingWail","floor":31.0},{"not_picked":["Bullet Time","Adrenaline"],"picked":"After Image","floor":33.0},{"not_picked":["Eviscerate","Quick Slash+1"],"picked":"Prepared+1","floor":35.0},{"not_picked":["Outmaneuver+1","Dagger Throw+1"],"picked":"Backstab","floor":39.0},{"not_picked":["Deflect","Blade Dance+1"],"picked":"Dash","floor":41.0},{"not_picked":["Setup+1","Slice+1","Poisoned Stab"],"picked":"Catalyst","floor":47.0},{"not_picked":["Panacea","Good Instincts","Impatience"],"picked":"Dark Shackles","floor":48.0}],"player_experience":1299693,"relics_obtained":[{"floor":6.0,"key":"Bottled Lightning"},{"floor":8.0,"key":"Bag of Preparation"},{"floor":9.0,"key":"Pen Nib"},{"floor":14.0,"key":"War Paint"},{"floor":20.0,"key":"Du-Vu Doll"},{"floor":21.0,"key":"Necronomicon"},{"floor":26.0,"key":"Sundial"},{"floor":27.0,"key":"WingedGreaves"},{"floor":43.0,"key":"Question Card"}],"event_choices":[{"cards_removed":["Strike_G"],"damage_healed":0.0,"max_hp_gain":0.0,"max_hp_loss":0.0,"gold_gain":0.0,"event_name":"The Cleric","player_choice":"Card Removal","floor":2.0,"gold_loss":50.0,"damage_taken":0.0},{"damage_healed":0.0,"max_hp_gain":0.0,"max_hp_loss":0.0,"gold_gain":0.0,"event_name":"The Woman in Blue","player_choice":"Bought 0 Potions","floor":5.0,"gold_loss":0.0,"damage_taken":0.0},{"damage_healed":0.0,"max_hp_gain":5.0,"max_hp_loss":0.0,"gold_gain":0.0,"event_name":"Forgotten Altar","player_choice":"Shed Blood","floor":19.0,"gold_loss":0.0,"damage_taken":18.0},{"damage_healed":0.0,"max_hp_gain":0.0,"max_hp_loss":0.0,"gold_gain":0.0,"event_name":"Cursed Tome","player_choice":"Obtained Book","floor":21.0,"gold_loss":0.0,"damage_taken":16.0},{"damage_healed":20.0,"max_hp_gain":0.0,"max_hp_loss":0.0,"gold_gain":0.0,"event_name":"Winding Halls","player_choice":"Writhe","floor":36.0,"gold_loss":0.0,"damage_taken":0.0,"cards_obtained":["Writhe"]},{"damage_healed":0.0,"max_hp_gain":0.0,"max_hp_loss":0.0,"gold_gain":0.0,"event_name":"FaceTrader","player_choice":"Trade","floor":38.0,"gold_loss":0.0,"damage_taken":0.0,"relics_obtained":["GremlinMask"]},{"damage_healed":0.0,"max_hp_gain":0.0,"max_hp_loss":0.0,"gold_gain":0.0,"event_name":"SensoryStone","player_choice":"Memory 1","floor":48.0,"gold_loss":0.0,"damage_taken":0.0}],"is_beta":false,"boss_relics":[{"not_picked":["Empty Cage","Eternal Feather"],"picked":"Pandora\u0027s Box"},{"not_picked":["Runic Dome","Busted Crown"],"picked":"Cursed Key"}],"items_purged_floors":[],"is_endless":false,"potions_floor_spawned":[8,12,16,27,30,39,47],"killed_by":"Donu and Deca","ascension_level":6}