{"gold_per_floor":[117,129,129,142,161,161,182,213,213,247,247,247,247,263,263,393,393,413,434,5,5,5],"floor_reached":22,"playtime":964,"items_purged":[],"score":314,"play_id":"74d10e7a-e47e-4145-b4da-a7f23b061f0c","local_time":"20181028212456","is_ascension_mode":true,"campfire_choices":[{"data":"Armaments","floor":6,"key":"SMITH"},{"floor":12,"key":"REST"},{"floor":15,"key":"REST"}],"neow_cost":"NONE","seed_source_timestamp":1644855143032853,"circlet_count":0,"master_deck":["Strike_R","Strike_R","Strike_R","Strike_R","Strike_R","Defend_R","Defend_R+1","Defend_R","Bash","AscendersBane","Burning Pact","Shrug It Off","Armaments+1","Pommel Strike","Clash+1","True Grit","Spot Weakness","Sword Boomerang","Battle Trance","Double Tap","Ghostly Armor","Violence"],"relics":["Burning Blood","Golden Idol","Pantograph","Mercury Hourglass","Dodecahedron","Ornamental Fan","Mark of Pain","Bottled Lightning","Nilry\u0027s Codex"],"potions_floor_usage":[8,10,16,17,22],"damage_taken":[{"damage":6,"enemies":"Cultist","floor":1,"turns":4},{"damage":0,"enemies":"Small Slimes","floor":2,"turns":4},{"damage":0,"enemies":"Jaw Worm","floor":4,"turns":3},{"damage":17,"enemies":"Exordium Wildlife","floor":5,"turns":5},{"damage":10,"enemies":"2 Fungi Beasts","floor":7,"turns":3},{"damage":27,"enemies":"Lagavulin","floor":8,"turns":6},{"damage":18,"enemies":"3 Sentries","floor":10,"turns":7},{"damage":13,"enemies":"3 Louse","floor":14,"turns":3},{"damage":51,"enemies":"Slime Boss","floor":16,"turns":12},{"damage":26,"enemies":"2 Thieves","floor":18,"turns":4},{"damage":26,"enemies":"Spheric Guardian","floor":19,"turns":6},{"damage":21,"enemies":"Snake Plant","floor":22,"turns":2}],"seed_played":"-3982915909520686204","potions_obtained":[{"floor":2,"key":"Block Potion"},{"floor":7,"key":"GamblersBrew"},{"floor":14,"key":"Weak Potion"},{"floor":16,"key":"Fruit Juice"},{"floor":19,"key":"SpeedPotion"}],"is_trial":false,"path_per_floor":["M","M","?","M","M","R","M","E","T","E","T","R","?","M","R","B",null,"M","M","$","?"],"character_chosen":"IRONCLAD","items_purchased":["Violence","Bottled Lightning"],"campfire_rested":2,"item_purchase_floors":[20,20],"current_hp_per_floor":[72,78,58,64,53,53,49,28,28,16,16,40,24,17,41,21,70,50,30,30,14,0],"gold":5,"neow_bonus":"TRANSFORM_CARD","is_prod":false,"is_daily":false,"chose_seed":false,"campfire_upgraded":1,"win_rate":0,"timestamp":1540776296,"path_taken":["M","?","?","?","M","R","M","E","T","E","?","R","?","M","R","BOSS","M","M","$","?","M"],"build_version":"2018-10-25v2","purchased_purges":0,"victory":false,"max_hp_per_floor":[80,80,80,80,80,80,80,80,80,80,80,80,80,80,80,80,85,85,85,85,85,85],"card_choices":[{"not_picked":["Armaments","Clash"],"picked":"Shrug It Off","floor":1},{"not_picked":["Flex","True Grit"],"picked":"Armaments","floor":2},{"not_picked":["Body Slam","True Grit"],"picked":"Pommel Strike","floor":4},{"not_picked":["Limit Break","Intimidate"],"picked":"Clash","floor":5},{"not_picked":["Havoc","Thunderclap"],"picked":"True Grit","floor":7},{"not_picked":["Havoc","Flex"],"picked":"Spot Weakness","floor":8},{"not_picked":["Clash","Barricade"],"picked":"Sword Boomerang","floor":10},{"not_picked":["Rupture","Intimidate"],"picked":"Battle Trance","floor":14},{"not_picked":["Exhume","Barricade"],"picked":"Double Tap","floor":16},{"not_picked":["Body Slam","Metallicize"],"picked":"Ghostly Armor","floor":18},{"not_picked":["Warcry","Flex","Battle Trance"],"picked":"SKIP","floor":19}],"player_experience":865414,"relics_obtained":[{"floor":8,"key":"Pantograph"},{"floor":9,"key":"Mercury Hourglass"},{"floor":10,"key":"Dodecahedron"},{"floor":11,"key":"Ornamental Fan"},{"floor":21,"key":"Nilry\u0027s Codex"}],"event_choices":[{"damage_healed":0,"gold_gain":0,"player_choice":"Take Damage","damage_taken":20,"relics_obtained":["Golden Idol"],"max_hp_gain":0,"max_hp_loss":0,"event_name":"Golden Idol","floor":3,"gold_loss":0},{"damage_healed":0,"gold_gain":0,"player_choice":"Entered Light","damage_taken":16,"max_hp_gain":0,"max_hp_loss":0,"event_name":"Shining Light","floor":13,"gold_loss":0,"cards_upgraded":["Clash","Defend_R"]},{"damage_healed":0,"gold_gain":0,"player_choice":"Obtained Book","damage_taken":16,"max_hp_gain":0,"max_hp_loss":0,"event_name":"Cursed Tome","floor":21,"gold_loss":0}],"is_beta":true,"boss_relics":[{"not_picked":["Philosopher\u0027s Stone","White Beast Statue"],"picked":"Mark of Pain"}],"items_purged_floors":[],"is_endless":false,"potions_floor_spawned":[2,7,14,16,19],"killed_by":"Snake Plant","ascension_level":12}