{"gold_per_floor":[116,116,76,91,103,103,168,182,206,226,226,151,51,63,63,63],"floor_reached":16,"playtime":656,"items_purged":["Strike_G","Strike_G"],"score":175,"play_id":"da210539-85b6-476f-b3a4-9e8860f81e86","local_time":"20181101214955","is_ascension_mode":true,"campfire_choices":[{"floor":6,"key":"REST"},{"floor":11,"key":"REST"},{"data":"Calculated Gamble","floor":15,"key":"SMITH"}],"neow_cost":"NONE","seed_source_timestamp":191511582407565,"circlet_count":0,"master_deck":["AscendersBane","Defend_G","Defend_G","Defend_G","Defend_G+1","Defend_G","Strike_G+1","Strike_G","Strike_G+1","Survivor","Neutralize","Grand Finale","Backflip+1","Acrobatics","Dagger Throw","Poisoned Stab","Calculated Gamble+1","Deflect","Tactician"],"relics":["Ring of the Snake","War Paint","Bag of Marbles"],"potions_floor_usage":[7,7,16,16],"damage_taken":[{"damage":14,"enemies":"Cultist","floor":1,"turns":6},{"damage":1,"enemies":"Small Slimes","floor":4,"turns":4},{"damage":0,"enemies":"2 Louse","floor":5,"turns":3},{"damage":8,"enemies":"Gremlin Nob","floor":7,"turns":3},{"damage":15,"enemies":"Exordium Wildlife","floor":8,"turns":6},{"damage":3,"enemies":"Blue Slaver","floor":10,"turns":4},{"damage":8,"enemies":"Exordium Thugs","floor":14,"turns":5},{"damage":45,"enemies":"Slime Boss","floor":16,"turns":7}],"seed_played":"-8243002877154917840","potions_obtained":[{"floor":3,"key":"Swift Potion"},{"floor":3,"key":"Fire Potion"},{"floor":3,"key":"Poison Potion"},{"floor":10,"key":"SpeedPotion"},{"floor":14,"key":"Regen Potion"}],"is_trial":false,"path_per_floor":["M","?","?","M","M","R","?","M","T","M","R","$","$","M","R","B"],"character_chosen":"THE_SILENT","items_purchased":[],"campfire_rested":2,"item_purchase_floors":[],"current_hp_per_floor":[45,25,25,24,24,43,35,20,20,17,36,36,36,28,28,0],"gold":63,"neow_bonus":"ONE_RANDOM_RARE_CARD","is_prod":false,"is_daily":false,"chose_seed":false,"campfire_upgraded":1,"win_rate":0,"timestamp":1541134195,"path_taken":["M","?","?","?","M","R","?","M","T","M","R","?","$","M","R","BOSS"],"build_version":"2018-11-01v2","purchased_purges":2,"victory":false,"max_hp_per_floor":[66,66,66,66,66,66,66,66,66,66,66,66,66,66,66,66],"card_choices":[{"not_picked":["Flying Knee","Finisher"],"picked":"Backflip","floor":1},{"not_picked":["Cloak And Dagger","Prepared"],"picked":"Acrobatics","floor":4},{"not_picked":["Noxious Fumes","Deadly Poison"],"picked":"Dagger Throw","floor":5},{"not_picked":["All Out Attack","Bane"],"picked":"Poisoned Stab","floor":7},{"not_picked":["Poisoned Stab","Choke"],"picked":"Calculated Gamble","floor":8},{"not_picked":["Riddle With Holes","Setup"],"picked":"Deflect","floor":10},{"not_picked":["Underhanded Strike","Cloak And Dagger"],"picked":"Tactician","floor":14}],"player_experience":567502,"relics_obtained":[{"floor":7,"key":"War Paint"},{"floor":9,"key":"Bag of Marbles"}],"event_choices":[{"damage_healed":0,"gold_gain":0,"player_choice":"Entered Light","damage_taken":20,"max_hp_gain":0,"max_hp_loss":0,"event_name":"Shining Light","floor":2,"gold_loss":0,"cards_upgraded":["Strike_G","Strike_G"]},{"damage_healed":0,"gold_gain":0,"player_choice":"Bought 3 Potions","damage_taken":0,"max_hp_gain":0,"max_hp_loss":0,"event_name":"The Woman in Blue","floor":3,"gold_loss":0},{"damage_healed":0,"gold_gain":0,"player_choice":"Searched \u00271\u0027 times","damage_taken":0,"max_hp_gain":0,"max_hp_loss":0,"event_name":"Dead Adventurer","floor":7,"gold_loss":0}],"is_beta":true,"boss_relics":[],"items_purged_floors":[12,13],"is_endless":false,"potions_floor_spawned":[4,10,14],"killed_by":"Slime Boss","ascension_level":18}