{"gold_per_floor":[119,119,133,133,144,170,170,182,182,200,200,231,242,273,273,369,369,381,400,55,55,75,102,102,114,114,147,147,161,178,192,192,192],"floor_reached":33,"playtime":2512,"items_purged":["Strike_R"],"score":398,"play_id":"33c48baa-5b42-4689-a3aa-a94d656712d1","local_time":"20180901011654","is_ascension_mode":true,"campfire_choices":[{"floor":7,"key":"REST"},{"data":"Rampage","floor":11,"key":"SMITH"},{"floor":15,"key":"REST"},{"floor":24,"key":"REST"},{"floor":28,"key":"REST"},{"data":"Apotheosis","floor":32,"key":"SMITH"}],"neow_cost":"PERCENT_DAMAGE","seed_source_timestamp":204084796310400,"circlet_count":0,"master_deck":["Strike_R+1","Strike_R+1","Defend_R","Defend_R","Defend_R","Bash","Rampage+1","Warcry","Clothesline","Feed","Cleave","Metallicize","Headbutt","Shrug It Off","Iron Wave","Demon Form","Sword Boomerang","Apotheosis+1","Ghostly Armor","Warcry","Shrug It Off","Anger","Rage+1","Burning Pact","Spot Weakness"],"relics":["Burning Blood","Question Card","Blue Candle","Charon\u0027s Ashes","Bronze Scales","Sozu","Ancient Tea Set","Self Forming Clay","Nunchaku"],"potions_floor_usage":[25],"damage_taken":[{"damage":0,"enemies":"2 Louse","floor":1,"turns":4},{"damage":0,"enemies":"Cultist","floor":3,"turns":3},{"damage":0,"enemies":"Small Slimes","floor":5,"turns":2},{"damage":21,"enemies":"Gremlin Nob","floor":6,"turns":4},{"damage":10,"enemies":"Gremlin Gang","floor":8,"turns":5},{"damage":4,"enemies":"Blue Slaver","floor":10,"turns":3},{"damage":21,"enemies":"3 Sentries","floor":12,"turns":7},{"damage":7,"enemies":"Exordium Wildlife","floor":13,"turns":2},{"damage":28,"enemies":"Lagavulin","floor":14,"turns":6},{"damage":32,"enemies":"The Guardian","floor":16,"turns":11},{"damage":8,"enemies":"3 Byrds","floor":18,"turns":3},{"damage":22,"enemies":"Spheric Guardian","floor":19,"turns":4},{"damage":12,"enemies":"Centurion and Healer","floor":22,"turns":6},{"damage":62,"enemies":"Slavers","floor":23,"turns":5},{"damage":20,"enemies":"Shelled Parasite and Fungi","floor":25,"turns":5},{"damage":35,"enemies":"Book of Stabbing","floor":27,"turns":5},{"damage":7,"enemies":"3 Cultists","floor":29,"turns":4},{"damage":0,"enemies":"Chosen and Byrds","floor":30,"turns":5},{"damage":4,"enemies":"Cultist and Chosen","floor":31,"turns":6},{"damage":93,"enemies":"Automaton","floor":33,"turns":8}],"seed_played":"-5728410055257069743","potions_obtained":[{"floor":1,"key":"Ancient Potion"},{"floor":6,"key":"Strength Potion"},{"floor":8,"key":"FairyPotion"},{"floor":14,"key":"FearPotion"},{"floor":16,"key":"Dexterity Potion"}],"is_trial":false,"path_per_floor":["M","?","M","?","M","E","R","M","T","M","R","E","M","E","R","B",null,"M","M","$","?","M","E","R","M","T","E","R","M","M","M","R"],"character_chosen":"IRONCLAD","items_purchased":["Apotheosis","Ghostly Armor"],"campfire_rested":4,"item_purchase_floors":[20,20],"current_hp_per_floor":[62,46,52,52,58,43,67,66,66,71,71,59,61,42,70,44,95,93,77,77,82,80,24,53,43,43,14,44,47,53,55,55,0],"gold":192,"neow_bonus":"REMOVE_TWO","is_prod":false,"is_daily":false,"chose_seed":false,"campfire_upgraded":2,"win_rate":0,"timestamp":1535789814,"path_taken":["M","?","M","?","M","E","R","?","T","?","R","E","M","E","R","BOSS","M","?","$","?","M","E","R","M","T","E","R","M","M","M","R","BOSS"],"build_version":"2018-08-30","purchased_purges":1,"victory":false,"max_hp_per_floor":[80,80,80,80,80,80,80,83,83,86,86,89,92,95,95,95,95,95,95,95,95,99,99,99,103,103,103,103,107,107,107,107,107],"card_choices":[{"not_picked":["Dropkick","Pommel Strike"],"picked":"Rampage","floor":1},{"not_picked":["Flex","Pommel Strike"],"picked":"Warcry","floor":3},{"not_picked":["Bloodletting","Rampage"],"picked":"Clothesline","floor":5},{"not_picked":["Rupture","Wild Strike"],"picked":"Feed","floor":6},{"not_picked":["Ghostly Armor","Perfected Strike","Power Through"],"picked":"Cleave","floor":8},{"not_picked":["Uppercut","Feel No Pain","Anger"],"picked":"Metallicize","floor":10},{"not_picked":["Pommel Strike","Havoc","Pummel"],"picked":"Headbutt","floor":12},{"not_picked":["Wild Strike","True Grit","Sever Soul"],"picked":"Shrug It Off","floor":13},{"not_picked":["Armaments","Thunderclap","Shrug It Off"],"picked":"Iron Wave","floor":14},{"not_picked":["Reaper","Immolate","Limit Break"],"picked":"Demon Form","floor":16},{"not_picked":["Body Slam","Blood for Blood","Sentinel"],"picked":"Sword Boomerang","floor":18},{"not_picked":["Dual Wield+1","Flex","True Grit","Twin Strike"],"picked":"SKIP","floor":19},{"not_picked":["Thunderclap","Entrench","Offering"],"picked":"Warcry","floor":22},{"not_picked":["Heavy Blade","Body Slam+1","Twin Strike+1"],"picked":"Shrug It Off","floor":23},{"not_picked":["Thunderclap","Perfected Strike","Flex+1","Havoc+1"],"picked":"SKIP","floor":25},{"not_picked":["Blood for Blood","Feel No Pain+1","Heavy Blade"],"picked":"Anger","floor":27},{"not_picked":["Body Slam","Intimidate","Uppercut+1"],"picked":"Rage+1","floor":29},{"not_picked":["Sever Soul","Thunderclap+1","Offering"],"picked":"Burning Pact","floor":30},{"not_picked":["Dropkick+1","Battle Trance","Clash+1"],"picked":"Spot Weakness","floor":31}],"player_experience":295980,"relics_obtained":[{"floor":6,"key":"Question Card"},{"floor":9,"key":"Blue Candle"},{"floor":12,"key":"Charon\u0027s Ashes"},{"floor":14,"key":"Bronze Scales"},{"floor":23,"key":"Ancient Tea Set"},{"floor":26,"key":"Self Forming Clay"},{"floor":27,"key":"Nunchaku"}],"event_choices":[{"event_name":"Shining Light","player_choice":"Entered Light","floor":2,"damage_taken":0},{"event_name":"Transmorgrifier","player_choice":"Transform","floor":4,"damage_taken":0},{"event_name":"Bonfire Elementals","player_choice":"COMMON","floor":21,"damage_taken":0}],"is_beta":false,"boss_relics":[{"not_picked":["Runic Pyramid","Cursed Key"],"picked":"Sozu"}],"items_purged_floors":[20],"is_endless":false,"potions_floor_spawned":[1,6,8,14,16,22,23,25,27],"killed_by":"Automaton","ascension_level":4}