{"gold_per_floor":[118,31,50,60,60,78,103,103,103,103,134,134,153,180,180,256,256,273,252,284,209,224,224,243,28,28,28,28,28,40,69,69,141,141,157,171,96,114,114,114,144,144,144,178,191,18,67,128,128,128],"floor_reached":51,"playtime":3189,"items_purged":["Strike_G"],"score":1570,"play_id":"fb8d23d2-49ae-4bd5-a7a7-ee09c6d74853","local_time":"20181017043434","is_ascension_mode":true,"campfire_choices":[{"floor":10,"key":"REST"},{"floor":12,"key":"REST"},{"data":"Neutralize","floor":15,"key":"SMITH"},{"floor":23,"key":"REST"},{"data":"Infinite Blades","floor":27,"key":"SMITH"},{"data":"Infinite Blades","floor":32,"key":"SMITH"},{"data":"Cloak And Dagger","floor":40,"key":"SMITH"},{"floor":42,"key":"REST"},{"floor":49,"key":"REST"}],"neow_cost":"PERCENT_DAMAGE","seed_source_timestamp":79893060688958,"circlet_count":0,"master_deck":["Defend_G","Defend_G","Defend_G+1","Defend_G","Defend_G","Strike_G","Strike_G","Survivor","Neutralize+1","AscendersBane","Quick Slash","Footwork","Sucker Punch+1","Blur","Venomology","Deflect","Expertise","Dagger Spray","Adrenaline","Infinite Blades+1","Infinite Blades+1","Heel Hook","Blade Dance+1","Riddle With Holes","Malaise","Cloak And Dagger+1","Dodge and Roll","Blur","Well Laid Plans"],"relics":["Ring of the Snake","Mango","Pear","Shuriken","Dream Catcher","Kunai","Busted Crown","Red Mask","DollysMirror","Dodecahedron","Ornamental Fan","Cursed Key","Bottled Flame","Mummified Hand","Bag of Preparation","Peace Pipe","Tiny Chest"],"potions_floor_usage":[7,7,7,11,11,14,14,16,18,19,20,22,22,24,28,30,31,31,35,36,38,41,41,45,47,48,50,50],"damage_taken":[{"damage":6,"enemies":"Jaw Worm","floor":1,"turns":5},{"damage":0,"enemies":"Cultist","floor":3,"turns":4},{"damage":8,"enemies":"Small Slimes","floor":4,"turns":3},{"damage":3,"enemies":"2 Fungi Beasts","floor":6,"turns":5},{"damage":23,"enemies":"3 Sentries","floor":7,"turns":12},{"damage":10,"enemies":"Lagavulin","floor":11,"turns":7},{"damage":1,"enemies":"Large Slime","floor":13,"turns":5},{"damage":14,"enemies":"3 Sentries","floor":14,"turns":11},{"damage":3,"enemies":"Hexaghost","floor":16,"turns":12},{"damage":1,"enemies":"Spheric Guardian","floor":18,"turns":6},{"damage":0,"enemies":"2 Thieves","floor":19,"turns":4},{"damage":44,"enemies":"Masked Bandits","floor":20,"turns":5},{"damage":12,"enemies":"Sentry and Sphere","floor":22,"turns":13},{"damage":0,"enemies":"Centurion and Healer","floor":24,"turns":5},{"damage":0,"enemies":"Cultist and Chosen","floor":28,"turns":3},{"damage":1,"enemies":"Snecko","floor":30,"turns":5},{"damage":25,"enemies":"Slavers","floor":31,"turns":7},{"damage":1,"enemies":"Collector","floor":33,"turns":8},{"damage":6,"enemies":"Orb Walker","floor":35,"turns":5},{"damage":5,"enemies":"3 Shapes","floor":36,"turns":6},{"damage":9,"enemies":"Sphere and 2 Shapes","floor":38,"turns":7},{"damage":3,"enemies":"Giant Head","floor":41,"turns":7},{"damage":10,"enemies":"Reptomancer","floor":44,"turns":6},{"damage":0,"enemies":"Transient","floor":45,"turns":6},{"damage":9,"enemies":"Mysterious Sphere","floor":47,"turns":5},{"damage":0,"enemies":"Nemesis","floor":48,"turns":9},{"damage":0,"enemies":"Time Eater","floor":50,"turns":11}],"seed_played":"4022766169863287395","potions_obtained":[{"floor":3,"key":"Poison Potion"},{"floor":4,"key":"Poison Potion"},{"floor":7,"key":"FearPotion"},{"floor":11,"key":"SpeedPotion"},{"floor":14,"key":"Weak Potion"},{"floor":16,"key":"Explosive Potion"},{"floor":22,"key":"Dexterity Potion"},{"floor":30,"key":"Regen Potion"},{"floor":35,"key":"Fruit Juice"},{"floor":36,"key":"SteroidPotion"},{"floor":44,"key":"Strength Potion"}],"is_trial":false,"path_per_floor":["M","$","M","M","?","M","E","?","T","R","E","R","M","E","R","B",null,"M","M","?","?","M","R","M","$","T","R","M","?","M","E","R","B",null,"M","M","$","M","?","R","E","R","T","E","M","$","?","E","R","B"],"character_chosen":"THE_SILENT","items_purchased":["Footwork","DollysMirror","Bag of Preparation"],"campfire_rested":5,"item_purchase_floors":[2,25,46],"current_hp_per_floor":[52,52,52,44,44,41,28,1,1,28,18,45,44,30,30,27,74,73,73,29,29,32,59,59,59,59,59,59,59,72,62,62,61,83,82,77,77,68,68,68,65,93,93,83,83,83,74,74,95,95],"gold":128,"neow_bonus":"ONE_RARE_RELIC","is_prod":false,"is_daily":false,"chose_seed":false,"campfire_upgraded":4,"win_rate":0,"timestamp":1539776074,"path_taken":["M","$","M","M","?","?","E","?","T","R","E","R","M","E","R","BOSS","M","M","?","?","M","R","M","$","T","R","M","?","M","E","R","BOSS","M","M","$","M","?","R","E","R","T","E","M","?","?","E","R","BOSS"],"build_version":"2018-10-16","purchased_purges":1,"victory":true,"max_hp_per_floor":[80,80,80,80,80,80,90,90,90,90,90,90,90,90,90,90,90,90,90,90,90,90,90,90,90,90,90,90,90,90,90,90,90,90,95,95,95,95,95,95,95,95,95,95,95,95,95,95,95,95],"card_choices":[{"not_picked":["Setup","Flying Knee"],"picked":"Quick Slash","floor":1},{"not_picked":["Outmaneuver","Underhanded Strike"],"picked":"Sucker Punch","floor":3},{"not_picked":["Bane","Blade Dance"],"picked":"Blur","floor":4},{"not_picked":["PiercingWail","Endless Agony"],"picked":"Venomology","floor":6},{"not_picked":["Outmaneuver","Flechettes"],"picked":"Deflect","floor":7},{"not_picked":["Choke","Dagger Throw"],"picked":"Expertise","floor":11},{"not_picked":["Leg Sweep","Finisher"],"picked":"Dagger Spray","floor":12},{"not_picked":["Flying Knee","Skewer","Choke"],"picked":"SKIP","floor":13},{"not_picked":["Bouncing Flask","Sucker Punch","Quick Slash"],"picked":"SKIP","floor":14},{"not_picked":["Malaise","Corpse Explosion"],"picked":"Adrenaline","floor":16},{"not_picked":["Crippling Poison"],"picked":"SKIP","floor":18},{"not_picked":["Prepared"],"picked":"SKIP","floor":19},{"not_picked":["Accuracy"],"picked":"SKIP","floor":22},{"not_picked":[],"picked":"Infinite Blades","floor":23},{"not_picked":["Leg Sweep"],"picked":"SKIP","floor":24},{"not_picked":[],"picked":"Blade Dance","floor":30},{"not_picked":[],"picked":"Riddle With Holes","floor":31},{"not_picked":[],"picked":"Malaise","floor":33},{"not_picked":[],"picked":"Cloak And Dagger","floor":35},{"not_picked":[],"picked":"Dodge and Roll","floor":36},{"not_picked":["Prepared"],"picked":"SKIP","floor":38},{"not_picked":["Skewer"],"picked":"SKIP","floor":41},{"not_picked":["Skewer"],"picked":"SKIP","floor":41},{"not_picked":[],"picked":"Blur","floor":42},{"not_picked":["Concentrate"],"picked":"SKIP","floor":44},{"not_picked":["Sucker Punch+1"],"picked":"SKIP","floor":45},{"not_picked":[],"picked":"Well Laid Plans","floor":47},{"not_picked":["Bouncing Flask+1"],"picked":"SKIP","floor":48}],"player_experience":545141,"relics_obtained":[{"floor":7,"key":"Pear"},{"floor":9,"key":"Shuriken"},{"floor":11,"key":"Dream Catcher"},{"floor":14,"key":"Kunai"},{"floor":20,"key":"Red Mask"},{"floor":26,"key":"Dodecahedron"},{"floor":31,"key":"Ornamental Fan"},{"floor":41,"key":"Bottled Flame"},{"floor":44,"key":"Mummified Hand"},{"floor":47,"key":"Peace Pipe"},{"floor":48,"key":"Tiny Chest"}],"event_choices":[{"cards_removed":["Strike_G"],"damage_healed":0,"gold_gain":0,"player_choice":"Offered Basic","damage_taken":0,"max_hp_gain":0,"max_hp_loss":0,"event_name":"Bonfire Elementals","floor":5,"gold_loss":0},{"damage_healed":0,"gold_gain":0,"player_choice":"Entered Light","damage_taken":27,"max_hp_gain":0,"max_hp_loss":0,"event_name":"Shining Light","floor":8,"gold_loss":0,"cards_upgraded":["Sucker Punch","Defend_G"]},{"damage_healed":0,"gold_gain":0,"player_choice":"Fought Bandits","damage_taken":0,"max_hp_gain":0,"max_hp_loss":0,"event_name":"Masked Bandits","floor":20,"gold_loss":0},{"cards_removed":["Strike_G"],"damage_healed":0,"gold_gain":0,"player_choice":"Gave Gold","damage_taken":0,"max_hp_gain":0,"max_hp_loss":0,"event_name":"Beggar","floor":21,"gold_loss":75},{"damage_healed":0,"gold_gain":0,"player_choice":"Read","damage_taken":0,"max_hp_gain":0,"max_hp_loss":0,"event_name":"The Library","floor":29,"gold_loss":0,"cards_obtained":["Heel Hook"]},{"damage_healed":0,"gold_gain":0,"player_choice":"Forge","damage_taken":0,"max_hp_gain":0,"max_hp_loss":0,"event_name":"Accursed Blacksmith","floor":39,"gold_loss":0,"cards_upgraded":["Blade Dance"]},{"damage_healed":0,"gold_gain":0,"player_choice":"Fight","damage_taken":0,"max_hp_gain":0,"max_hp_loss":0,"event_name":"Mysterious Sphere","floor":47,"gold_loss":0}],"is_beta":true,"boss_relics":[{"not_picked":["Empty Cage","Lizard Tail"],"picked":"Busted Crown"},{"not_picked":["Ring of the Serpent","Runic Dome"],"picked":"Cursed Key"}],"items_purged_floors":[37],"is_endless":false,"potions_floor_spawned":[3,4,7,11,14,16,18,22,30,35,36,44,45],"ascension_level":18}