{"gold_per_floor":[114,114,129,144,319,319,349,364,364,379,379,404,419,434,434,534,534,549,564,564,579,579,579,609,609,634,649,664,664,679,99,99,199,199,214,229,29,44,44,44,74,74,74,74,89,89,89,104,104,104],"floor_reached":50,"playtime":4200,"items_purged":["Regret"],"score":546,"play_id":"13b0bd50-a456-45ec-97c5-66ca3c1f06b5","local_time":"20190923175209","daily_mods":["Specialized","Time Dilation","Binary"],"is_ascension_mode":false,"campfire_choices":[{"data":"Feel No Pain","floor":6,"key":"SMITH"},{"data":"Shrug It Off","floor":11,"key":"SMITH"},{"data":"Burning Pact","floor":15,"key":"SMITH"},{"floor":23,"key":"REST"},{"floor":25,"key":"REST"},{"data":"Second Wind","floor":29,"key":"SMITH"},{"data":"Pain","floor":32,"key":"PURGE"},{"data":"Exhume","floor":40,"key":"SMITH"},{"floor":44,"key":"REST"},{"floor":46,"key":"REST"},{"data":"Sentinel","floor":49,"key":"SMITH"}],"neow_cost":"","seed_source_timestamp":0,"circlet_count":0,"master_deck":["Strike_R","Strike_R","Strike_R","Strike_R","Strike_R","Defend_R","Defend_R","Defend_R","Defend_R","Bash","Immolate","Immolate","Immolate","Immolate","Immolate","Feel No Pain+1","Twin Strike","Warcry","Doubt","Shrug It Off+1","Armaments","Intimidate","Burning Pact+1","Juggernaut","Sword Boomerang","Intimidate","Armaments","Second Wind+1","Doubt","Clothesline","True Grit","Havoc","Exhume+1","Pommel Strike","Havoc+1","Sentinel+1","Decay","Flame Barrier+1","Entrench+1"],"special_seed":18161,"relics":["Burning Blood","Blood Vial","Du-Vu Doll","Ornamental Fan","Bag of Preparation","Cursed Key","WarpedTongs","The Courier","Strawberry","Peace Pipe","OrangePellets","Lantern","Velvet Choker","Singing Bowl","Thread and Needle","Mercury Hourglass"],"potions_floor_usage":[33,41,41,41,50],"damage_taken":[{"damage":0.0,"enemies":"2 Louse","floor":1.0,"turns":1.0},{"damage":6,"enemies":"Jaw Worm","floor":3,"turns":2},{"damage":0,"enemies":"Cultist","floor":4,"turns":2},{"damage":4,"enemies":"3 Sentries","floor":7,"turns":2},{"damage":0,"enemies":"Gremlin Gang","floor":8,"turns":1},{"damage":0,"enemies":"2 Fungi Beasts","floor":10,"turns":1},{"damage":7,"enemies":"Blue Slaver","floor":13,"turns":2},{"damage":0,"enemies":"Gremlin Gang","floor":14,"turns":1},{"damage":29,"enemies":"Slime Boss","floor":16,"turns":7},{"damage":24,"enemies":"Shell Parasite","floor":18,"turns":4},{"damage":15,"enemies":"2 Thieves","floor":19,"turns":2},{"damage":12,"enemies":"Shelled Parasite and Fungi","floor":21,"turns":3},{"damage":23,"enemies":"Slavers","floor":24,"turns":2},{"damage":14,"enemies":"Snake Plant","floor":27,"turns":3},{"damage":12,"enemies":"Centurion and Healer","floor":28,"turns":2},{"damage":4,"enemies":"Sentry and Sphere","floor":30,"turns":3},{"damage":55,"enemies":"Automaton","floor":33,"turns":8},{"damage":0,"enemies":"3 Darklings","floor":35,"turns":2},{"damage":7,"enemies":"Orb Walker","floor":36,"turns":2},{"damage":15,"enemies":"Spire Growth","floor":38,"turns":4},{"damage":61,"enemies":"Giant Head","floor":41,"turns":9},{"damage":0,"enemies":"Sphere and 2 Shapes","floor":45,"turns":1},{"damage":0,"enemies":"3 Darklings","floor":48,"turns":1},{"damage":105,"enemies":"Awakened One","floor":50,"turns":13}],"seed_played":"1459882736131412764","potions_obtained":[{"floor":4,"key":"Block Potion"},{"floor":13,"key":"AttackPotion"},{"floor":16,"key":"PowerPotion"},{"floor":33,"key":"EssenceOfSteel"},{"floor":36,"key":"AttackPotion"},{"floor":45,"key":"PowerPotion"}],"is_trial":false,"path_per_floor":["M","?","M","M","?","R","E","M","T","M","R","T","M","M","R","B",null,"M","M","?","M","?","R","E","R","T","M","M","R","M","$","R","B",null,"M","M","$","M","$","R","E","?","T","R","M","R","?","M","R","B"],"character_chosen":"IRONCLAD","items_purchased":["Peace Pipe","OrangePellets","Lantern","Singing Bowl"],"campfire_rested":4,"item_purchase_floors":[31,31,31,37],"current_hp_per_floor":[80,80,80,80,80,80,80,80,80,80,80,80,79,80,80,57,80,62,55,40,36,36,61,46,71,78,72,68,68,72,72,72,25,92,92,91,91,83,83,83,32,32,32,60,68,94,94,94,94,0],"gold":104,"neow_bonus":"","is_prod":false,"is_daily":true,"chose_seed":false,"campfire_upgraded":6,"win_rate":0.0,"timestamp":1569253929,"path_taken":["M","?","M","M","?","R","E","M","T","M","R","?","?","M","R","BOSS","M","?","?","M","?","R","E","R","T","M","M","R","M","$","R","BOSS","M","M","$","?","$","R","E","?","T","R","M","R","?","M","R","BOSS"],"build_version":"2019-07-05","purchased_purges":1,"victory":false,"max_hp_per_floor":[80,80,80,80,80,80,80,80,80,80,80,80,80,80,80,80,80,80,80,85,85,85,85,85,85,92,92,92,92,92,92,92,92,92,92,92,92,92,92,92,94,94,94,94,94,94,94,94,94,94],"card_choices":[{"not_picked":["Anger"],"picked":"Feel No Pain","floor":1},{"not_picked":["Thunderclap"],"picked":"Twin Strike","floor":3},{"not_picked":["Wild Strike"],"picked":"Warcry","floor":4},{"not_picked":["Sever Soul"],"picked":"Pummel","floor":7},{"not_picked":["Infernal Blade"],"picked":"Shrug It Off","floor":8},{"not_picked":["Warcry"],"picked":"Armaments","floor":10},{"not_picked":["Headbutt"],"picked":"Intimidate","floor":13},{"not_picked":["Disarm"],"picked":"Burning Pact","floor":14},{"not_picked":["Brutality"],"picked":"Juggernaut","floor":16},{"not_picked":["Reckless Charge"],"picked":"Sword Boomerang","floor":18},{"not_picked":["True Grit"],"picked":"Intimidate","floor":19},{"not_picked":["Headbutt"],"picked":"Armaments","floor":21},{"not_picked":["Warcry"],"picked":"Second Wind","floor":24},{"not_picked":["Pommel Strike+1"],"picked":"Clothesline","floor":27},{"not_picked":["Cleave"],"picked":"True Grit","floor":28},{"not_picked":["Wild Strike"],"picked":"Havoc","floor":30},{"not_picked":["Feed"],"picked":"Exhume","floor":33},{"not_picked":["Cleave+1"],"picked":"Pommel Strike","floor":35},{"not_picked":["Clash+1"],"picked":"Havoc+1","floor":36},{"not_picked":["Fire Breathing"],"picked":"Sentinel","floor":38},{"not_picked":["Infernal Blade+1","Heavy Blade"],"picked":"Singing Bowl","floor":41},{"not_picked":["Wild Strike"],"picked":"Flame Barrier+1","floor":45},{"not_picked":["Searing Blow"],"picked":"Entrench+1","floor":48}],"player_experience":15377,"relics_obtained":[{"floor":7,"key":"Du-Vu Doll"},{"floor":9,"key":"Ornamental Fan"},{"floor":12,"key":"Bag of Preparation"},{"floor":24,"key":"The Courier"},{"floor":26,"key":"Strawberry"},{"floor":41,"key":"Thread and Needle"},{"floor":43,"key":"Mercury Hourglass"}],"event_choices":[{"damage_healed":0,"gold_gain":0,"player_choice":"Box","damage_taken":0,"relics_obtained":["Blood Vial"],"max_hp_gain":0,"max_hp_loss":0,"event_name":"Big Fish","floor":2,"gold_loss":0,"cards_obtained":["Regret"]},{"damage_healed":0,"gold_gain":175,"player_choice":"AGREE","damage_taken":0,"max_hp_gain":0,"max_hp_loss":0,"event_name":"Liars Game","floor":5,"gold_loss":0,"cards_obtained":["Doubt"]},{"damage_healed":0,"gold_gain":0,"player_choice":"Shed Blood","damage_taken":20,"max_hp_gain":5,"max_hp_loss":0,"event_name":"Forgotten Altar","floor":20,"gold_loss":0},{"damage_healed":0,"gold_gain":0,"player_choice":"Rummage","damage_taken":0,"relics_obtained":["WarpedTongs"],"max_hp_gain":0,"max_hp_loss":0,"event_name":"Accursed Blacksmith","floor":22,"gold_loss":0,"cards_obtained":["Pain"]},{"damage_healed":0,"gold_gain":0,"player_choice":"Ignored","damage_taken":0,"max_hp_gain":0,"max_hp_loss":0,"event_name":"The Moai Head","floor":42,"gold_loss":0},{"cards_removed":["Pummel"],"damage_healed":0,"gold_gain":0,"player_choice":"Removed Attack","damage_taken":0,"max_hp_gain":0,"max_hp_loss":0,"event_name":"Falling","floor":47,"gold_loss":0}],"is_beta":false,"boss_relics":[{"not_picked":["Pandora\u0027s Box","Coffee Dripper"],"picked":"Cursed Key"},{"not_picked":["Sozu","Calling Bell"],"picked":"Velvet Choker"}],"items_purged_floors":[31],"is_endless":false,"potions_floor_spawned":[4,13,16,19,24,33,36,38,45],"killed_by":"Awakened One","ascension_level":0}