{"gold_per_floor":[117,128,128,128,128,161,181,181,205,53,97,22,38,62,62,185,185,205,223,223,237,137,173,194,194,194,232,232,157,10,49,49,169,169,183,183,58,74,74,137,137,137,160,185,185,204,229,229,229,229],"floor_reached":51,"playtime":1660,"items_purged":["Strike_G","Strike_G","Outmaneuver"],"score":1319,"play_id":"65634f08-786b-4a7b-b2b1-4f5dd2d22058","local_time":"20190415003539","is_ascension_mode":true,"campfire_choices":[{"floor":8,"key":"REST"},{"floor":15,"key":"REST"},{"data":"Noxious Fumes","floor":25,"key":"SMITH"},{"data":"Infinite Blades","floor":28,"key":"SMITH"},{"data":"Envenom","floor":32,"key":"SMITH"},{"data":"Wraith Form v2","floor":41,"key":"SMITH"},{"data":"Footwork","floor":45,"key":"SMITH"},{"data":"Underhanded Strike+1","floor":49,"key":"PURGE"}],"neow_cost":"NONE","seed_source_timestamp":277742183114842,"circlet_count":0,"master_deck":["AscendersBane","Defend_G+1","Defend_G+1","Defend_G+1","Defend_G+1","Defend_G+1","Survivor+1","Neutralize+1","Backflip+1","Poisoned Stab+1","Corpse Explosion+1","Noxious Fumes+1","Footwork+1","Wraith Form v2+1","Crippling Poison+1","Infinite Blades+1","Well Laid Plans+1","Blur+1","PiercingWail+1","Prepared+1","Envenom+1","Terror+1","Tools of the Trade+1","Blur+1","Dash+1","Backstab+1"],"relics":["Ring of the Snake","Golden Idol","Snake Skull","Mercury Hourglass","Blood Vial","Vajra","FossilizedHelix","Velvet Choker","Bird Faced Urn","Peace Pipe","Happy Flower","Juzu Bracelet","Kunai","White Beast Statue","Tiny Chest","War Paint","Mark of the Bloom"],"potions_floor_usage":[11,23,23,35,40,47,50,50,50,50],"damage_taken":[{"damage":0,"enemies":"Small Slimes","floor":1,"turns":4},{"damage":0,"enemies":"2 Louse","floor":2,"turns":4},{"damage":54,"enemies":"Gremlin Nob","floor":6,"turns":6},{"damage":0,"enemies":"Cultist","floor":7,"turns":4},{"damage":25,"enemies":"Lagavulin","floor":11,"turns":4},{"damage":0,"enemies":"Exordium Wildlife","floor":13,"turns":2},{"damage":0,"enemies":"Looter","floor":14,"turns":3},{"damage":0,"enemies":"Slime Boss","floor":16,"turns":9},{"damage":0,"enemies":"Shell Parasite","floor":18,"turns":5},{"damage":9,"enemies":"2 Thieves","floor":19,"turns":3},{"damage":0,"enemies":"Cultist and Chosen","floor":21,"turns":5},{"damage":5,"enemies":"Slavers","floor":23,"turns":3},{"damage":8,"enemies":"Snecko","floor":24,"turns":6},{"damage":14,"enemies":"Gremlin Leader","floor":27,"turns":6},{"damage":0,"enemies":"Book of Stabbing","floor":31,"turns":6},{"damage":9,"enemies":"Collector","floor":33,"turns":8},{"damage":0,"enemies":"Orb Walker","floor":35,"turns":4},{"damage":1,"enemies":"3 Shapes","floor":38,"turns":3},{"damage":42,"enemies":"Reptomancer","floor":40,"turns":7},{"damage":12,"enemies":"Jaw Worm Horde","floor":44,"turns":3},{"damage":3,"enemies":"Maw","floor":46,"turns":7},{"damage":0,"enemies":"Sphere and 2 Shapes","floor":47,"turns":5},{"damage":23,"enemies":"Donu and Deca","floor":50,"turns":7}],"seed_played":"2184574099367511074","potions_obtained":[{"floor":2,"key":"SteroidPotion"},{"floor":7,"key":"Poison Potion"},{"floor":13,"key":"Dexterity Potion"},{"floor":18,"key":"Block Potion"},{"floor":27,"key":"Swift Potion"},{"floor":31,"key":"SteroidPotion"},{"floor":35,"key":"Poison Potion"},{"floor":40,"key":"Ancient Potion"},{"floor":44,"key":"Regen Potion"},{"floor":46,"key":"EntropicBrew"},{"floor":47,"key":"Swift Potion"}],"is_trial":false,"path_per_floor":["M","M","?","?","?","E","M","R","T","$","E","$","M","M","R","B",null,"M","M","?","M","$","E","M","R","T","E","R","?","$","E","R","B",null,"M","?","$","M","?","E","R","?","T","M","R","M","M","?","R","B",null],"character_chosen":"THE_SILENT","items_purchased":["Vajra","Envenom"],"campfire_rested":2,"item_purchase_floors":[10,30],"current_hp_per_floor":[70,70,63,63,63,9,9,30,30,30,7,7,9,11,32,34,62,64,57,57,61,61,66,64,64,64,61,61,61,61,71,71,68,70,71,71,71,70,70,39,39,39,39,31,31,44,71,71,71,48],"gold":229,"neow_bonus":"TEN_PERCENT_HP_BONUS","is_prod":false,"is_daily":false,"chose_seed":false,"campfire_upgraded":5,"win_rate":0,"timestamp":1555310139,"path_taken":["M","M","?","?","?","E","?","R","T","$","E","$","M","M","R","BOSS","M","M","?","M","$","E","M","R","T","E","R","?","$","E","R","BOSS","M","?","$","M","?","E","R","?","T","M","R","M","M","?","R","BOSS"],"build_version":"2019-01-23","purchased_purges":3,"victory":true,"max_hp_per_floor":[77,77,77,71,71,71,71,71,71,71,71,71,71,71,71,71,71,71,71,71,71,71,71,71,71,71,71,71,71,71,71,71,71,71,71,71,71,71,71,71,71,71,71,71,71,71,71,71,71,71],"card_choices":[{"not_picked":["Prepared","Acrobatics"],"picked":"Backflip","floor":1},{"not_picked":["Blade Dance","Outmaneuver"],"picked":"Poisoned Stab","floor":2},{"not_picked":["Underhanded Strike","All Out Attack"],"picked":"Corpse Explosion","floor":6},{"not_picked":["Acrobatics","Dagger Spray","Slice"],"picked":"SKIP","floor":7},{"not_picked":["All Out Attack","Flying Knee"],"picked":"Sucker Punch","floor":11},{"not_picked":["Leg Sweep","Dagger Spray"],"picked":"Noxious Fumes","floor":13},{"not_picked":["Masterful Stab","Accuracy"],"picked":"Footwork","floor":14},{"not_picked":["Venomology","Die Die Die"],"picked":"Wraith Form v2","floor":16},{"not_picked":["Bane","Quick Slash"],"picked":"Crippling Poison+1","floor":18},{"not_picked":["Heel Hook","Backflip"],"picked":"Infinite Blades","floor":19},{"not_picked":["Dash","Backflip"],"picked":"Well Laid Plans","floor":21},{"not_picked":["Tactician","Caltrops+1"],"picked":"Blur","floor":23},{"not_picked":["Flechettes","Underhanded Strike"],"picked":"PiercingWail","floor":24},{"not_picked":["Dagger Spray+1","PiercingWail+1"],"picked":"Prepared+1","floor":27},{"not_picked":["Underhanded Strike","Choke"],"picked":"Terror","floor":31},{"not_picked":["Venomology","Grand Finale"],"picked":"Tools of the Trade","floor":33},{"not_picked":["Predator+1","Quick Slash"],"picked":"Blur","floor":35},{"not_picked":["Terror+1","Accuracy","Dagger Spray"],"picked":"SKIP","floor":38},{"not_picked":["Infinite Blades+1","Unload"],"picked":"Dash","floor":40},{"not_picked":["Backflip","Outmaneuver+1"],"picked":"Backstab","floor":44},{"not_picked":["Distraction+1","Heel Hook","Deflect"],"picked":"SKIP","floor":46},{"not_picked":["Outmaneuver","Blade Dance+1"],"picked":"Underhanded Strike","floor":47}],"player_experience":514885,"relics_obtained":[{"floor":6,"key":"Mercury Hourglass"},{"floor":9,"key":"Blood Vial"},{"floor":11,"key":"FossilizedHelix"},{"floor":23,"key":"Peace Pipe"},{"floor":26,"key":"Happy Flower"},{"floor":27,"key":"Juzu Bracelet"},{"floor":31,"key":"Kunai"},{"floor":40,"key":"Tiny Chest"},{"floor":43,"key":"War Paint"}],"event_choices":[{"cards_removed":["Strike_G"],"damage_healed":0,"gold_gain":0,"player_choice":"Card Removal","damage_taken":7,"max_hp_gain":0,"max_hp_loss":0,"event_name":"Golden Wing","floor":3,"gold_loss":0},{"damage_healed":0,"gold_gain":0,"player_choice":"Lose Max HP","damage_taken":0,"relics_obtained":["Golden Idol"],"max_hp_gain":0,"max_hp_loss":6,"event_name":"Golden Idol","floor":4,"gold_loss":0},{"damage_healed":0,"gold_gain":0,"player_choice":"Gave Potion","damage_taken":0,"relics_obtained":["Snake Skull"],"max_hp_gain":0,"max_hp_loss":0,"event_name":"WeMeetAgain","floor":5,"gold_loss":0},{"damage_healed":0,"gold_gain":0,"player_choice":"Opened","damage_taken":0,"relics_obtained":["Bird Faced Urn"],"max_hp_gain":0,"max_hp_loss":0,"event_name":"The Mausoleum","floor":20,"gold_loss":0},{"cards_removed":["Strike_G"],"damage_healed":0,"gold_gain":0,"player_choice":"Gave Gold","damage_taken":0,"max_hp_gain":0,"max_hp_loss":0,"event_name":"Beggar","floor":29,"gold_loss":75},{"damage_healed":0,"gold_gain":0,"cards_transformed":["Strike_G"],"player_choice":"Transformed","damage_taken":0,"max_hp_gain":0,"max_hp_loss":0,"event_name":"Transmorgrifier","floor":36,"gold_loss":0,"cards_obtained":["Outmaneuver"]},{"cards_removed":["Sucker Punch"],"damage_healed":0,"gold_gain":0,"player_choice":"Removed Attack","damage_taken":0,"max_hp_gain":0,"max_hp_loss":0,"event_name":"Falling","floor":39,"gold_loss":0},{"damage_healed":0,"gold_gain":0,"player_choice":"Forge","damage_taken":0,"max_hp_gain":0,"max_hp_loss":0,"event_name":"Accursed Blacksmith","floor":42,"gold_loss":0,"cards_upgraded":["Tools of the Trade"]},{"damage_healed":0,"gold_gain":0,"player_choice":"Upgrade","damage_taken":0,"relics_obtained":["Mark of the Bloom"],"max_hp_gain":0,"max_hp_loss":0,"event_name":"MindBloom","floor":48,"gold_loss":0,"cards_upgraded":["Defend_G","Defend_G","Defend_G","Defend_G","Survivor","Neutralize","Backflip","Poisoned Stab","Corpse Explosion","Well Laid Plans","Blur","Terror","Blur","Dash","Backstab","Underhanded Strike"]}],"is_beta":false,"boss_relics":[{"not_picked":["Eternal Feather","Lizard Tail"],"picked":"Velvet Choker"},{"not_picked":["Philosopher\u0027s Stone","Fusion Hammer"],"picked":"White Beast Statue"}],"items_purged_floors":[12,22,37],"is_endless":false,"potions_floor_spawned":[2,7,13,18,21,27,31,35,38,40,44,46,47],"ascension_level":12}