{"path_per_floor":["M","?","$","?","M","R","M","R","T","M","?","R","E","M","R","B",null,"M","M","?","M","$","R","?","R","T","M","?","M","R","M","R","B",null,"M","M","M","?","$","R","?","$","T","R","$","?","M","M","R","B"],"character_chosen":"IRONCLAD","items_purchased":["Shockwave","Torii","Demon Form","Pummel"],"gold_per_floor":[113,113,31,131,143,143,161,161,161,181,151,151,177,197,197,296,296,267,277,277,296,4,4,4,4,31,41,41,60,60,75,75,170,170,181,201,221,221,4,4,4,4,30,30,30,0,14,33,33,33],"floor_reached":51,"campfire_rested":1,"playtime":2613,"current_hp_per_floor":[80,85,85,85,79,79,82,82,82,85,85,85,72,73,73,56,85,64,74,74,63,63,63,63,63,63,65,49,52,52,35,60,57,85,68,78,79,69,69,69,69,69,69,69,69,69,79,76,76,51],"items_purged":[],"gold":33,"play_id":"71c87a09-c3a9-4839-b725-97915411ff31","is_prod":false,"is_daily":false,"campfire_rituals":0,"campfire_upgraded":10,"is_hardmode":false,"path_taken":["M","?","$","?","M","R","M","R","T","M","?","R","E","M","R","BOSS","M","M","?","M","$","R","?","R","T","M","?","M","R","M","R","BOSS","M","M","M","?","$","R","?","$","T","R","?","?","M","M","R","BOSS"],"build_version":"2017-12-21-BETA1","purchased_purges":0,"victory":true,"master_deck":["Strike_R","Strike_R","Strike_R","Strike_R","Strike_R","Defend_R","Defend_R","Defend_R","Bash","Bludgeon","Searing Blow","Shockwave","Inflame","Shrug It Off","Double Tap","Dual Wield","Evolve","Clash","Power Through","Dual Wield","Necronomicurse","Clash","Dropkick","Demon Form","Perfected Strike","Madness","Madness","Demon Form","Pummel","Clothesline","Heavy Blade"],"max_hp_per_floor":[80,85,85,85,85,85,85,85,85,85,85,85,85,85,85,85,85,85,85,85,85,85,85,85,85,85,85,85,85,85,85,85,85,85,85,85,85,85,85,85,85,85,85,85,85,85,85,85,85,85],"relics":["Black Blood","Juzu Bracelet","Vajra","Torii","Oddly Smooth Stone","Necronomicon","Snecko Eye","Whetstone","Red Mask"],"campfire_meditates":0,"card_choices":[{"not_picked":["Flame Barrier","Combust"],"picked":"Searing Blow"},{"not_picked":["Fire Breathing","Combust"],"picked":"Inflame"},{"not_picked":["Reckless Charge","Thunderclap"],"picked":"Shrug It Off"},{"not_picked":["Thunderclap","Shrug It Off"],"picked":"Armaments"},{"not_picked":["Offering","Juggernaut"],"picked":"Double Tap"},{"not_picked":["Warcry","Feel No Pain"],"picked":"Dual Wield"},{"not_picked":["Rage","Perfected Strike"],"picked":"Evolve"},{"not_picked":["Evolve","Reckless Charge"],"picked":"Clash"},{"not_picked":["Body Slam","Thunderclap"],"picked":"Dual Wield"},{"not_picked":["Reckless Charge","Burning Pact"],"picked":"Clash"},{"not_picked":["Searing Blow","Sentinel"],"picked":"Dropkick"},{"not_picked":["Barricade","Feed"],"picked":"Demon Form"},{"not_picked":["Iron Wave","Heavy Blade"],"picked":"Perfected Strike"},{"not_picked":["Second Wind","Perfected Strike"],"picked":"Clothesline"},{"not_picked":["Burning Pact","Body Slam"],"picked":"Heavy Blade"}],"player_experience":295056,"potions_floor_usage":[13,19,31,33,33,35,36],"damage_taken":[{"damage":5,"enemies":"Looter","floor":1,"turns":2},{"damage":12,"enemies":"Blue Slaver","floor":5,"turns":2},{"damage":3,"enemies":"Jaw Worm","floor":7,"turns":3},{"damage":3,"enemies":"Exordium Wildlife","floor":10,"turns":4},{"damage":19,"enemies":"Lagavulin","floor":13,"turns":6},{"damage":5,"enemies":"Large Slime","floor":14,"turns":6},{"damage":23,"enemies":"The Guardian","floor":16,"turns":6},{"damage":31,"enemies":"2 Thieves","floor":18,"turns":5},{"damage":0,"enemies":"Shell Parasite","floor":19,"turns":1},{"damage":21,"enemies":"Snake Plant","floor":21,"turns":2},{"damage":8,"enemies":"Snecko","floor":27,"turns":5},{"damage":7,"enemies":"Centurion and Healer","floor":29,"turns":4},{"damage":27,"enemies":"3 Cultists","floor":31,"turns":7},{"damage":13,"enemies":"Collector","floor":33,"turns":3},{"damage":27,"enemies":"3 Shapes","floor":35,"turns":5},{"damage":0,"enemies":"Orb Walker","floor":36,"turns":1},{"damage":9,"enemies":"3 Darklings","floor":37,"turns":4},{"damage":0,"enemies":"Flame Bruiser 2 Orb","floor":47,"turns":2},{"damage":13,"enemies":"Maw","floor":48,"turns":5},{"damage":35,"enemies":"Time Eater","floor":50,"turns":5}],"event_choices":[{"event_name":"Big Fish","player_choice":"Donut","floor":2,"damage_taken":0},{"event_name":"Golden Shrine","player_choice":"Pray","floor":4,"damage_taken":0},{"event_name":"The Woman in Blue","player_choice":"Bought 2 Potions","floor":11,"damage_taken":0},{"event_name":"Back to Basics","player_choice":"Simplicity","floor":20,"damage_taken":0},{"event_name":"Transmorgrifier","player_choice":"Transform","floor":24,"damage_taken":0},{"event_name":"Cursed Tome","player_choice":"Obtained Book","floor":28,"damage_taken":0},{"event_name":"Winding Halls","player_choice":"Embrace Madness","floor":38,"damage_taken":0},{"event_name":"Tomb of Lord Red Mask","player_choice":"Paid","floor":46,"damage_taken":0}],"boss_relics":[{"not_picked":["Ectoplasm","Philosopher\u0027s Stone"],"picked":"Black Blood"},{"not_picked":["Velvet Choker","Orrery"],"picked":"Snecko Eye"}],"potions_floor_spawned":[1,10,13,18,21,27,31,35,36,47,48],"seed_played":"3516078173982862902","is_trial":false}