{"gold_per_floor":[119,119,119,143,162,162,200,200,255,293,293,306,322,366,366,459,459,483,483,508,508,25,25,68,368,419,435,435,435,50,65,65,160,160,174,49,74,90,108,149,149,189,189,189,209,267,287,330,330,330],"floor_reached":51,"playtime":2902,"items_purged":["Strike_B","Strike_B","Strike_B"],"score":1438,"play_id":"1a57f498-6831-42c0-b332-dc185fdbb080","local_time":"20190216090351","is_ascension_mode":true,"campfire_choices":[{"floor":6.0,"key":"REST"},{"floor":8.0,"key":"REST"},{"data":"Zap","floor":11.0,"key":"SMITH"},{"floor":15.0,"key":"REST"},{"floor":23.0,"key":"REST"},{"data":"Storm","floor":28.0,"key":"SMITH"},{"data":"Go for the Eyes","floor":32.0,"key":"SMITH"},{"floor":41,"key":"REST"},{"data":"Storm","floor":49,"key":"SMITH"}],"neow_cost":"NONE","seed_source_timestamp":373535690919200,"circlet_count":0,"master_deck":["AscendersBane","Strike_B+1","Defend_B+1","Defend_B","Defend_B","Defend_B","Zap+1","Dualcast","Hologram","Injury","Glacier","Compile Driver","Chill","Loop","Defragment","Creative AI","Go for the Eyes+1","Ball Lightning","Self Repair","Melter","Undo","Electrodynamics","Storm+1","Leap","Seek","Leap","Streamline+1","Cold Snap","Go for the Eyes","Storm+1","Coolheaded+1"],"special_seed":0,"relics":["FrozenCore","Golden Idol","Art of War","Anchor","Matryoshka","Singing Bowl","Oddly Smooth Stone","PreservedInsect","Sundial","Old Coin","Lantern","DataDisk","MutagenicStrength","Mummified Hand","Inserter","Juzu Bracelet","Boot","Cables","FossilizedHelix","Bronze Scales"],"potions_floor_usage":[40,47],"damage_taken":[{"damage":9.0,"enemies":"Jaw Worm","floor":1.0,"turns":4.0},{"damage":6.0,"enemies":"2 Louse","floor":4.0,"turns":3.0},{"damage":10.0,"enemies":"Small Slimes","floor":5.0,"turns":4.0},{"damage":22.0,"enemies":"Lagavulin","floor":7.0,"turns":9.0},{"damage":15.0,"enemies":"3 Sentries","floor":10.0,"turns":10.0},{"damage":6.0,"enemies":"Blue Slaver","floor":12.0,"turns":4.0},{"damage":0.0,"enemies":"3 Louse","floor":13.0,"turns":6.0},{"damage":37.0,"enemies":"Gremlin Nob","floor":14.0,"turns":6.0},{"damage":29.0,"enemies":"The Guardian","floor":16.0,"turns":17.0},{"damage":8.0,"enemies":"Chosen","floor":18.0,"turns":6.0},{"damage":35.0,"enemies":"3 Byrds","floor":20.0,"turns":7.0},{"damage":8.0,"enemies":"Slavers","floor":24.0,"turns":5.0},{"damage":2.0,"enemies":"Centurion and Healer","floor":27.0,"turns":8.0},{"damage":0.0,"enemies":"Chosen and Byrds","floor":31.0,"turns":3.0},{"damage":22.0,"enemies":"Automaton","floor":33.0,"turns":8.0},{"damage":3,"enemies":"Orb Walker","floor":35,"turns":3},{"damage":0,"enemies":"3 Shapes","floor":37,"turns":2},{"damage":1,"enemies":"Sphere and 2 Shapes","floor":38,"turns":3},{"damage":68,"enemies":"Maw","floor":39,"turns":9},{"damage":9,"enemies":"Reptomancer","floor":40,"turns":4},{"damage":37,"enemies":"Nemesis","floor":42,"turns":10},{"damage":1,"enemies":"4 Shapes","floor":45,"turns":4},{"damage":17,"enemies":"2 Orb Walkers","floor":46,"turns":4},{"damage":8,"enemies":"Spire Growth","floor":47,"turns":4},{"damage":0,"enemies":"Giant Head","floor":48,"turns":5},{"damage":37,"enemies":"Awakened One","floor":50,"turns":10}],"seed_played":"-1537471219294936080","potions_obtained":[{"floor":1.0,"key":"Regen Potion"},{"floor":5.0,"key":"SteroidPotion"},{"floor":13.0,"key":"FearPotion"},{"floor":16.0,"key":"PowerPotion"},{"floor":24.0,"key":"Explosive Potion"},{"floor":27.0,"key":"FearPotion"},{"floor":39,"key":"GamblersBrew"},{"floor":42,"key":"Fire Potion"}],"is_trial":false,"path_per_floor":["M","?","?","M","M","R","E","R","T","E","R","M","M","E","R","B",null,"M","?","M","?","$","R","E","T","T","M","R","?","$","M","R","B",null,"M","$","M","M","M","E","R","E","T","?","M","?","M","E","R","B",null],"character_chosen":"DEFECT","items_purchased":["Self Repair","Oddly Smooth Stone","Melter","Undo","Mummified Hand"],"campfire_rested":5,"item_purchase_floors":[22,22,22,22,30],"current_hp_per_floor":[62,39,39,33,23,46,24,47,47,32,32,26,41,6,30,1,60,52,52,17,17,17,41,40,40,40,45,45,45,45,52,52,37,69,73,73,75,74,13,13,38,10,10,71,71,61,62,69,69,39],"gold":330,"neow_bonus":"TEN_PERCENT_HP_BONUS","is_prod":false,"is_daily":false,"chose_seed":false,"campfire_upgraded":4,"win_rate":0,"timestamp":1550336631,"path_taken":["M","?","?","M","M","R","E","R","T","E","R","M","M","E","R","BOSS","M","?","M","?","$","R","E","?","T","M","R","?","$","M","R","BOSS","M","$","M","M","M","E","R","E","T","?","M","?","M","E","R","BOSS"],"build_version":"2019-01-23","purchased_purges":3,"victory":true,"max_hp_per_floor":[78,78,78,78,78,78,78,78,78,78,78,78,78,80,80,80,80,80,80,80,80,80,80,80,80,80,80,80,80,80,80,80,80,80,80,80,82,82,82,84,84,86,86,71,71,71,73,73,73,73],"card_choices":[{"not_picked":["Turbo","Gash"],"picked":"Hologram","floor":1.0},{"not_picked":["Compile Driver","Cold Snap"],"picked":"Glacier","floor":4.0},{"not_picked":["Barrage","Skim"],"picked":"Compile Driver","floor":5.0},{"not_picked":["Gash","Redo","Stack"],"picked":"SKIP","floor":7.0},{"not_picked":["Scrape","Fission"],"picked":"Chill","floor":10.0},{"not_picked":["Steam","Turbo"],"picked":"Loop","floor":12.0},{"not_picked":["Sweeping Beam","Barrage"],"picked":"Defragment","floor":13.0},{"not_picked":["Force Field","Heatsinks","Hyperbeam"],"picked":"Singing Bowl","floor":14.0},{"not_picked":["Amplify","Rainbow"],"picked":"Creative AI","floor":16.0},{"not_picked":["Loop","Consume"],"picked":"Go for the Eyes","floor":18.0},{"not_picked":["Aggregate","Gash"],"picked":"Ball Lightning","floor":20.0},{"not_picked":["Cold Snap+1","Steam"],"picked":"Electrodynamics","floor":24.0},{"not_picked":["Scrape","Redo"],"picked":"Storm","floor":27.0},{"not_picked":["Hologram","Barrage"],"picked":"Leap","floor":31.0},{"not_picked":["Amplify","Meteor Strike"],"picked":"Seek","floor":33.0},{"not_picked":["Redo","Rebound"],"picked":"Leap","floor":35},{"not_picked":["Heatsinks","Streamline","Force Field"],"picked":"Singing Bowl","floor":37},{"not_picked":["Reprogram","Sunder"],"picked":"Streamline+1","floor":38},{"not_picked":["Compile Driver","Aggregate+1"],"picked":"Cold Snap","floor":39},{"not_picked":["Genetic Algorithm","Storm","Beam Cell"],"picked":"Singing Bowl","floor":40},{"not_picked":["Echo Form","Ball Lightning","White Noise+1"],"picked":"Singing Bowl","floor":42},{"not_picked":["Cold Snap","Sunder+1"],"picked":"Go for the Eyes","floor":45},{"not_picked":["Streamline+1","Redo"],"picked":"Storm","floor":46},{"not_picked":["Barrage","Rebound+1","Rainbow"],"picked":"Singing Bowl","floor":47},{"not_picked":["Conserve Battery","Rebound+1"],"picked":"Coolheaded+1","floor":48}],"player_experience":982749,"relics_obtained":[{"floor":7.0,"key":"Art of War"},{"floor":9.0,"key":"Anchor"},{"floor":10.0,"key":"Matryoshka"},{"floor":14.0,"key":"Singing Bowl"},{"floor":24.0,"key":"PreservedInsect"},{"floor":25.0,"key":"Sundial"},{"floor":25.0,"key":"Old Coin"},{"floor":26.0,"key":"Lantern"},{"floor":26.0,"key":"DataDisk"},{"floor":40,"key":"Juzu Bracelet"},{"floor":42,"key":"Boot"},{"floor":43,"key":"Cables"},{"floor":46,"key":"FossilizedHelix"},{"floor":48,"key":"Bronze Scales"}],"event_choices":[{"damage_healed":0.0,"max_hp_gain":0.0,"max_hp_loss":0.0,"gold_gain":0.0,"event_name":"Shining Light","player_choice":"Entered Light","floor":2.0,"gold_loss":0.0,"damage_taken":23.0,"cards_upgraded":["Defend_B","Strike_B"]},{"damage_healed":0.0,"max_hp_gain":0.0,"max_hp_loss":0.0,"gold_gain":0.0,"event_name":"Golden Idol","player_choice":"Take Wound","floor":3.0,"gold_loss":0.0,"damage_taken":0.0,"relics_obtained":["Golden Idol"],"cards_obtained":["Injury"]},{"damage_healed":0.0,"max_hp_gain":0.0,"max_hp_loss":0.0,"gold_gain":0.0,"event_name":"Vampires","player_choice":"Ignored","floor":19.0,"gold_loss":0.0,"damage_taken":0.0},{"damage_healed":0.0,"max_hp_gain":0.0,"max_hp_loss":0.0,"gold_gain":0.0,"event_name":"Ghosts","player_choice":"Ignored","floor":21.0,"gold_loss":0.0,"damage_taken":0.0},{"damage_healed":0.0,"max_hp_gain":0.0,"max_hp_loss":0.0,"gold_gain":0.0,"event_name":"Drug Dealer","player_choice":"Inject Mutagens","floor":29.0,"gold_loss":0.0,"damage_taken":0.0,"relics_obtained":["MutagenicStrength"]},{"damage_healed":71,"gold_gain":0,"player_choice":"Heal","damage_taken":0,"max_hp_gain":0,"max_hp_loss":15,"event_name":"The Moai Head","floor":44,"gold_loss":0},{"damage_healed":0,"gold_gain":0,"player_choice":"Fight","damage_taken":0,"max_hp_gain":0,"max_hp_loss":0,"event_name":"Mysterious Sphere","floor":46,"gold_loss":0}],"is_beta":false,"boss_relics":[{"not_picked":["Black Star","Eternal Feather"],"picked":"FrozenCore"},{"not_picked":["Cursed Key","Philosopher\u0027s Stone"],"picked":"Inserter"}],"items_purged_floors":[22,30,36],"is_endless":false,"potions_floor_spawned":[1,5,13,16,24,27,31,39,42,45],"ascension_level":17}