{"gold_per_floor":[109,109,121,10,28,28,45,79,79,79,94,94,107,138,138,212,212,137,62,62,62,62,62,62,62,62,62,62,62,62,62,62,62,62,62,62,62,62,62,62,62,62,62,62,62,62,62,62,62,62],"floor_reached":51,"playtime":1970,"items_purged":["Strike_G"],"score":1274,"play_id":"b7818f9b-2551-4adb-9826-22b780059c2b","local_time":"20190919003956","is_ascension_mode":true,"campfire_choices":[{"data":"Cloak And Dagger","floor":6.0,"key":"SMITH"},{"data":"Neutralize","floor":10.0,"key":"SMITH"},{"data":"Accuracy","floor":12.0,"key":"SMITH"},{"data":"Riddle With Holes","floor":15.0,"key":"SMITH"},{"data":"Bullet Time","floor":24.0,"key":"SMITH"},{"floor":28.0,"key":"REST"},{"data":"Cloak And Dagger","floor":32,"key":"SMITH"},{"data":"1","floor":41,"key":"LIFT"},{"data":"2","floor":46,"key":"LIFT"},{"data":"3","floor":49,"key":"LIFT"}],"neow_cost":"NONE","seed_source_timestamp":414278532973439,"circlet_count":0,"master_deck":["AscendersBane","Strike_G","Strike_G","Defend_G","Defend_G","Defend_G","Defend_G","Defend_G","Survivor","Neutralize+1","Flying Knee","Riddle With Holes+1","Accuracy+1","Cloak And Dagger+1","Quick Slash","Dagger Throw","Backflip","Infinite Blades","Backflip","Bullet Time+1","Backflip","Cloak And Dagger+1","After Image","Terror+1","Blade Dance+1","Infinite Blades+1"],"special_seed":0,"relics":["Ring of the Snake","NeowsBlessing","Art of War","Letter Opener","Thread and Needle","Ectoplasm","Lantern","Regal Pillow","Bronze Scales","Meat on the Bone","Pantograph","WristBlade","Girya","Sundial","White Beast Statue","Torii","HornCleat"],"potions_floor_usage":[33,40,45],"damage_taken":[{"damage":0.0,"enemies":"2 Louse","floor":1.0,"turns":1.0},{"damage":0.0,"enemies":"Jaw Worm","floor":3.0,"turns":1.0},{"damage":0.0,"enemies":"Small Slimes","floor":5.0,"turns":1.0},{"damage":2.0,"enemies":"3 Louse","floor":7.0,"turns":3.0},{"damage":8.0,"enemies":"Gremlin Nob","floor":8.0,"turns":3.0},{"damage":13.0,"enemies":"Exordium Wildlife","floor":11.0,"turns":5.0},{"damage":6.0,"enemies":"Looter","floor":13.0,"turns":3.0},{"damage":1.0,"enemies":"Lagavulin","floor":14.0,"turns":5.0},{"damage":16.0,"enemies":"Hexaghost","floor":16.0,"turns":12.0},{"damage":7.0,"enemies":"2 Thieves","floor":18.0,"turns":5.0},{"damage":0.0,"enemies":"Spheric Guardian","floor":20.0,"turns":3.0},{"damage":16.0,"enemies":"Snake Plant","floor":21.0,"turns":5.0},{"damage":5.0,"enemies":"Gremlin Leader","floor":23.0,"turns":7.0},{"damage":10.0,"enemies":"Centurion and Healer","floor":25.0,"turns":6.0},{"damage":8.0,"enemies":"Book of Stabbing","floor":29.0,"turns":5.0},{"damage":0.0,"enemies":"Chosen and Byrds","floor":30.0,"turns":4.0},{"damage":7,"enemies":"Slavers","floor":31,"turns":5},{"damage":1,"enemies":"Collector","floor":33,"turns":9},{"damage":0,"enemies":"3 Shapes","floor":35,"turns":3},{"damage":0,"enemies":"Mind Bloom Boss Battle","floor":37,"turns":5},{"damage":0,"enemies":"Orb Walker","floor":38,"turns":1},{"damage":0,"enemies":"4 Shapes","floor":39,"turns":4},{"damage":0,"enemies":"Giant Head","floor":40,"turns":5},{"damage":0,"enemies":"3 Darklings","floor":44,"turns":4},{"damage":6,"enemies":"2 Orb Walkers","floor":45,"turns":4},{"damage":36,"enemies":"Awakened One","floor":50,"turns":8}],"seed_played":"-4408567892691121861","potions_obtained":[{"floor":3.0,"key":"GamblersBrew"},{"floor":7.0,"key":"Fire Potion"},{"floor":13.0,"key":"PowerPotion"},{"floor":14.0,"key":"SkillPotion"},{"floor":16.0,"key":"SkillPotion"},{"floor":29.0,"key":"GhostInAJar"},{"floor":30.0,"key":"Strength Potion"},{"floor":33,"key":"Swift Potion"},{"floor":40,"key":"Energy Potion"},{"floor":45,"key":"Ancient Potion"}],"is_trial":false,"path_per_floor":["M","?","M","$","M","R","M","E","T","R","M","R","M","E","R","B",null,"M","?","M","M","?","E","R","M","T","?","R","E","M","E","R","B",null,"M","$","?","M","M","E","R","?","T","M","?","R","T","$","R","B",null],"character_chosen":"THE_SILENT","items_purchased":["Accuracy"],"campfire_rested":1,"item_purchase_floors":[4],"current_hp_per_floor":[59,59,59,59,59,59,57,49,49,49,36,36,30,29,29,13,53,46,46,46,30,30,25,25,15,15,15,49,41,41,34,34,58,64,64,64,66,66,66,66,66,63,63,63,57,57,57,57,57,39],"gold":62,"neow_bonus":"THREE_ENEMY_KILL","is_prod":false,"is_daily":false,"chose_seed":false,"campfire_upgraded":6,"win_rate":0,"timestamp":1568878796,"path_taken":["M","?","M","$","M","R","M","E","T","R","M","R","M","E","R","BOSS","M","?","M","M","?","E","R","M","T","?","R","E","M","E","R","BOSS","M","$","?","M","M","E","R","?","T","M","?","R","?","$","R","BOSS"],"build_version":"2019-09-18","purchased_purges":1,"victory":true,"max_hp_per_floor":[66,66,66,66,66,66,66,66,66,66,66,66,66,66,66,66,66,66,66,66,66,66,66,66,66,66,66,66,66,66,66,66,66,66,66,66,66,66,66,66,66,63,63,63,63,63,63,63,63,63],"card_choices":[{"not_picked":["Dodge and Roll","Outmaneuver"],"picked":"Flying Knee","floor":1.0},{"not_picked":["Backflip","Blade Dance"],"picked":"Riddle With Holes","floor":3.0},{"not_picked":["Deadly Poison","Flying Knee"],"picked":"Cloak And Dagger","floor":5.0},{"not_picked":["Poisoned Stab","Deadly Poison"],"picked":"Quick Slash","floor":7.0},{"not_picked":["A Thousand Cuts","Sucker Punch"],"picked":"Dagger Throw","floor":8.0},{"not_picked":["Deflect","Expertise"],"picked":"Backflip","floor":11.0},{"not_picked":["Skewer","Dagger Spray"],"picked":"Infinite Blades","floor":13.0},{"not_picked":["Distraction","Dagger Throw"],"picked":"Backflip","floor":14.0},{"not_picked":["Phantasmal Killer","Grand Finale"],"picked":"Bullet Time","floor":16.0},{"not_picked":["Underhanded Strike+1","Eviscerate"],"picked":"Backflip","floor":18.0},{"not_picked":["Deflect","Slice","Dodge and Roll"],"picked":"SKIP","floor":20.0},{"not_picked":["Slice","Prepared","Riddle With Holes"],"picked":"SKIP","floor":21.0},{"not_picked":["Flechettes","Dodge and Roll","Acrobatics"],"picked":"SKIP","floor":23.0},{"not_picked":["Dodge and Roll","Distraction"],"picked":"Cloak And Dagger","floor":25.0},{"not_picked":["Acrobatics","Outmaneuver","Caltrops"],"picked":"SKIP","floor":29.0},{"not_picked":["Acrobatics","Outmaneuver","Caltrops"],"picked":"SKIP","floor":29.0},{"not_picked":["Die Die Die","Quick Slash+1","Concentrate"],"picked":"SKIP","floor":30.0},{"not_picked":["Noxious Fumes+1","Blade Dance"],"picked":"After Image","floor":31},{"not_picked":["PiercingWail","Setup"],"picked":"Terror+1","floor":35},{"not_picked":["Poisoned Stab+1","Deflect"],"picked":"Blade Dance+1","floor":37},{"not_picked":["Tactician","Dodge and Roll","Caltrops"],"picked":"SKIP","floor":38},{"not_picked":["Cloak And Dagger+1","Storm of Steel","Tactician+1"],"picked":"SKIP","floor":39},{"not_picked":["Quick Slash","Deadly Poison","Flechettes"],"picked":"SKIP","floor":40},{"not_picked":["Sucker Punch","Flying Knee","Backflip"],"picked":"SKIP","floor":44},{"not_picked":["Deflect","Dagger Spray"],"picked":"Infinite Blades+1","floor":45}],"player_experience":666853,"relics_obtained":[{"floor":8.0,"key":"Art of War"},{"floor":9.0,"key":"Letter Opener"},{"floor":14.0,"key":"Thread and Needle"},{"floor":23.0,"key":"Regal Pillow"},{"floor":26.0,"key":"Bronze Scales"},{"floor":29.0,"key":"Meat on the Bone"},{"floor":31,"key":"Pantograph"},{"floor":37,"key":"Girya"},{"floor":40,"key":"Sundial"},{"floor":43,"key":"White Beast Statue"},{"floor":45,"key":"Torii"},{"floor":47,"key":"HornCleat"}],"event_choices":[{"cards_removed":["Strike_G"],"damage_healed":0.0,"max_hp_gain":0.0,"max_hp_loss":0.0,"gold_gain":0.0,"event_name":"Living Wall","player_choice":"Forget","floor":2.0,"gold_loss":0.0,"damage_taken":0.0},{"cards_removed":["Strike_G"],"damage_healed":0.0,"max_hp_gain":0.0,"max_hp_loss":0.0,"gold_gain":0.0,"event_name":"Beggar","player_choice":"Gave Gold","floor":19.0,"gold_loss":75.0,"damage_taken":0.0},{"damage_healed":0.0,"max_hp_gain":0.0,"max_hp_loss":0.0,"gold_gain":0.0,"event_name":"The Mausoleum","player_choice":"Opened","floor":22.0,"gold_loss":0.0,"damage_taken":0.0,"relics_obtained":["Lantern"]},{"damage_healed":0.0,"max_hp_gain":0.0,"max_hp_loss":0.0,"gold_gain":0.0,"event_name":"Ghosts","player_choice":"Ignored","floor":27.0,"gold_loss":0.0,"damage_taken":0.0},{"damage_healed":0,"gold_gain":0,"player_choice":"Fight","damage_taken":0,"max_hp_gain":0,"max_hp_loss":0,"event_name":"MindBloom","floor":37,"gold_loss":0},{"damage_healed":0,"gold_gain":0,"player_choice":"Max HP","damage_taken":0,"max_hp_gain":0,"max_hp_loss":3,"event_name":"Winding Halls","floor":42,"gold_loss":0},{"damage_healed":0,"gold_gain":0,"player_choice":"Fight","damage_taken":0,"max_hp_gain":0,"max_hp_loss":0,"event_name":"Mysterious Sphere","floor":45,"gold_loss":0}],"is_beta":true,"boss_relics":[{"not_picked":["Tiny House","Black Star"],"picked":"Ectoplasm"},{"not_picked":["SacredBark","Velvet Choker"],"picked":"WristBlade"}],"items_purged_floors":[4],"is_endless":false,"potions_floor_spawned":[3,7,13,14,16,20,29,30,31,33,35,40,44,45],"ascension_level":14}