{"gold_per_floor":[113,127,142,158,158,184,184,213,238,238,269,288,288,301,301,404,404,404],"floor_reached":18,"playtime":933,"items_purged":[],"score":182,"play_id":"08c4006a-33e8-4aac-a576-8b2cb6731b89","local_time":"20190402000845","is_ascension_mode":false,"campfire_choices":[{"floor":7.0,"key":"REST"},{"floor":10.0,"key":"REST"},{"floor":13.0,"key":"REST"},{"floor":15.0,"key":"REST"}],"neow_cost":"","seed_source_timestamp":0,"circlet_count":0,"master_deck":["Defend_G","Defend_G","Defend_G","Defend_G+1","Defend_G","Strike_G","Strike_G","Strike_G","Strike_G","Strike_G","Survivor","Neutralize","Underhanded Strike","Calculated Gamble+1","Poisoned Stab","Backstab","Endless Agony","Finisher","Backflip","Backstab","Blur","Cloak And Dagger","Envenom"],"special_seed":0,"relics":["Ring of the Snake","Dead Branch","Dream Catcher","Omamori","Centennial Puzzle","Eternal Feather"],"potions_floor_usage":[],"damage_taken":[{"damage":1.0,"enemies":"Small Slimes","floor":1.0,"turns":3.0},{"damage":0.0,"enemies":"2 Louse","floor":2.0,"turns":2.0},{"damage":4.0,"enemies":"Cultist","floor":3.0,"turns":5.0},{"damage":23.0,"enemies":"Exordium Thugs","floor":4.0,"turns":10.0},{"damage":24.0,"enemies":"Lagavulin","floor":6.0,"turns":7.0},{"damage":14.0,"enemies":"Gremlin Nob","floor":8.0,"turns":4.0},{"damage":10.0,"enemies":"Lagavulin","floor":11.0,"turns":3.0},{"damage":0.0,"enemies":"Looter","floor":12.0,"turns":2.0},{"damage":0.0,"enemies":"Lots of Slimes","floor":14.0,"turns":4.0},{"damage":42.0,"enemies":"The Guardian","floor":16.0,"turns":11.0},{"damage":0,"enemies":"Chosen","floor":18,"turns":1}],"seed_played":"-6699003789964743578","potions_obtained":[{"floor":1.0,"key":"SkillPotion"},{"floor":6.0,"key":"Weak Potion"},{"floor":8.0,"key":"SneckoOil"},{"floor":11.0,"key":"Block Potion"}],"is_trial":true,"path_per_floor":["M","M","M","M","?","E","R","E","T","R","E","M","R","M","R","B",null,"M"],"character_chosen":"THE_SILENT","items_purchased":[],"campfire_rested":4,"item_purchase_floors":[],"current_hp_per_floor":[69,69,65,42,28,4,25,11,11,32,22,22,43,43,64,22,70,70],"gold":404,"neow_bonus":"","is_prod":false,"is_daily":false,"chose_seed":false,"campfire_upgraded":0,"win_rate":0,"timestamp":1554188925,"path_taken":["M","M","M","M","?","E","R","E","T","R","E","M","R","M","R","BOSS","M"],"build_version":"2019-01-23","purchased_purges":0,"victory":false,"max_hp_per_floor":[70,70,70,70,70,70,70,70,70,70,70,70,70,70,70,70,70,70],"card_choices":[{"not_picked":["Expertise","Accuracy","Underhanded Strike"],"picked":"SKIP","floor":1.0},{"not_picked":["Underhanded Strike","Dodge and Roll","Heel Hook"],"picked":"SKIP","floor":2.0},{"not_picked":["Quick Slash","Noxious Fumes"],"picked":"Calculated Gamble","floor":3.0},{"not_picked":["Quick Slash","PiercingWail"],"picked":"Poisoned Stab","floor":4.0},{"not_picked":["Dash","Dagger Throw"],"picked":"Backstab","floor":6.0},{"not_picked":["Slice","Riddle With Holes"],"picked":"Endless Agony","floor":8.0},{"not_picked":["Catalyst","Expertise"],"picked":"Finisher","floor":10.0},{"not_picked":["Deflect","Flechettes"],"picked":"Backflip","floor":11.0},{"not_picked":["Unload","Sucker Punch","Skewer"],"picked":"SKIP","floor":12.0},{"not_picked":["Quick Slash","Sucker Punch"],"picked":"Backstab","floor":13.0},{"not_picked":["Backflip","Predator"],"picked":"Blur","floor":14.0},{"not_picked":["Blade Dance","Sucker Punch"],"picked":"Cloak And Dagger","floor":15.0},{"not_picked":["Doppelganger","Night Terror"],"picked":"Envenom","floor":16.0}],"player_experience":1135090,"relics_obtained":[{"floor":6.0,"key":"Dead Branch"},{"floor":8.0,"key":"Dream Catcher"},{"floor":9.0,"key":"Omamori"},{"floor":11.0,"key":"Centennial Puzzle"}],"event_choices":[{"damage_healed":0.0,"max_hp_gain":0.0,"max_hp_loss":0.0,"gold_gain":0.0,"event_name":"Shining Light","player_choice":"Entered Light","floor":5.0,"gold_loss":0.0,"damage_taken":14.0,"cards_upgraded":["Calculated Gamble","Defend_G"]}],"is_beta":false,"boss_relics":[{"not_picked":["Lizard Tail","Astrolabe"],"picked":"Eternal Feather"}],"items_purged_floors":[],"is_endless":false,"potions_floor_spawned":[1,6,8,11],"killed_by":"Chosen","ascension_level":0}