{"gold_per_floor":[119,194,211,211,211,243,255,299,336,359,388,413,125,50,50,122,122,140,155,155,55,71,71,91,91,91,124,24,24,24,24,24,24],"floor_reached":33,"playtime":948,"items_purged":["Strike_B","Strike_B","Strike_B"],"score":566,"play_id":"6691c721-3aa8-40c0-9c62-92180b835676","local_time":"20181011204915","is_ascension_mode":true,"campfire_choices":[{"data":"Hyperbeam","floor":7.0,"key":"SMITH"},{"data":"Skim","floor":15.0,"key":"SMITH"},{"floor":23.0,"key":"REST"},{"data":"Reinforced Body","floor":25.0,"key":"SMITH"},{"floor":29.0,"key":"REST"},{"data":"Hyperbeam","floor":32.0,"key":"SMITH"}],"neow_cost":"NONE","seed_source_timestamp":21560352629597,"circlet_count":0,"master_deck":["Defend_B","Defend_B","Zap+1","Dualcast","AscendersBane","FTL","Reinforced Body+1","Hyperbeam+1","Turbo","Skim+1","Go for the Eyes","FTL","Hyperbeam+1","Conserve Battery"],"special_seed":0,"relics":["Cracked Core","NeowsBlessing","MawBank","Ancient Tea Set","DataDisk","PrismaticShard","Snecko Eye","Enchiridion","The Courier","Dream Catcher"],"potions_floor_usage":[33,33],"damage_taken":[{"damage":0.0,"enemies":"Jaw Worm","floor":1.0,"turns":1.0},{"damage":0.0,"enemies":"Small Slimes","floor":3.0,"turns":1.0},{"damage":0.0,"enemies":"Lagavulin","floor":6.0,"turns":1.0},{"damage":13.0,"enemies":"3 Sentries","floor":8.0,"turns":3.0},{"damage":0.0,"enemies":"2 Louse","floor":10.0,"turns":1.0},{"damage":9.0,"enemies":"Red Slaver","floor":11.0,"turns":2.0},{"damage":0.0,"enemies":"Blue Slaver","floor":12.0,"turns":2.0},{"damage":29.0,"enemies":"Hexaghost","floor":16.0,"turns":8.0},{"damage":0.0,"enemies":"Spheric Guardian","floor":18.0,"turns":2.0},{"damage":0.0,"enemies":"2 Thieves","floor":19.0,"turns":1.0},{"damage":0.0,"enemies":"3 Cultists","floor":22.0,"turns":2.0},{"damage":6.0,"enemies":"Sentry and Sphere","floor":24.0,"turns":3.0},{"damage":11.0,"enemies":"Slavers","floor":27.0,"turns":2.0},{"damage":75,"enemies":"Champ","floor":33,"turns":9}],"seed_played":"-3937759011431926393","potions_obtained":[{"floor":6.0,"key":"SpeedPotion"},{"floor":8.0,"key":"PowerPotion"},{"floor":10.0,"key":"Poison Potion"},{"floor":19.0,"key":"Energy Potion"},{"floor":22.0,"key":"PowerPotion"},{"floor":27.0,"key":"Poison Potion"}],"is_trial":false,"path_per_floor":["M","?","M","?","?","E","R","E","T","M","M","M","$","?","R","B",null,"M","M","?","$","M","R","M","R","T","E","$","R","?","$","R"],"character_chosen":"DEFECT","items_purchased":["PrismaticShard"],"campfire_rested":2,"item_purchase_floors":[13],"current_hp_per_floor":[64,53,53,53,53,53,53,40,40,40,31,31,31,31,31,2,54,54,54,33,33,33,54,48,48,48,37,37,58,58,58,58,0],"gold":24,"neow_bonus":"THREE_ENEMY_KILL","is_prod":false,"is_daily":false,"chose_seed":false,"campfire_upgraded":4,"win_rate":0,"timestamp":1539316155,"path_taken":["M","?","?","?","?","E","R","E","T","M","?","M","$","?","R","BOSS","M","M","?","$","M","R","?","R","T","E","$","R","?","$","R","BOSS"],"build_version":"2018-10-10","purchased_purges":3,"victory":false,"max_hp_per_floor":[71,71,71,71,71,71,71,71,71,71,71,71,71,71,71,71,71,71,71,71,71,71,71,71,71,71,71,71,71,71,71,71,71],"card_choices":[{"not_picked":["Conserve Battery","Undo"],"picked":"FTL","floor":1.0},{"not_picked":["Heatsinks","Blizzard"],"picked":"Reinforced Body","floor":3.0},{"not_picked":["Double Energy","Sweeping Beam"],"picked":"Hyperbeam","floor":6.0},{"not_picked":["Hello World","Streamline"],"picked":"Turbo","floor":8.0},{"not_picked":["Capacitor","Gash"],"picked":"Skim","floor":10.0},{"not_picked":["Compile Driver","Leap"],"picked":"Go for the Eyes","floor":11.0},{"not_picked":["Blizzard","Leap"],"picked":"FTL","floor":12.0},{"not_picked":["Demon Form","Chrysalis"],"picked":"Hyperbeam","floor":16.0},{"not_picked":["Inflame","Flex","Anger"],"picked":"SKIP","floor":18.0},{"not_picked":["Rampage","Flying Knee"],"picked":"Conserve Battery","floor":19.0},{"not_picked":["Infinite Blades","Cold Snap","Impatience"],"picked":"SKIP","floor":22.0},{"not_picked":["Redo","Poisoned Stab","Good Instincts+1"],"picked":"SKIP","floor":24.0},{"not_picked":["Capacitor+1","Cold Snap","Caltrops"],"picked":"SKIP","floor":27.0}],"player_experience":525154,"relics_obtained":[{"floor":6.0,"key":"MawBank"},{"floor":8.0,"key":"Ancient Tea Set"},{"floor":9.0,"key":"DataDisk"},{"floor":20.0,"key":"Enchiridion"},{"floor":26.0,"key":"The Courier"},{"floor":27.0,"key":"Dream Catcher"}],"event_choices":[{"event_name":"World of Goop","player_choice":"Gather Gold","floor":2.0,"damage_taken":0.0},{"event_name":"Living Wall","player_choice":"Grow","floor":4.0,"damage_taken":0.0},{"event_name":"Bonfire Elementals","player_choice":"BASIC","floor":5.0,"damage_taken":0.0},{"event_name":"The Cleric","player_choice":"Card Removal","floor":14.0,"damage_taken":0.0},{"event_name":"Cursed Tome","player_choice":"Obtained Book","floor":20.0,"damage_taken":0.0},{"event_name":"Back to Basics","player_choice":"Elegance","floor":30.0,"damage_taken":0.0}],"is_beta":true,"boss_relics":[{"not_picked":["Cursed Key","Philosopher\u0027s Stone"],"picked":"Snecko Eye"}],"items_purged_floors":[13,21,28],"is_endless":false,"potions_floor_spawned":[6,8,10,11,19,22,24,27],"killed_by":"Champ","ascension_level":18}