{"gold_per_floor":[113,78,28,28,103,103,103,120,174,174,174,194,46,65,65,193,193,212,141,179,195,195,195,195],"floor_reached":24,"playtime":573,"items_purged":[],"score":264,"play_id":"8cff14ea-c733-4349-a6d7-9e5e4d8e63b2","local_time":"20190318232833","is_ascension_mode":true,"campfire_choices":[{"data":"Well Laid Plans","floor":6,"key":"SMITH"},{"data":"Caltrops","floor":15,"key":"SMITH"},{"floor":23,"key":"REST"}],"neow_cost":"NONE","seed_source_timestamp":362302706456602,"circlet_count":0,"master_deck":["Defend_G","Defend_G","Defend_G","Defend_G","Defend_G+1","Strike_G","Strike_G","Strike_G","Strike_G+1","Survivor","Neutralize","Blade Dance+1","Well Laid Plans+1","Cloak And Dagger","Caltrops+1","Wraith Form v2","Backstab","Cloak And Dagger","Phantasmal Killer","Noxious Fumes+1","Accuracy","Bane","Blade Dance+1"],"relics":["Ring of the Snake","Boot","Mummified Hand","Tiny Chest","Golden Idol","Runic Dome","Red Mask"],"potions_floor_usage":[20,20,20,21],"damage_taken":[{"damage":7,"enemies":"Small Slimes","floor":1,"turns":5},{"damage":0,"enemies":"2 Louse","floor":8,"turns":3},{"damage":0,"enemies":"Jaw Worm","floor":12,"turns":3},{"damage":0,"enemies":"Looter","floor":14,"turns":2},{"damage":21,"enemies":"Hexaghost","floor":16,"turns":12},{"damage":6,"enemies":"Shell Parasite","floor":18,"turns":4},{"damage":35,"enemies":"Masked Bandits","floor":20,"turns":5},{"damage":0,"enemies":"2 Thieves","floor":21,"turns":4},{"damage":44,"enemies":"Gremlin Leader","floor":24,"turns":7}],"seed_played":"157089146753673474","potions_obtained":[{"floor":8,"key":"Ancient Potion"},{"floor":12,"key":"EntropicBrew"},{"floor":14,"key":"Ancient Potion"},{"floor":18,"key":"Poison Potion"},{"floor":21,"key":"Explosive Potion"}],"is_trial":false,"path_per_floor":["M","$","?","?","?","R","?","M","T","?","?","M","$","M","R","B",null,"M","$","?","M","?","R","E"],"character_chosen":"THE_SILENT","items_purchased":["Well Laid Plans","Wraith Form v2","Backstab","Accuracy"],"campfire_rested":1,"item_purchase_floors":[2,13,13,19],"current_hp_per_floor":[56,56,56,53,42,42,42,42,42,28,28,28,28,28,28,7,51,45,45,10,10,10,29,0],"gold":195,"neow_bonus":"RANDOM_COMMON_RELIC","is_prod":false,"is_daily":false,"chose_seed":false,"campfire_upgraded":2,"win_rate":0,"timestamp":1552973313,"path_taken":["M","$","?","?","?","R","?","?","T","?","?","M","$","M","R","BOSS","M","$","?","M","?","R","E"],"build_version":"2019-01-23","purchased_purges":0,"victory":false,"max_hp_per_floor":[70,70,70,70,70,70,70,70,70,70,65,65,65,65,65,65,65,65,65,65,65,65,65,65],"card_choices":[{"not_picked":["Prepared","Bouncing Flask"],"picked":"Blade Dance","floor":1},{"not_picked":["Dodge and Roll","Choke"],"picked":"Cloak And Dagger","floor":8},{"not_picked":["Bane","Deflect"],"picked":"Caltrops","floor":12},{"not_picked":["Quick Slash","Distraction"],"picked":"Cloak And Dagger","floor":14},{"not_picked":["Burst","Venomology"],"picked":"Phantasmal Killer","floor":16},{"not_picked":["Concentrate","Bane"],"picked":"Noxious Fumes","floor":18},{"not_picked":["Predator","Choke"],"picked":"Bane","floor":20},{"not_picked":["Acrobatics","Prepared"],"picked":"Blade Dance+1","floor":21}],"player_experience":430128,"relics_obtained":[{"floor":9,"key":"Tiny Chest"},{"floor":20,"key":"Red Mask"}],"event_choices":[{"cards_removed":["Strike_G"],"damage_healed":0,"gold_gain":0,"player_choice":"Card Removal","damage_taken":0,"max_hp_gain":0,"max_hp_loss":0,"event_name":"The Cleric","floor":3,"gold_loss":50},{"damage_healed":0,"gold_gain":0,"player_choice":"Success","damage_taken":3,"relics_obtained":["Mummified Hand"],"max_hp_gain":0,"max_hp_loss":0,"event_name":"Scrap Ooze","floor":4,"gold_loss":0},{"damage_healed":0,"gold_gain":75,"player_choice":"Gather Gold","damage_taken":11,"max_hp_gain":0,"max_hp_loss":0,"event_name":"World of Goop","floor":5,"gold_loss":0},{"damage_healed":0,"gold_gain":0,"player_choice":"Grow","damage_taken":0,"max_hp_gain":0,"max_hp_loss":0,"event_name":"Living Wall","floor":7,"gold_loss":0,"cards_upgraded":["Blade Dance"]},{"damage_healed":0,"gold_gain":0,"player_choice":"Entered Light","damage_taken":14,"max_hp_gain":0,"max_hp_loss":0,"event_name":"Shining Light","floor":10,"gold_loss":0,"cards_upgraded":["Strike_G","Defend_G"]},{"damage_healed":0,"gold_gain":0,"player_choice":"Lose Max HP","damage_taken":0,"relics_obtained":["Golden Idol"],"max_hp_gain":0,"max_hp_loss":5,"event_name":"Golden Idol","floor":11,"gold_loss":0},{"damage_healed":0,"gold_gain":0,"player_choice":"Fought Bandits","damage_taken":0,"max_hp_gain":0,"max_hp_loss":0,"event_name":"Masked Bandits","floor":20,"gold_loss":0},{"damage_healed":0,"gold_gain":0,"player_choice":"Upgraded","damage_taken":0,"max_hp_gain":0,"max_hp_loss":0,"event_name":"Upgrade Shrine","floor":22,"gold_loss":0,"cards_upgraded":["Noxious Fumes"]}],"is_beta":false,"boss_relics":[{"not_picked":["Busted Crown","Velvet Choker"],"picked":"Runic Dome"}],"items_purged_floors":[],"is_endless":false,"potions_floor_spawned":[8,12,14,18,21],"killed_by":"Gremlin Leader","ascension_level":9}