{"gold_per_floor":[110,128,147,18,38,50,50,64,64,84,99,99,99,99,99,99],"floor_reached":16,"playtime":3921,"items_purged":[],"score":96,"play_id":"2c1a9eb8-f025-47b6-a0d6-e77e668e0634","local_time":"20190702210759","is_ascension_mode":false,"campfire_choices":[{"data":"Glacier","floor":7,"key":"SMITH"},{"data":"Go for the Eyes","floor":12,"key":"SMITH"},{"floor":15,"key":"REST"}],"neow_cost":"NONE","seed_source_timestamp":7286004636200,"circlet_count":0,"master_deck":["Strike_B","Strike_B","Strike_B","Strike_B","Defend_B","Defend_B","Defend_B","Defend_B","Zap","Dualcast","Ball Lightning","Go for the Eyes+1","Reinforced Body","White Noise","Cold Snap","Glacier+1","Genetic Algorithm","Reinforced Body","Electrodynamics","Hologram"],"relics":["Cracked Core","Omamori","Toxic Egg 2"],"potions_floor_usage":[11],"damage_taken":[{"damage":1,"enemies":"2 Louse","floor":1,"turns":2},{"damage":0,"enemies":"Small Slimes","floor":2,"turns":2},{"damage":0,"enemies":"Jaw Worm","floor":3,"turns":2},{"damage":2,"enemies":"Gremlin Gang","floor":5,"turns":4},{"damage":10,"enemies":"Red Slaver","floor":6,"turns":4},{"damage":0,"enemies":"2 Fungi Beasts","floor":8,"turns":3},{"damage":0,"enemies":"Exordium Wildlife","floor":10,"turns":3},{"damage":10,"enemies":"Looter","floor":11,"turns":3},{"damage":76,"enemies":"Hexaghost","floor":16,"turns":16}],"seed_played":"-5175287776240452455","potions_obtained":[{"floor":1,"key":"Ancient Potion"},{"floor":5,"key":"PowerPotion"},{"floor":10,"key":"LiquidBronze"}],"is_trial":false,"path_per_floor":["M","M","M","$","M","M","R","M","T","M","M","R","?","?","R","B"],"character_chosen":"DEFECT","items_purchased":["White Noise","Cold Snap"],"campfire_rested":1,"item_purchase_floors":[4,4],"current_hp_per_floor":[81,81,81,81,79,69,69,69,69,69,59,59,41,46,72,0],"gold":99,"neow_bonus":"TEN_PERCENT_HP_BONUS","is_prod":false,"is_daily":false,"chose_seed":false,"campfire_upgraded":2,"win_rate":0,"timestamp":1562098079,"path_taken":["M","M","M","$","M","M","R","M","T","M","M","R","?","?","R","BOSS"],"build_version":"2019-07-01","purchased_purges":0,"victory":false,"max_hp_per_floor":[82,82,82,82,82,82,82,82,82,82,82,82,82,87,87,87],"card_choices":[{"not_picked":["Skim","Streamline"],"picked":"Ball Lightning","floor":1},{"not_picked":["Streamline","Turbo"],"picked":"Go for the Eyes","floor":2},{"not_picked":["Rip and Tear","Sweeping Beam"],"picked":"Reinforced Body","floor":3},{"not_picked":["BootSequence","Hologram"],"picked":"Glacier","floor":5},{"not_picked":["Rebound","Compile Driver"],"picked":"Genetic Algorithm","floor":6},{"not_picked":["Beam Cell","Static Discharge"],"picked":"Reinforced Body","floor":8},{"not_picked":["Capacitor","Conserve Battery"],"picked":"Electrodynamics","floor":10},{"not_picked":["Static Discharge","Blizzard"],"picked":"Hologram","floor":11}],"player_experience":23311,"relics_obtained":[{"floor":9,"key":"Omamori"}],"event_choices":[{"damage_healed":0,"gold_gain":0,"player_choice":"Success","damage_taken":18,"relics_obtained":["Toxic Egg 2"],"max_hp_gain":0,"max_hp_loss":0,"event_name":"Scrap Ooze","floor":13,"gold_loss":0},{"damage_healed":0,"gold_gain":0,"player_choice":"Donut","damage_taken":0,"max_hp_gain":5,"max_hp_loss":0,"event_name":"Big Fish","floor":14,"gold_loss":0}],"is_beta":false,"boss_relics":[],"items_purged_floors":[],"is_endless":false,"potions_floor_spawned":[1,5,10],"killed_by":"Hexaghost","ascension_level":0}