{"gold_per_floor":[109,109,32,44,60,88,65,65,111,127,138,138],"floor_reached":12,"playtime":249,"items_purged":[],"score":104,"play_id":"9fbf217a-d29d-4baf-b168-b0edbdb7063a","local_time":"20190214212028","is_ascension_mode":true,"campfire_choices":[{"data":"Infinite Blades","floor":8,"key":"SMITH"}],"neow_cost":"NONE","seed_source_timestamp":1406622981822,"circlet_count":0,"master_deck":["Defend_G","Defend_G","Defend_G","Defend_G","Defend_G","Strike_G","Strike_G","Strike_G","Strike_G","Strike_G","Survivor","Neutralize","Corpse Explosion","Dodge and Roll","Infinite Blades+1","Catalyst","Leg Sweep","Deadly Poison","Well Laid Plans","Cloak And Dagger"],"relics":["Ring of the Snake","Art of War","Matryoshka","Snake Skull","Ancient Tea Set"],"potions_floor_usage":[5,6],"damage_taken":[{"damage":5,"enemies":"2 Louse","floor":1,"turns":2},{"damage":6,"enemies":"Cultist","floor":4,"turns":5},{"damage":2,"enemies":"Small Slimes","floor":5,"turns":2},{"damage":33,"enemies":"Gremlin Nob","floor":6,"turns":5},{"damage":7,"enemies":"Exordium Wildlife","floor":10,"turns":2},{"damage":0,"enemies":"Looter","floor":11,"turns":4},{"damage":5,"enemies":"Lagavulin","floor":12,"turns":4}],"seed_played":"-3012409315124070269","potions_obtained":[{"floor":1,"key":"FearPotion"},{"floor":4,"key":"Explosive Potion"},{"floor":5,"key":"Swift Potion"}],"is_trial":false,"path_per_floor":["M","?","$","M","M","E","$","R","T","M","M","E"],"character_chosen":"THE_SILENT","items_purchased":["Infinite Blades","Deadly Poison"],"campfire_rested":0,"item_purchase_floors":[3,7],"current_hp_per_floor":[58,58,58,52,50,17,17,17,17,10,10,5],"gold":138,"neow_bonus":"ONE_RANDOM_RARE_CARD","is_prod":false,"is_daily":false,"chose_seed":false,"campfire_upgraded":1,"win_rate":0,"timestamp":1550204428,"path_taken":["M","?","$","M","?","E","?","R","T","M","M","E"],"build_version":"2019-01-23","purchased_purges":0,"victory":false,"max_hp_per_floor":[70,70,70,70,70,70,70,70,70,70,70,70],"card_choices":[{"not_picked":["Underhanded Strike","Finisher"],"picked":"Dodge and Roll","floor":1},{"not_picked":["Infinite Blades","Eviscerate"],"picked":"Catalyst","floor":4},{"not_picked":["Underhanded Strike","Slice"],"picked":"Leg Sweep","floor":5},{"not_picked":["Expertise","Dodge and Roll","Corpse Explosion"],"picked":"SKIP","floor":6},{"not_picked":["Tactician","Catalyst"],"picked":"Well Laid Plans","floor":10},{"not_picked":["Sucker Punch","Backstab"],"picked":"Cloak And Dagger","floor":11}],"player_experience":358818,"relics_obtained":[{"floor":6,"key":"Matryoshka"},{"floor":9,"key":"Snake Skull"},{"floor":9,"key":"Ancient Tea Set"}],"event_choices":[{"damage_healed":0,"gold_gain":0,"player_choice":"Gave Potion","damage_taken":0,"relics_obtained":["Art of War"],"max_hp_gain":0,"max_hp_loss":0,"event_name":"WeMeetAgain","floor":2,"gold_loss":0}],"is_beta":false,"boss_relics":[],"items_purged_floors":[],"is_endless":false,"potions_floor_spawned":[1,4,5],"killed_by":"Lagavulin","ascension_level":6}