{"gold_per_floor":[117,117,117,136,84,84,125,125,125,145,158,202,225,300,300,390,390,411,411,510,216,236,236,280,280,280,305,329,329],"floor_reached":29,"playtime":1227,"items_purged":[],"score":600,"play_id":"5eb16ae1-ee49-4dc8-9b73-b30e9e7a58ea","local_time":"20190831085919","is_ascension_mode":true,"campfire_choices":[{"floor":6,"key":"REST"},{"floor":8,"key":"REST"},{"floor":15,"key":"REST"},{"data":"True Grit","floor":23,"key":"SMITH"},{"floor":25,"key":"REST"}],"neow_cost":"NONE","seed_source_timestamp":1429620629130500,"circlet_count":0,"master_deck":["AscendersBane","Strike_R","Strike_R","Strike_R","Strike_R","Strike_R+1","Defend_R","Defend_R+1","Defend_R","Defend_R","Bash+1","Twin Strike","Disarm+1","Iron Wave","Body Slam+1","Perfected Strike+1","Headbutt+1","Feed+1","Heavy Blade+1","True Grit+1","Armaments","Sentinel+1"],"special_seed":0,"relics":["Runic Dome","Golden Idol","Bag of Marbles","War Paint","Molten Egg 2","Thread and Needle","Snecko Eye","Self Forming Clay","Dodecahedron","Ancient Tea Set"],"potions_floor_usage":[7],"damage_taken":[{"damage":9,"enemies":"Jaw Worm","floor":1,"turns":3},{"damage":0,"enemies":"Small Slimes","floor":4,"turns":2},{"damage":32,"enemies":"Gremlin Nob","floor":7,"turns":5},{"damage":0,"enemies":"Cultist","floor":10,"turns":3},{"damage":6,"enemies":"Looter","floor":11,"turns":2},{"damage":24,"enemies":"Lagavulin","floor":12,"turns":4},{"damage":0,"enemies":"3 Louse","floor":13,"turns":3},{"damage":17,"enemies":"The Guardian","floor":16,"turns":10},{"damage":2,"enemies":"Spheric Guardian","floor":18,"turns":3},{"damage":10,"enemies":"Shell Parasite","floor":22,"turns":3},{"damage":14,"enemies":"Book of Stabbing","floor":24,"turns":4},{"damage":22,"enemies":"Snake Plant","floor":27,"turns":5},{"damage":18,"enemies":"Centurion and Healer","floor":28,"turns":5},{"damage":37,"enemies":"Gremlin Leader","floor":29,"turns":6}],"seed_played":"-2641948110951138157","potions_obtained":[{"floor":1,"key":"BloodPotion"},{"floor":4,"key":"FairyPotion"},{"floor":13,"key":"Dexterity Potion"},{"floor":27,"key":"LiquidBronze"}],"is_trial":false,"path_per_floor":["M","?","?","M","?","R","E","R","T","M","M","E","M","?","R","B",null,"M","?","?","$","M","R","E","R","T","M","M","E"],"character_chosen":"IRONCLAD","items_purchased":["Self Forming Clay","True Grit"],"campfire_rested":4,"item_purchase_floors":[21,21],"current_hp_per_floor":[59,41,26,26,26,48,34,56,56,56,50,26,26,15,37,20,61,59,59,59,59,53,53,43,67,67,49,35,0],"gold":329,"neow_bonus":"BOSS_RELIC","is_prod":false,"is_daily":false,"chose_seed":false,"campfire_upgraded":1,"win_rate":0,"timestamp":1567267159,"path_taken":["M","?","?","M","?","R","E","R","T","?","M","E","M","?","R","BOSS","M","?","?","$","M","R","E","R","T","M","M","E"],"build_version":"2019-07-17","purchased_purges":0,"victory":false,"max_hp_per_floor":[75,75,75,75,75,75,75,75,75,75,75,75,75,75,75,75,75,75,75,75,75,79,79,83,83,83,87,91,91],"card_choices":[{"not_picked":["Infernal Blade","Warcry"],"picked":"Twin Strike","floor":1},{"not_picked":["Pommel Strike","Clash"],"picked":"Disarm","floor":4},{"not_picked":["Sever Soul","Havoc"],"picked":"Iron Wave","floor":7},{"not_picked":["Dropkick+1","Burning Pact"],"picked":"Body Slam+1","floor":10},{"not_picked":["Havoc","Flex"],"picked":"Perfected Strike+1","floor":11},{"not_picked":["Offering","Infernal Blade"],"picked":"Headbutt+1","floor":12},{"not_picked":["Havoc","Evolve","Reckless Charge+1"],"picked":"SKIP","floor":13},{"not_picked":["Impervious","Berserk"],"picked":"Feed+1","floor":16},{"not_picked":["Pummel+1","Infernal Blade"],"picked":"Heavy Blade+1","floor":18},{"not_picked":["True Grit","Searing Blow+1"],"picked":"Armaments","floor":22},{"not_picked":["Headbutt+1","Heavy Blade+1"],"picked":"Sentinel+1","floor":24},{"not_picked":["Headbutt+1","Rampage+1","Anger+1"],"picked":"SKIP","floor":27},{"not_picked":["Warcry","Sever Soul+1","Sentinel"],"picked":"SKIP","floor":28}],"player_experience":1350363,"relics_obtained":[{"floor":7,"key":"War Paint"},{"floor":9,"key":"Molten Egg 2"},{"floor":12,"key":"Thread and Needle"},{"floor":24,"key":"Dodecahedron"},{"floor":26,"key":"Ancient Tea Set"}],"event_choices":[{"damage_healed":0,"gold_gain":0,"player_choice":"Take Damage","damage_taken":18,"relics_obtained":["Golden Idol"],"max_hp_gain":0,"max_hp_loss":0,"event_name":"Golden Idol","floor":2,"gold_loss":0},{"damage_healed":0,"gold_gain":0,"player_choice":"Entered Light","damage_taken":15,"max_hp_gain":0,"max_hp_loss":0,"event_name":"Shining Light","floor":3,"gold_loss":0,"cards_upgraded":["Strike_R","Bash"]},{"damage_healed":0,"gold_gain":0,"player_choice":"Paid Gold","damage_taken":0,"relics_obtained":["Bag of Marbles"],"max_hp_gain":0,"max_hp_loss":0,"event_name":"WeMeetAgain","floor":5,"gold_loss":52},{"damage_healed":0,"gold_gain":75,"player_choice":"Gather Gold","damage_taken":11,"max_hp_gain":0,"max_hp_loss":0,"event_name":"World of Goop","floor":14,"gold_loss":0},{"damage_healed":0,"gold_gain":0,"player_choice":"Ignored","damage_taken":0,"max_hp_gain":0,"max_hp_loss":0,"event_name":"Vampires","floor":19,"gold_loss":0},{"damage_healed":0,"gold_gain":99,"player_choice":"Stole From Cult","damage_taken":0,"max_hp_gain":0,"max_hp_loss":0,"event_name":"Nest","floor":20,"gold_loss":0}],"is_beta":false,"boss_relics":[{"not_picked":["Calling Bell","Orrery"],"picked":"Snecko Eye"}],"items_purged_floors":[],"is_endless":false,"potions_floor_spawned":[1,4,13,16,18,24,27],"killed_by":"Gremlin Leader","ascension_level":14}