{"gold_per_floor":[119,42,61,78,78,78,153,153,153,174,174,192,216,101,101,192,192,213,25,25,49,67,67,67,67,67,91,104,127,127,127],"floor_reached":31,"playtime":1151,"items_purged":["Defend_G","Strike_G"],"score":401,"play_id":"4973d380-fda1-4066-ba33-81710fa4321b","local_time":"20180920212118","is_ascension_mode":true,"campfire_choices":[{"data":"Footwork","floor":6.0,"key":"SMITH"},{"data":"Neutralize","floor":8.0,"key":"SMITH"},{"data":"Poisoned Stab","floor":11.0,"key":"SMITH"},{"floor":15.0,"key":"REST"},{"data":"Bouncing Flask","floor":23.0,"key":"SMITH"},{"data":"Dash","floor":25.0,"key":"SMITH"}],"neow_cost":"NONE","seed_source_timestamp":2324118584390,"circlet_count":0,"master_deck":["Defend_G","Defend_G","Defend_G","Defend_G","Strike_G","Strike_G","Strike_G","Strike_G","Survivor","Neutralize+1","AscendersBane","Die Die Die","Backflip","Footwork+1","Quick Slash","Poisoned Stab+1","Dagger Spray","Backflip+1","Dodge and Roll+1","Bouncing Flask+1","Adrenaline+1","Trip","Dash+1","Deflect","Shame","Deadly Poison+1","Dagger Throw+1"],"special_seed":0,"relics":["Ring of the Snake","Golden Idol","Dodecahedron","Sozu","Ornamental Fan","War Paint"],"potions_floor_usage":[],"damage_taken":[{"damage":0.0,"enemies":"Jaw Worm","floor":1.0,"turns":5.0},{"damage":0.0,"enemies":"Small Slimes","floor":3.0,"turns":2.0},{"damage":0.0,"enemies":"2 Louse","floor":4.0,"turns":2.0},{"damage":3.0,"enemies":"Blue Slaver","floor":10.0,"turns":4.0},{"damage":0.0,"enemies":"Exordium Thugs","floor":12.0,"turns":3.0},{"damage":0.0,"enemies":"Lots of Slimes","floor":13.0,"turns":2.0},{"damage":38.0,"enemies":"Slime Boss","floor":16.0,"turns":14.0},{"damage":3.0,"enemies":"3 Byrds","floor":18.0,"turns":4.0},{"damage":4.0,"enemies":"Spheric Guardian","floor":21.0,"turns":5.0},{"damage":9.0,"enemies":"Snake Plant","floor":22.0,"turns":4.0},{"damage":16.0,"enemies":"Sentry and Sphere","floor":27.0,"turns":5.0},{"damage":13.0,"enemies":"Snecko","floor":28.0,"turns":5.0},{"damage":0.0,"enemies":"Cultist and Chosen","floor":29.0,"turns":6.0},{"damage":7,"enemies":"Centurion and Healer","floor":31,"turns":2}],"seed_played":"-5324707552021833754","potions_obtained":[{"floor":3.0,"key":"GhostInAJar"},{"floor":13.0,"key":"Swift Potion"}],"is_trial":false,"path_per_floor":["M","$","M","M","?","R","?","R","T","M","R","M","M","$","R","B",null,"M","$","?","M","M","R","?","R","T","M","M","M","?"],"character_chosen":"THE_SILENT","items_purchased":["Footwork","Bouncing Flask","Trip"],"campfire_rested":1,"item_purchase_floors":[2,14,19],"current_hp_per_floor":[59,59,59,59,36,36,25,25,25,22,22,22,22,22,41,3,50,47,47,47,43,34,34,34,34,34,18,5,5,5,0],"gold":127,"neow_bonus":"ONE_RANDOM_RARE_CARD","is_prod":false,"is_daily":false,"chose_seed":false,"campfire_upgraded":5,"win_rate":0,"timestamp":1537503678,"path_taken":["M","$","M","M","?","R","?","R","T","M","R","M","?","?","R","BOSS","M","$","?","M","M","R","?","R","T","?","M","M","?","M"],"build_version":"2018-09-20","purchased_purges":2,"victory":false,"max_hp_per_floor":[66,66,66,66,66,66,66,66,66,66,66,66,66,66,66,66,66,66,66,66,66,66,66,66,66,66,66,66,66,66,66],"card_choices":[{"not_picked":["Underhanded Strike","Prepared"],"picked":"Backflip","floor":1.0},{"not_picked":["Blade Dance","Outmaneuver"],"picked":"Quick Slash","floor":3.0},{"not_picked":["Quick Slash","Dodge and Roll"],"picked":"Poisoned Stab","floor":4.0},{"not_picked":["Acrobatics","Quick Slash"],"picked":"Dagger Spray","floor":10.0},{"not_picked":["Acrobatics","Outmaneuver"],"picked":"Backflip","floor":12.0},{"not_picked":["Dash","Flying Knee"],"picked":"Dodge and Roll","floor":13.0},{"not_picked":["Bullet Time","Tools of the Trade"],"picked":"Adrenaline","floor":16.0},{"not_picked":["Quick Slash","Underhanded Strike","Outmaneuver"],"picked":"SKIP","floor":18.0},{"not_picked":["Cloak And Dagger","Setup+1"],"picked":"Dash","floor":21.0},{"not_picked":["Prepared","Terror"],"picked":"Deflect","floor":22.0},{"not_picked":["Dagger Throw","Reflex"],"picked":"Deadly Poison+1","floor":27.0},{"not_picked":["Sucker Punch","Reflex","Distraction"],"picked":"SKIP","floor":28.0},{"not_picked":["Grand Finale","Poisoned Stab"],"picked":"Dagger Throw+1","floor":29.0}],"player_experience":499441,"relics_obtained":[{"floor":9.0,"key":"Dodecahedron"},{"floor":26.0,"key":"War Paint"}],"event_choices":[{"event_name":"Golden Idol","player_choice":"Take Damage","floor":5.0,"damage_taken":0.0},{"event_name":"World of Goop","player_choice":"Gather Gold","floor":7.0,"damage_taken":0.0},{"event_name":"Match and Keep!","player_choice":"0 cards matched","floor":20.0,"damage_taken":0.0},{"event_name":"Addict","player_choice":"Stole Relic","floor":24.0,"damage_taken":0.0},{"event_name":"Upgrade Shrine","player_choice":"Upgraded","floor":30.0,"damage_taken":0.0}],"is_beta":true,"boss_relics":[{"not_picked":["Astrolabe","Eternal Feather"],"picked":"Sozu"}],"items_purged_floors":[14,19],"is_endless":false,"potions_floor_spawned":[3,13,21,29],"killed_by":"Centurion and Healer","ascension_level":15}