{"gold_per_floor":[109,109,284,303,351,382,382,416,416,427,427,440,98,33,33,128,128,143,143],"floor_reached":19,"playtime":701,"items_purged":["Doubt"],"score":280,"play_id":"2c77d368-07fb-4e45-affe-29ea14efdc2e","local_time":"20190404204730","is_ascension_mode":true,"campfire_choices":[{"floor":7,"key":"REST"},{"data":"Neutralize","floor":11,"key":"SMITH"},{"data":"Infinite Blades","floor":15,"key":"SMITH"}],"neow_cost":"PERCENT_DAMAGE","seed_source_timestamp":784933150681795,"circlet_count":0,"master_deck":["AscendersBane","Defend_G","Defend_G","Defend_G+1","Defend_G","Defend_G","Strike_G","Strike_G","Strike_G","Strike_G","Strike_G","Survivor","Neutralize+1","Envenom+1","Cloak And Dagger","Cloak And Dagger","Dagger Throw","Dodge and Roll","Cloak And Dagger","Glass Knife","Blade Dance","Infinite Blades+1","Envenom","Noxious Fumes"],"relics":["Ring of the Snake","Happy Flower","Meat on the Bone","Bag of Marbles","The Courier","FossilizedHelix","Black Star"],"potions_floor_usage":[19],"damage_taken":[{"damage":7,"enemies":"Cultist","floor":1,"turns":6},{"damage":2,"enemies":"2 Louse","floor":4,"turns":4},{"damage":19,"enemies":"Lagavulin","floor":6,"turns":10},{"damage":19,"enemies":"3 Sentries","floor":8,"turns":13},{"damage":2,"enemies":"Jaw Worm","floor":10,"turns":4},{"damage":0,"enemies":"Blue Slaver","floor":12,"turns":4},{"damage":6,"enemies":"The Guardian","floor":16,"turns":12},{"damage":11,"enemies":"Shell Parasite","floor":18,"turns":7},{"damage":62,"enemies":"Masked Bandits","floor":19,"turns":4}],"seed_played":"7981521907399489180","potions_obtained":[{"floor":8,"key":"Poison Potion"},{"floor":12,"key":"Fruit Juice"}],"is_trial":false,"path_per_floor":["M","?","?","M","T","E","R","E","T","M","R","M","$","$","R","B",null,"M","?"],"character_chosen":"THE_SILENT","items_purchased":["Blade Dance","FossilizedHelix","Infinite Blades"],"campfire_rested":1,"item_purchase_floors":[13,13,14],"current_hp_per_floor":[38,24,24,22,22,3,24,17,17,27,27,39,39,39,39,45,64,53,0],"gold":143,"neow_bonus":"THREE_RARE_CARDS","is_prod":false,"is_daily":false,"chose_seed":false,"campfire_upgraded":2,"win_rate":0,"timestamp":1554432450,"path_taken":["M","?","?","M","?","E","R","E","T","M","R","M","?","$","R","BOSS","M","?"],"build_version":"2019-01-23","purchased_purges":1,"victory":false,"max_hp_per_floor":[70,70,70,70,70,70,70,70,70,70,70,70,70,70,70,70,70,70,75],"card_choices":[{"not_picked":["Venomology","Die Die Die"],"picked":"Envenom","floor":0},{"not_picked":["Outmaneuver","Flying Knee"],"picked":"Cloak And Dagger","floor":1},{"not_picked":["Prepared","Eviscerate"],"picked":"Cloak And Dagger","floor":4},{"not_picked":["Bullet Time","Terror"],"picked":"Dagger Throw","floor":6},{"not_picked":["Acrobatics","Quick Slash"],"picked":"Dodge and Roll","floor":8},{"not_picked":["Dagger Throw","Calculated Gamble"],"picked":"Cloak And Dagger","floor":10},{"not_picked":["Masterful Stab","Setup"],"picked":"Glass Knife","floor":12},{"not_picked":["Corpse Explosion","Phantasmal Killer"],"picked":"Envenom","floor":16},{"not_picked":["Distraction","Bane"],"picked":"Noxious Fumes","floor":18}],"player_experience":494840,"relics_obtained":[{"floor":5,"key":"Happy Flower"},{"floor":6,"key":"Meat on the Bone"},{"floor":8,"key":"Bag of Marbles"},{"floor":9,"key":"The Courier"}],"event_choices":[{"damage_healed":0,"gold_gain":0,"player_choice":"Entered Light","damage_taken":14,"max_hp_gain":0,"max_hp_loss":0,"event_name":"Shining Light","floor":2,"gold_loss":0,"cards_upgraded":["Envenom","Defend_G"]},{"damage_healed":0,"gold_gain":175,"player_choice":"AGREE","damage_taken":0,"max_hp_gain":0,"max_hp_loss":0,"event_name":"Liars Game","floor":3,"gold_loss":0,"cards_obtained":["Doubt"]},{"damage_healed":0,"gold_gain":0,"player_choice":"Fought Bandits","damage_taken":0,"max_hp_gain":0,"max_hp_loss":0,"event_name":"Masked Bandits","floor":19,"gold_loss":0}],"is_beta":false,"boss_relics":[{"not_picked":["Calling Bell","Fusion Hammer"],"picked":"Black Star"}],"items_purged_floors":[13],"is_endless":false,"potions_floor_spawned":[8,12,18],"killed_by":"Masked Bandits","ascension_level":12}