{"gold_per_floor":[113,188,188,203,220,251,251,251,297,36,55,68,94,107,107,107],"floor_reached":16,"playtime":412,"items_purged":["Strike_G"],"score":185,"play_id":"ec05626b-3ea7-456c-b389-a2f4b6b4f5c1","local_time":"20190918064217","is_ascension_mode":true,"campfire_choices":[{"data":"Neutralize","floor":7,"key":"SMITH"},{"floor":15,"key":"REST"}],"neow_cost":"NONE","seed_source_timestamp":351203427973241,"circlet_count":0,"master_deck":["AscendersBane","Strike_G","Strike_G","Strike_G","Defend_G","Defend_G+1","Defend_G","Defend_G","Defend_G+1","Survivor","Neutralize+1","Blade Dance","Heel Hook","Underhanded Strike","Quick Slash","Die Die Die","Accuracy","Dagger Spray","Deflect","Escape Plan","Backflip"],"relics":["Ring of the Snake","Juzu Bracelet","Anchor","Lantern","War Paint"],"potions_floor_usage":[6,13,16],"damage_taken":[{"damage":0,"enemies":"Cultist","floor":1,"turns":4},{"damage":2,"enemies":"2 Louse","floor":4,"turns":3},{"damage":0,"enemies":"Small Slimes","floor":5,"turns":3},{"damage":17,"enemies":"3 Sentries","floor":6,"turns":7},{"damage":0,"enemies":"3 Louse","floor":11,"turns":1},{"damage":0,"enemies":"Lots of Slimes","floor":12,"turns":1},{"damage":16,"enemies":"Gremlin Nob","floor":13,"turns":3},{"damage":0,"enemies":"Looter","floor":14,"turns":3},{"damage":31,"enemies":"Hexaghost","floor":16,"turns":11}],"seed_played":"-7334664228548033957","potions_obtained":[{"floor":5,"key":"Explosive Potion"},{"floor":6,"key":"SteroidPotion"},{"floor":11,"key":"Fire Potion"},{"floor":13,"key":"Poison Potion"}],"is_trial":false,"path_per_floor":["M","?","?","M","M","E","R","?","T","$","M","M","E","M","R","B"],"character_chosen":"THE_SILENT","items_purchased":["Lantern","Accuracy"],"campfire_rested":1,"item_purchase_floors":[10,10],"current_hp_per_floor":[63,52,52,50,50,33,33,26,26,26,26,26,10,10,31,0],"gold":107,"neow_bonus":"THREE_CARDS","is_prod":false,"is_daily":false,"chose_seed":false,"campfire_upgraded":1,"win_rate":0,"timestamp":1568814137,"path_taken":["M","?","?","M","M","E","R","?","T","$","M","M","E","M","R","BOSS"],"build_version":"2019-09-17","purchased_purges":1,"victory":false,"max_hp_per_floor":[70,70,70,70,70,70,70,70,70,70,70,70,70,70,70,70],"card_choices":[{"not_picked":["Dodge and Roll","Sucker Punch"],"picked":"Blade Dance","floor":0},{"not_picked":["Sucker Punch","Outmaneuver"],"picked":"Heel Hook","floor":1},{"not_picked":["Sucker Punch","Deflect"],"picked":"Underhanded Strike","floor":4},{"not_picked":["Cloak And Dagger","Distraction"],"picked":"Quick Slash","floor":5},{"not_picked":["Blade Dance","Crippling Poison"],"picked":"Die Die Die","floor":6},{"not_picked":["Blade Dance","Crippling Poison"],"picked":"Dagger Spray","floor":11},{"not_picked":["Slice","Quick Slash"],"picked":"Deflect","floor":12},{"not_picked":["Blade Dance","Catalyst"],"picked":"Escape Plan","floor":13},{"not_picked":["Endless Agony","Crippling Poison"],"picked":"Backflip","floor":14}],"player_experience":663354,"relics_obtained":[{"floor":6,"key":"Juzu Bracelet"},{"floor":9,"key":"Anchor"},{"floor":13,"key":"War Paint"}],"event_choices":[{"damage_healed":0,"gold_gain":75,"player_choice":"Gather Gold","damage_taken":11,"max_hp_gain":0,"max_hp_loss":0,"event_name":"World of Goop","floor":2,"gold_loss":0},{"damage_healed":0,"gold_gain":0,"player_choice":"Ignored","damage_taken":0,"max_hp_gain":0,"max_hp_loss":0,"event_name":"Liars Game","floor":3,"gold_loss":0},{"cards_removed":["Strike_G"],"damage_healed":0,"gold_gain":0,"player_choice":"Card Removal","damage_taken":7,"max_hp_gain":0,"max_hp_loss":0,"event_name":"Golden Wing","floor":8,"gold_loss":0}],"is_beta":true,"boss_relics":[],"items_purged_floors":[10],"is_endless":false,"potions_floor_spawned":[5,6,11,13,14],"killed_by":"Hexaghost","ascension_level":13}