{"gold_per_floor":[110,60,60,74,249,249,274,50,102,2,17,37,37,48,48,149,149,163,13,13,25,37,37,37,47,47,59,59,74,74,74,74,175,175,190,190],"floor_reached":36,"playtime":4195,"items_purged":["Doubt","Strike_P"],"score":389,"play_id":"13f1a7f7-f298-4995-9e8a-e3de06481c78","local_time":"20190911201013","is_ascension_mode":false,"campfire_choices":[{"data":"Eruption","floor":6,"key":"SMITH"},{"data":"Protect","floor":13,"key":"SMITH"},{"data":"CrushJoints","floor":15,"key":"SMITH"},{"floor":23,"key":"REST"},{"floor":28,"key":"REST"},{"data":"Perseverance","floor":32,"key":"SMITH"}],"neow_cost":"NONE","seed_source_timestamp":3618524359200,"circlet_count":0,"master_deck":["Eruption+1","Vigilance","Protect+1","CrushJoints+1","EmptyFist","Establishment","Crescendo","FlyingSleeves","Halt","Adaptation","Evaluate","Nirvana","FlyingSleeves","Perseverance+1","WindmillStrike","Halt","Conclude","Protect","ClearTheMind+1","EmptyFist","Judgement","WreathOfFlame","WindmillStrike","EmptyMind","Establishment","Scrawl","Perseverance","Devotion+1"],"relics":["PureWater","NeowsBlessing","Letter Opener","Question Card","Omamori","Velvet Choker","Oddly Smooth Stone","Pandora\u0027s Box"],"potions_floor_usage":[21,21,21,25,25,25,25,25,27,33,33],"damage_taken":[{"damage":0,"enemies":"Jaw Worm","floor":1,"turns":1},{"damage":0,"enemies":"Small Slimes","floor":4,"turns":1},{"damage":0,"enemies":"Lagavulin","floor":7,"turns":1},{"damage":0,"enemies":"Cultist","floor":11,"turns":2},{"damage":0,"enemies":"Large Slime","floor":12,"turns":4},{"damage":2,"enemies":"Blue Slaver","floor":14,"turns":3},{"damage":35,"enemies":"Slime Boss","floor":16,"turns":5},{"damage":21,"enemies":"2 Thieves","floor":18,"turns":4},{"damage":12,"enemies":"Spheric Guardian","floor":21,"turns":5},{"damage":16,"enemies":"3 Cultists","floor":22,"turns":6},{"damage":6,"enemies":"Cultist and Chosen","floor":25,"turns":7},{"damage":2,"enemies":"Chosen and Byrds","floor":27,"turns":7},{"damage":23,"enemies":"Shelled Parasite and Fungi","floor":29,"turns":8},{"damage":29,"enemies":"Collector","floor":33,"turns":9},{"damage":58,"enemies":"3 Darklings","floor":35,"turns":8},{"damage":0,"enemies":"Orb Walker","floor":36,"turns":1}],"seed_played":"-8238542885604394015","potions_obtained":[{"floor":11,"key":"Regen Potion"},{"floor":16,"key":"GamblersBrew"},{"floor":18,"key":"SkillPotion"},{"floor":24,"key":"LiquidBronze"},{"floor":24,"key":"EntropicBrew"},{"floor":24,"key":"SneckoOil"},{"floor":27,"key":"Ancient Potion"},{"floor":29,"key":"Regen Potion"}],"is_trial":false,"path_per_floor":["M","?","T","M","?","R","E","$","T","$","M","M","R","M","R","B",null,"M","$","?","M","M","R","?","M","T","M","R","M","?","?","R","B",null,"M","M"],"character_chosen":"WATCHER","items_purchased":["Establishment","Crescendo","FlyingSleeves","Perseverance","WindmillStrike","Halt"],"campfire_rested":2,"item_purchase_floors":[8,8,8,19,19,19],"current_hp_per_floor":[65,65,65,65,65,65,65,65,65,65,65,65,65,63,63,28,65,44,44,44,41,25,44,44,38,38,36,55,32,32,75,75,61,75,17,17],"gold":190,"neow_bonus":"THREE_ENEMY_KILL","is_prod":false,"is_daily":false,"chose_seed":false,"campfire_upgraded":4,"win_rate":0.0,"timestamp":1568229013,"path_taken":["M","?","?","M","?","R","E","$","T","$","M","?","R","M","R","BOSS","M","$","?","M","M","R","?","M","T","M","R","?","?","?","R","BOSS","M","M"],"build_version":"2019-09-10","purchased_purges":2,"victory":false,"max_hp_per_floor":[65,65,65,65,65,65,65,65,65,65,65,65,65,65,65,65,65,65,65,65,65,65,65,65,65,65,65,65,65,65,75,75,75,75,75,75],"card_choices":[{"not_picked":["Consecrate","BowlingBash"],"picked":"Protect","floor":1},{"not_picked":["TalkToTheHand","BowlingBash"],"picked":"CrushJoints","floor":4},{"not_picked":["Prostrate","Sanctity"],"picked":"EmptyFist","floor":7},{"not_picked":["Tantrum","ThirdEye","BowlingBash"],"picked":"Halt","floor":11},{"not_picked":["SpiritShield","FollowUp","TalkToTheHand"],"picked":"Adaptation","floor":12},{"not_picked":["JustLucky","Weave","Crescendo"],"picked":"Evaluate","floor":14},{"not_picked":["Brilliance","Wallop","Metaphysics"],"picked":"Nirvana","floor":16},{"not_picked":["EmptyMind","BowlingBash","FlurryOfBlows"],"picked":"FlyingSleeves","floor":18},{"not_picked":["JustLucky","CutThroughFate","CarveReality+1"],"picked":"Conclude","floor":21},{"not_picked":["BowlingBash","Halt","FlyingSleeves+1"],"picked":"Protect","floor":22},{"not_picked":["Worship","FearNoEvil","Crescendo"],"picked":"ClearTheMind+1","floor":25},{"not_picked":["Tantrum+1","CrushJoints","Crescendo"],"picked":"Alpha","floor":27},{"not_picked":["FollowUp","Consecrate+1","Establishment"],"picked":"EmptyFist","floor":29},{"not_picked":["LessonLearned","Omniscience","SignatureMove"],"picked":"Judgement","floor":33},{"not_picked":["FlyingSleeves+1","BowlingBash+1","Halt"],"picked":"Devotion+1","floor":35}],"player_experience":205351,"relics_obtained":[{"floor":3,"key":"Letter Opener"},{"floor":7,"key":"Question Card"},{"floor":9,"key":"Omamori"},{"floor":26,"key":"Oddly Smooth Stone"}],"event_choices":[{"cards_removed":["Strike_P"],"damage_healed":0,"gold_gain":0,"player_choice":"Card Removal","damage_taken":0,"max_hp_gain":0,"max_hp_loss":0,"event_name":"The Cleric","floor":2,"gold_loss":50},{"damage_healed":0,"gold_gain":175,"player_choice":"AGREE","damage_taken":0,"max_hp_gain":0,"max_hp_loss":0,"event_name":"Liars Game","floor":5,"gold_loss":0,"cards_obtained":["Doubt"]},{"damage_healed":0,"gold_gain":0,"player_choice":"Ignored","damage_taken":0,"max_hp_gain":0,"max_hp_loss":0,"event_name":"Ghosts","floor":20,"gold_loss":0},{"damage_healed":0,"gold_gain":0,"player_choice":"Got Potions","damage_taken":0,"max_hp_gain":0,"max_hp_loss":0,"event_name":"Lab","floor":24,"gold_loss":0},{"damage_healed":0,"gold_gain":0,"player_choice":"Ignored","damage_taken":0,"max_hp_gain":0,"max_hp_loss":0,"event_name":"Vampires","floor":30,"gold_loss":0},{"cards_removed":["Alpha"],"damage_healed":33,"gold_gain":0,"player_choice":"Offered Rare","damage_taken":0,"max_hp_gain":10,"max_hp_loss":0,"event_name":"Bonfire Elementals","floor":31,"gold_loss":0}],"is_beta":true,"boss_relics":[{"not_picked":["Empty Cage","SacredBark"],"picked":"Velvet Choker"},{"not_picked":["Cursed Key","Tiny House"],"picked":"Pandora\u0027s Box"}],"items_purged_floors":[8,10],"is_endless":false,"potions_floor_spawned":[11,16,18,27,29],"killed_by":"Orb Walker","ascension_level":0}