{"gold_per_floor":[117,131,8,27,47,47,65,65,92,92,104,104,130,130,130,227,227,242,32,46,46,46,77,89,30,56,56,76,86,103,115,115,219,219,238,258,278,124,124,124,140,140,140,150,150,162,162,162],"floor_reached":48,"playtime":5394,"items_purged":["Strike_B","Strike_B"],"score":547,"play_id":"5b5c7fab-d746-4071-8ff0-0a9063320582","local_time":"20190822215517","is_ascension_mode":true,"campfire_choices":[{"data":"Capacitor","floor":6.0,"key":"SMITH"},{"data":"Coolheaded","floor":8.0,"key":"SMITH"},{"floor":12,"key":"REST"},{"floor":15,"key":"REST"},{"floor":24,"key":"REST"},{"data":"Biased Cognition","floor":27,"key":"SMITH"},{"floor":32,"key":"REST"},{"floor":40,"key":"REST"},{"data":"Defragment","floor":42,"key":"SMITH"},{"data":"Defragment","floor":47,"key":"SMITH"}],"neow_cost":"NONE","seed_source_timestamp":0,"circlet_count":0,"master_deck":["Strike_B","Strike_B+1","Defend_B","Defend_B","Defend_B","Defend_B","Zap","Dualcast","Tempest","Cold Snap","Ball Lightning+1","Coolheaded+1","Leap","Capacitor+1","Biased Cognition+1","Stack","Force Field","Biased Cognition","Go for the Eyes","Coolheaded+1","Defragment+1","Echo Form","Defragment+1","White Noise","Ball Lightning+1","Cold Snap","Cold Snap","Go for the Eyes+1","Capacitor+1","FTL"],"special_seed":0,"relics":["Cracked Core","Omamori","Strawberry","Lizard Tail","ClockworkSouvenir","MawBank","Regal Pillow","Eternal Feather","Incense Burner"],"potions_floor_usage":[13,16,23,29,30,33,37],"damage_taken":[{"damage":1.0,"enemies":"Cultist","floor":1.0,"turns":3.0},{"damage":8.0,"enemies":"2 Louse","floor":2.0,"turns":3.0},{"damage":0.0,"enemies":"Jaw Worm","floor":4.0,"turns":3.0},{"damage":1.0,"enemies":"Blue Slaver","floor":5.0,"turns":4.0},{"damage":11.0,"enemies":"3 Louse","floor":7.0,"turns":4.0},{"damage":2,"enemies":"Red Slaver","floor":11,"turns":3},{"damage":13,"enemies":"3 Sentries","floor":13,"turns":7},{"damage":48,"enemies":"Slime Boss","floor":16,"turns":7},{"damage":18,"enemies":"Chosen","floor":18,"turns":5},{"damage":5,"enemies":"Spheric Guardian","floor":20,"turns":6},{"damage":31,"enemies":"Gremlin Leader","floor":23,"turns":7},{"damage":29,"enemies":"3 Cultists","floor":28,"turns":6},{"damage":22,"enemies":"Snake Plant","floor":29,"turns":4},{"damage":7,"enemies":"Shelled Parasite and Fungi","floor":30,"turns":8},{"damage":7,"enemies":"Snecko","floor":31,"turns":7},{"damage":16,"enemies":"Collector","floor":33,"turns":14},{"damage":14,"enemies":"3 Shapes","floor":35,"turns":7},{"damage":19,"enemies":"3 Darklings","floor":36,"turns":9},{"damage":70,"enemies":"Writhing Mass","floor":37,"turns":8},{"damage":0,"enemies":"Maw","floor":41,"turns":7},{"damage":12,"enemies":"Sphere and 2 Shapes","floor":44,"turns":8},{"damage":33,"enemies":"Writhing Mass","floor":46,"turns":6},{"damage":58,"enemies":"4 Shapes","floor":48,"turns":3}],"seed_played":"597806521861097041","potions_obtained":[{"floor":5.0,"key":"Strength Potion"},{"floor":7.0,"key":"SteroidPotion"},{"floor":13,"key":"Explosive Potion"},{"floor":23,"key":"SpeedPotion"},{"floor":29,"key":"Explosive Potion"},{"floor":31,"key":"Explosive Potion"},{"floor":36,"key":"Regen Potion"}],"is_trial":false,"path_per_floor":["M","M","$","M","M","R","M","R","T","$","M","R","E","?","R","B",null,"M","$","M","$","?","E","R","$","T","R","M","M","M","M","R","B",null,"M","M","M","$","?","R","M","R","T","M","?","M","R","M"],"character_chosen":"DEFECT","items_purchased":["Coolheaded","ClockworkSouvenir","Biased Cognition","Cold Snap"],"campfire_rested":5,"item_purchase_floors":[3,19,25,38],"current_hp_per_floor":[74,66,66,66,65,65,54,54,54,54,52,74,68,52,76,28,82,64,64,59,59,82,51,75,75,75,75,46,24,17,10,49,33,82,68,49,41,41,41,82,82,82,82,70,70,37,55,0],"gold":162,"neow_bonus":"THREE_CARDS","is_prod":false,"is_daily":false,"chose_seed":false,"campfire_upgraded":5,"win_rate":0,"timestamp":1566507317,"path_taken":["M","M","$","M","M","R","?","R","T","$","M","R","E","?","R","BOSS","M","$","M","$","?","E","R","$","T","R","M","M","M","M","R","BOSS","M","M","M","$","?","R","M","R","T","M","?","?","R","M"],"build_version":"2019-07-17","purchased_purges":2,"victory":false,"max_hp_per_floor":[75,75,75,75,75,75,75,75,75,75,75,75,82,82,82,82,82,82,82,82,82,82,82,82,82,82,82,82,82,82,82,82,82,82,82,82,82,82,82,82,82,82,82,82,82,82,82,82],"card_choices":[{"not_picked":["Rebound","Hologram"],"picked":"Tempest","floor":0.0},{"not_picked":["Compile Driver","Barrage"],"picked":"Cold Snap","floor":1.0},{"not_picked":["Hologram","Storm"],"picked":"Ball Lightning","floor":2.0},{"not_picked":["Reprogram","Reboot"],"picked":"Leap","floor":4.0},{"not_picked":["Turbo","Streamline"],"picked":"Capacitor","floor":5.0},{"not_picked":["Sweeping Beam","Doom and Gloom","Stack"],"picked":"SKIP","floor":7.0},{"not_picked":["Barrage","Sweeping Beam","Turbo"],"picked":"SKIP","floor":11},{"not_picked":["Turbo","Sweeping Beam","Gash"],"picked":"SKIP","floor":13},{"not_picked":["Multi-Cast","Core Surge"],"picked":"Biased Cognition","floor":16},{"not_picked":["Sweeping Beam","Rebound+1"],"picked":"Stack","floor":18},{"not_picked":["Static Discharge","Barrage","Sweeping Beam+1"],"picked":"SKIP","floor":20},{"not_picked":["Sweeping Beam","Gash"],"picked":"Force Field","floor":23},{"not_picked":["Amplify","Hologram","Melter"],"picked":"SKIP","floor":28},{"not_picked":["Stack","Darkness"],"picked":"Go for the Eyes","floor":29},{"not_picked":["Double Energy+1","Auto Shields"],"picked":"Coolheaded+1","floor":30},{"not_picked":["Recycle","Cold Snap"],"picked":"Defragment","floor":31},{"not_picked":["Amplify","Thunder Strike"],"picked":"Echo Form","floor":33},{"not_picked":["Recycle+1","Hologram+1"],"picked":"Defragment","floor":35},{"not_picked":["Stack","Sweeping Beam"],"picked":"White Noise","floor":36},{"not_picked":["Coolheaded","Leap"],"picked":"Ball Lightning+1","floor":37},{"not_picked":["Double Energy","Fusion+1"],"picked":"Cold Snap","floor":41},{"not_picked":["Auto Shields","Fusion+1"],"picked":"Go for the Eyes+1","floor":44},{"not_picked":["Darkness","Conserve Battery"],"picked":"FTL","floor":46}],"player_experience":154637,"relics_obtained":[{"floor":9.0,"key":"Omamori"},{"floor":13,"key":"Strawberry"},{"floor":23,"key":"MawBank"},{"floor":26,"key":"Regal Pillow"},{"floor":43,"key":"Incense Burner"}],"event_choices":[{"damage_healed":0,"gold_gain":0,"player_choice":"Entered Light","damage_taken":16,"max_hp_gain":0,"max_hp_loss":0,"event_name":"Shining Light","floor":14,"gold_loss":0,"cards_upgraded":["Ball Lightning","Strike_B"]},{"damage_healed":27,"gold_gain":0,"player_choice":"Heal","damage_taken":0,"max_hp_gain":0,"max_hp_loss":0,"event_name":"The Library","floor":22,"gold_loss":0},{"damage_healed":0,"gold_gain":0,"player_choice":"Ignored","damage_taken":0,"max_hp_gain":0,"max_hp_loss":0,"event_name":"Mysterious Sphere","floor":39,"gold_loss":0},{"damage_healed":0,"gold_gain":0,"player_choice":"Copied","damage_taken":0,"max_hp_gain":0,"max_hp_loss":0,"event_name":"Duplicator","floor":45,"gold_loss":0,"cards_obtained":["Capacitor"]}],"is_beta":false,"boss_relics":[{"not_picked":["Runic Pyramid","Snecko Eye"],"picked":"Lizard Tail"},{"not_picked":["FrozenCore","Pandora\u0027s Box"],"picked":"Eternal Feather"}],"items_purged_floors":[3,38],"is_endless":false,"potions_floor_spawned":[5,7,13,23,29,31,36],"killed_by":"4 Shapes","ascension_level":4}