{"gold_per_floor":[114,114,125,49,63,63,78,104,131,143,160,160],"floor_reached":12,"playtime":941,"items_purged":[],"score":90,"play_id":"547c9e8f-5b13-4c7a-814a-7dcc991e192c","local_time":"20190812233557","is_ascension_mode":true,"campfire_choices":[{"data":"Entrench","floor":6,"key":"SMITH"}],"neow_cost":"NONE","seed_source_timestamp":538432341200,"circlet_count":0,"master_deck":["Strike_R","Strike_R","Strike_R","Strike_R","Defend_R","Defend_R","Defend_R","Defend_R","Bash","Battle Trance","Carnage","Entrench+1","Iron Wave","Pommel Strike","Clothesline"],"relics":["Burning Blood","Boot","Orichalcum"],"potions_floor_usage":[7,8],"damage_taken":[{"damage":4,"enemies":"Jaw Worm","floor":1,"turns":4},{"damage":6,"enemies":"Cultist","floor":3,"turns":3},{"damage":1,"enemies":"2 Louse","floor":5,"turns":4},{"damage":16,"enemies":"Gremlin Gang","floor":7,"turns":7},{"damage":24,"enemies":"3 Sentries","floor":8,"turns":10},{"damage":14,"enemies":"Large Slime","floor":10,"turns":7},{"damage":1,"enemies":"3 Louse","floor":11,"turns":4},{"damage":0,"enemies":"Red Slaver","floor":12,"turns":1}],"seed_played":"8744520603071481816","potions_obtained":[{"floor":3,"key":"Swift Potion"},{"floor":5,"key":"FearPotion"}],"is_trial":false,"path_per_floor":["M","?","M","$","M","R","M","E","T","M","M","M"],"character_chosen":"IRONCLAD","items_purchased":["Entrench"],"campfire_rested":0,"item_purchase_floors":[4],"current_hp_per_floor":[88,88,88,88,88,88,78,60,60,52,57,57],"gold":160,"neow_bonus":"TEN_PERCENT_HP_BONUS","is_prod":false,"is_daily":false,"chose_seed":false,"campfire_upgraded":1,"win_rate":0,"timestamp":1565649357,"path_taken":["M","?","M","$","M","R","?","E","T","M","M","M"],"build_version":"2019-07-17","purchased_purges":0,"victory":false,"max_hp_per_floor":[88,88,88,88,88,88,88,88,88,88,88,88],"card_choices":[{"not_picked":["Shrug It Off","Combust"],"picked":"Battle Trance","floor":1},{"not_picked":["Headbutt","Battle Trance"],"picked":"Carnage","floor":3},{"not_picked":["Wild Strike","Anger"],"picked":"Iron Wave","floor":5},{"not_picked":["Sever Soul","Thunderclap","Cleave"],"picked":"SKIP","floor":7},{"not_picked":["Pummel","Dark Embrace","Second Wind"],"picked":"SKIP","floor":8},{"not_picked":["Flex","Rupture"],"picked":"Pommel Strike","floor":10},{"not_picked":["Dropkick","Sword Boomerang"],"picked":"Clothesline","floor":11}],"player_experience":126104,"relics_obtained":[{"floor":8,"key":"Boot"},{"floor":9,"key":"Orichalcum"}],"event_choices":[{"cards_removed":["Strike_R"],"damage_healed":0,"gold_gain":0,"player_choice":"Offered Basic","damage_taken":0,"max_hp_gain":0,"max_hp_loss":0,"event_name":"Bonfire Elementals","floor":2,"gold_loss":0}],"is_beta":false,"boss_relics":[],"items_purged_floors":[],"is_endless":false,"potions_floor_spawned":[3,5],"killed_by":"Red Slaver","ascension_level":2}