{"gold_per_floor":[119,119,269,216,239,239,283,299,299,318,318,343,21,46,46,46],"floor_reached":16,"playtime":393,"items_purged":["Doubt"],"score":244,"play_id":"5e62a4c7-99e4-4b7b-8228-7b312eb4b36f","local_time":"20190222082121","is_ascension_mode":true,"campfire_choices":[{"data":"Zap","floor":6,"key":"SMITH"},{"floor":11,"key":"REST"},{"floor":15,"key":"REST"}],"neow_cost":"NONE","seed_source_timestamp":892331017290600,"circlet_count":0,"master_deck":["AscendersBane","Strike_B","Strike_B","Strike_B","Strike_B+1","Defend_B","Defend_B","Defend_B","Defend_B","Zap+1","Dualcast","Melter","Sweeping Beam+1","Defragment","Ball Lightning","Coolheaded","Core Surge","Leap"],"relics":["Cracked Core","NeowsBlessing","Golden Idol","The Courier","Question Card","Whetstone","Odd Mushroom","Regal Pillow","Boot"],"potions_floor_usage":[12],"damage_taken":[{"damage":0,"enemies":"Small Slimes","floor":1,"turns":1},{"damage":0,"enemies":"2 Louse","floor":5,"turns":1},{"damage":0,"enemies":"Gremlin Nob","floor":7,"turns":1},{"damage":1,"enemies":"Cultist","floor":8,"turns":3},{"damage":17,"enemies":"2 Fungi Beasts","floor":10,"turns":3},{"damage":21,"enemies":"The Mushroom Lair","floor":12,"turns":5},{"damage":12,"enemies":"Exordium Wildlife","floor":14,"turns":2},{"damage":46,"enemies":"The Guardian","floor":16,"turns":5}],"seed_played":"-9039936605792847042","potions_obtained":[{"floor":7,"key":"SkillPotion"}],"is_trial":false,"path_per_floor":["M","?","?","?","M","R","E","M","T","M","R","?","$","M","R","B"],"character_chosen":"DEFECT","items_purchased":["Regal Pillow","Boot"],"campfire_rested":2,"item_purchase_floors":[13,13],"current_hp_per_floor":[64,40,40,40,40,40,40,39,39,22,43,22,22,10,46,0],"gold":46,"neow_bonus":"THREE_ENEMY_KILL","is_prod":false,"is_daily":false,"chose_seed":false,"campfire_upgraded":1,"win_rate":0,"timestamp":1550852481,"path_taken":["M","?","?","?","?","R","E","M","T","M","R","?","?","M","R","BOSS"],"build_version":"2019-01-23","purchased_purges":1,"victory":false,"max_hp_per_floor":[71,71,71,71,71,71,71,71,71,71,71,71,71,71,71,71],"card_choices":[{"not_picked":["Stack","Beam Cell"],"picked":"Melter","floor":1},{"not_picked":["Turbo","Redo"],"picked":"Sweeping Beam","floor":5},{"not_picked":["Streamline","Leap"],"picked":"Defragment","floor":7},{"not_picked":["Scrape","Redo","Aggregate"],"picked":"Ball Lightning","floor":8},{"not_picked":["Reprogram","Gash","Scrape"],"picked":"Coolheaded","floor":10},{"not_picked":["Blizzard","Tempest","Hello World"],"picked":"Core Surge","floor":12},{"not_picked":["Coolheaded","Rebound","Streamline"],"picked":"Leap","floor":14}],"player_experience":1001777,"relics_obtained":[{"floor":7,"key":"Question Card"},{"floor":9,"key":"Whetstone"},{"floor":12,"key":"Odd Mushroom"}],"event_choices":[{"damage_healed":0,"gold_gain":0,"player_choice":"Take Damage","damage_taken":24,"relics_obtained":["Golden Idol"],"max_hp_gain":0,"max_hp_loss":0,"event_name":"Golden Idol","floor":2,"gold_loss":0},{"damage_healed":0,"gold_gain":150,"player_choice":"AGREE","damage_taken":0,"max_hp_gain":0,"max_hp_loss":0,"event_name":"Liars Game","floor":3,"gold_loss":0,"cards_obtained":["Doubt"]},{"damage_healed":0,"gold_gain":0,"player_choice":"Paid Gold","damage_taken":0,"relics_obtained":["The Courier"],"max_hp_gain":0,"max_hp_loss":0,"event_name":"WeMeetAgain","floor":4,"gold_loss":53},{"damage_healed":0,"gold_gain":0,"player_choice":"Fought Mushrooms","damage_taken":0,"max_hp_gain":0,"max_hp_loss":0,"event_name":"Mushrooms","floor":12,"gold_loss":0}],"is_beta":false,"boss_relics":[],"items_purged_floors":[13],"is_endless":false,"potions_floor_spawned":[7],"killed_by":"The Guardian","ascension_level":19}