{"gold_per_floor":[212,212,227,227,240,275,275,300,300,250,10,10,26,26,26,131,131,131,78,78,78,78,78,78,78,78,78,78,78,78,78,78,78],"floor_reached":33,"playtime":912,"items_purged":[],"score":479,"play_id":"7c180c87-56b4-4f24-b689-2b2eff85fc5f","local_time":"20180804193045","is_ascension_mode":true,"campfire_choices":[{"data":"Pommel Strike","floor":7,"key":"SMITH"},{"data":"Pommel Strike","floor":12,"key":"SMITH"},{"floor":15,"key":"REST"},{"data":"Bash","floor":24,"key":"SMITH"},{"data":"True Grit","floor":29,"key":"SMITH"},{"floor":32,"key":"REST"}],"neow_cost":"NONE","seed_source_timestamp":783143494218346,"circlet_count":0,"master_deck":["Strike_R+1","Strike_R+1","Strike_R+1","Strike_R+1","Strike_R+1","Defend_R+1","Defend_R+1","Defend_R+1","Bash+1","AscendersBane","Carnage+1","Twin Strike","Pommel Strike+1","Pommel Strike+1","True Grit","Feed+1","Twin Strike+1","Perfected Strike+1","Whirlwind+1","True Grit+1","Twin Strike+1","Warcry+1","Wild Strike+1"],"relics":["Burning Blood","Letter Opener","Darkstone Periapt","Molten Egg 2","Question Card","Ectoplasm","Thread and Needle","Anchor","Magic Flower"],"potions_floor_usage":[16,16,28,28],"damage_taken":[{"damage":2,"enemies":"2 Louse","floor":1,"turns":4},{"damage":7,"enemies":"Small Slimes","floor":3,"turns":3},{"damage":7,"enemies":"Jaw Worm","floor":5,"turns":3},{"damage":16,"enemies":"Gremlin Nob","floor":6,"turns":3},{"damage":18,"enemies":"3 Sentries","floor":8,"turns":7},{"damage":20,"enemies":"Gremlin Gang","floor":13,"turns":5},{"damage":50,"enemies":"Hexaghost","floor":16,"turns":7},{"damage":26,"enemies":"Shell Parasite","floor":18,"turns":4},{"damage":5,"enemies":"Chosen","floor":20,"turns":3},{"damage":22,"enemies":"Gremlin Leader","floor":25,"turns":4},{"damage":0,"enemies":"Snecko","floor":27,"turns":2},{"damage":43,"enemies":"Book of Stabbing","floor":28,"turns":5},{"damage":18,"enemies":"Centurion and Healer","floor":30,"turns":4},{"damage":14,"enemies":"Snake Plant","floor":31,"turns":3},{"damage":71,"enemies":"Champ","floor":33,"turns":9}],"seed_played":"314806674009844630","potions_obtained":[{"floor":1,"key":"FearPotion"},{"floor":3,"key":"FearPotion"},{"floor":18,"key":"Strength Potion"},{"floor":20,"key":"FearPotion"}],"is_trial":false,"path_per_floor":["M","$","M","?","M","E","R","E","T","?","$","R","M","?","R","B",null,"M","$","M","?","?","?","R","E","T","M","E","R","M","M","R"],"character_chosen":"IRONCLAD","items_purchased":["Question Card","Perfected Strike+1"],"campfire_rested":2,"item_purchase_floors":[11,19],"current_hp_per_floor":[76,76,75,75,74,64,64,52,52,52,52,52,38,43,68,24,70,50,50,51,51,51,79,79,67,67,77,40,40,37,32,61,0],"gold":78,"neow_bonus":"HUNDRED_GOLD","is_prod":false,"is_daily":false,"chose_seed":false,"campfire_upgraded":4,"win_rate":0,"timestamp":1533425445,"path_taken":["M","$","M","?","M","E","R","E","T","?","$","R","?","?","R","BOSS","M","$","M","?","?","?","R","E","T","M","E","R","M","M","R","BOSS"],"build_version":"2018-08-01","purchased_purges":0,"victory":false,"max_hp_per_floor":[80,80,80,80,80,80,80,80,80,80,80,80,80,85,85,85,85,85,85,85,85,85,85,85,89,89,93,93,93,97,97,97,97],"card_choices":[{"not_picked":["Warcry","Entrench"],"picked":"Carnage","floor":1},{"not_picked":["Uppercut","Flex"],"picked":"Twin Strike","floor":3},{"not_picked":["Metallicize","Sever Soul"],"picked":"Pommel Strike","floor":5},{"not_picked":["Clash","Heavy Blade","Fire Breathing"],"picked":"SKIP","floor":6},{"not_picked":["Intimidate","Anger"],"picked":"Pommel Strike","floor":8},{"not_picked":["Anger+1","Fire Breathing","Metallicize"],"picked":"True Grit","floor":13},{"not_picked":["Dark Embrace","Immolate+1","Berserk"],"picked":"Feed+1","floor":16},{"not_picked":["Metallicize","Evolve","Wild Strike+1"],"picked":"Twin Strike+1","floor":18},{"not_picked":["Cleave+1","Combust+1","Thunderclap+1"],"picked":"Whirlwind+1","floor":20},{"not_picked":["Entrench","Thunderclap+1","Evolve"],"picked":"True Grit","floor":25},{"not_picked":["Flex","Entrench+1","Sentinel+1"],"picked":"Twin Strike+1","floor":27},{"not_picked":["Metallicize","Rupture","True Grit"],"picked":"Warcry+1","floor":28},{"not_picked":["Brutality","Fire Breathing","True Grit"],"picked":"Wild Strike+1","floor":30},{"not_picked":["Anger+1","Cleave+1","Rupture","Carnage+1"],"picked":"SKIP","floor":31}],"player_experience":806348,"relics_obtained":[{"floor":6,"key":"Letter Opener"},{"floor":8,"key":"Darkstone Periapt"},{"floor":9,"key":"Molten Egg 2"},{"floor":25,"key":"Thread and Needle"},{"floor":26,"key":"Anchor"},{"floor":28,"key":"Magic Flower"}],"event_choices":[{"event_name":"Living Wall","player_choice":"Grow","floor":4,"damage_taken":0},{"event_name":"The Cleric","player_choice":"Card Removal","floor":10,"damage_taken":0},{"event_name":"Big Fish","player_choice":"Donut","floor":14,"damage_taken":0},{"event_name":"Vampires","player_choice":"Ignored","floor":21,"damage_taken":0},{"event_name":"Back to Basics","player_choice":"Simplicity","floor":22,"damage_taken":0},{"event_name":"The Library","player_choice":"Heal","floor":23,"damage_taken":0}],"is_beta":true,"boss_relics":[{"not_picked":["Fusion Hammer","Runic Dome"],"picked":"Ectoplasm"}],"items_purged_floors":[],"is_endless":false,"potions_floor_spawned":[1,3,13,18,20],"killed_by":"Champ","ascension_level":11}