{"gold_per_floor":[111,111,111,111,127,153,165,165,165,191,201,201,236,247,247,321,321,339,351,368,467,6,6,6,33,33,33],"floor_reached":27,"playtime":984,"items_purged":["Writhe"],"score":469,"play_id":"ad21e0b8-3f3e-416e-9aca-b4c49799f71c","local_time":"20190830221753","is_ascension_mode":true,"campfire_choices":[{"data":"Corruption","floor":8.0,"key":"SMITH"},{"data":"Bash","floor":12.0,"key":"SMITH"},{"data":"Sword Boomerang","floor":15.0,"key":"SMITH"},{"floor":23.0,"key":"RECALL"}],"neow_cost":"NONE","seed_source_timestamp":1391298744890700,"circlet_count":0,"master_deck":["AscendersBane","Strike_R","Strike_R","Strike_R","Defend_R+1","Defend_R","Defend_R+1","Defend_R","Bash+1","Shrug It Off","Clothesline","Corruption+1","Shrug It Off","Shrug It Off","Sword Boomerang+1","Brutality+1","Disarm","Juggernaut+1","Rupture+1","Iron Wave+1","Inflame+1","Hemokinesis+1","Combust+1"],"special_seed":0,"relics":["Burning Blood","NeowsBlessing","Self Forming Clay","War Paint","Blue Candle","Frozen Egg 2","Omamori","Calling Bell","Anchor","The Courier","Champion Belt","Membership Card","Molten Egg 2","Question Card","Mercury Hourglass","Matryoshka"],"potions_floor_usage":[],"damage_taken":[{"damage":0.0,"enemies":"Small Slimes","floor":1.0,"turns":1.0},{"damage":0.0,"enemies":"Jaw Worm","floor":5.0,"turns":1.0},{"damage":0.0,"enemies":"3 Sentries","floor":6.0,"turns":2.0},{"damage":5.0,"enemies":"Cultist","floor":7.0,"turns":5.0},{"damage":28.0,"enemies":"Gremlin Nob","floor":10.0,"turns":5.0},{"damage":0.0,"enemies":"Blue Slaver","floor":11.0,"turns":4.0},{"damage":29.0,"enemies":"Lagavulin","floor":13.0,"turns":7.0},{"damage":4.0,"enemies":"2 Fungi Beasts","floor":14.0,"turns":5.0},{"damage":21.0,"enemies":"Slime Boss","floor":16.0,"turns":5.0},{"damage":4.0,"enemies":"Chosen","floor":18.0,"turns":5.0},{"damage":25.0,"enemies":"3 Byrds","floor":19.0,"turns":5.0},{"damage":6.0,"enemies":"Snake Plant","floor":20.0,"turns":5.0},{"damage":45.0,"enemies":"Slavers","floor":25.0,"turns":6.0},{"damage":20,"enemies":"Shelled Parasite and Fungi","floor":27,"turns":4}],"seed_played":"8470553524401796638","potions_obtained":[{"floor":1.0,"key":"Poison Potion"},{"floor":11.0,"key":"PowerPotion"},{"floor":13.0,"key":"BloodPotion"},{"floor":16.0,"key":"Ancient Potion"}],"is_trial":false,"path_per_floor":["M","?","?","T","M","E","M","R","T","E","M","R","E","M","R","B",null,"M","M","M","?","$","R","?","E","T","M"],"character_chosen":"IRONCLAD","items_purchased":["Membership Card","Molten Egg 2","Iron Wave+1","Inflame+1","Question Card","Hemokinesis+1"],"campfire_rested":0,"item_purchase_floors":[22,22,22,22,22,22],"current_hp_per_floor":[74,74,74,74,75,75,75,75,75,53,59,59,36,38,38,41,67,69,50,50,50,50,50,50,11,11,0],"gold":33,"neow_bonus":"THREE_ENEMY_KILL","is_prod":false,"is_daily":false,"chose_seed":false,"campfire_upgraded":3,"win_rate":0,"timestamp":1567228673,"path_taken":["M","?","?","?","?","E","M","R","T","E","M","R","E","M","R","BOSS","M","?","M","?","$","R","?","E","T","M"],"build_version":"2019-07-17","purchased_purges":1,"victory":false,"max_hp_per_floor":[75,75,75,75,75,75,75,75,75,75,75,75,75,75,75,75,75,75,75,75,75,75,75,75,75,75,75],"card_choices":[{"not_picked":["Heavy Blade","Iron Wave"],"picked":"Shrug It Off","floor":1.0},{"not_picked":["Flex","Armaments"],"picked":"Clothesline","floor":5.0},{"not_picked":["Armaments","Fire Breathing"],"picked":"Corruption","floor":6.0},{"not_picked":["Exhume","Flex"],"picked":"Shrug It Off","floor":7.0},{"not_picked":["Wild Strike","Armaments"],"picked":"Shrug It Off","floor":10.0},{"not_picked":["Flex","Wild Strike"],"picked":"Sword Boomerang","floor":11.0},{"not_picked":["Headbutt","Battle Trance"],"picked":"Brutality+1","floor":13.0},{"not_picked":["True Grit","Twin Strike"],"picked":"Disarm","floor":14.0},{"not_picked":["Immolate","Fiend Fire"],"picked":"Juggernaut+1","floor":16.0},{"not_picked":["Sword Boomerang+1","Flex","Clash"],"picked":"SKIP","floor":18.0},{"not_picked":["True Grit","Ghostly Armor+1"],"picked":"Rupture+1","floor":19.0},{"not_picked":["Wild Strike","Corruption+1","Sword Boomerang+1"],"picked":"SKIP","floor":20.0},{"not_picked":["Twin Strike+1","Thunderclap+1","Entrench"],"picked":"Combust+1","floor":25.0}],"player_experience":1349379,"relics_obtained":[{"floor":4.0,"key":"Self Forming Clay"},{"floor":6.0,"key":"War Paint"},{"floor":9.0,"key":"Blue Candle"},{"floor":10.0,"key":"Frozen Egg 2"},{"floor":13.0,"key":"Omamori"},{"floor":17.0,"key":"Anchor"},{"floor":17.0,"key":"The Courier"},{"floor":17.0,"key":"Champion Belt"},{"floor":25.0,"key":"Mercury Hourglass"},{"floor":26.0,"key":"Matryoshka"}],"event_choices":[{"damage_healed":0.0,"max_hp_gain":0.0,"max_hp_loss":0.0,"gold_gain":0.0,"event_name":"Liars Game","player_choice":"Ignored","floor":2.0,"gold_loss":0.0,"damage_taken":0.0},{"cards_removed":["Strike_R"],"damage_healed":0.0,"max_hp_gain":0.0,"max_hp_loss":0.0,"gold_gain":0.0,"event_name":"Living Wall","player_choice":"Forget","floor":3.0,"gold_loss":0.0,"damage_taken":0.0},{"damage_healed":0.0,"max_hp_gain":0.0,"max_hp_loss":0.0,"gold_gain":99.0,"event_name":"Nest","player_choice":"Stole From Cult","floor":21.0,"gold_loss":0.0,"damage_taken":0.0},{"cards_removed":["Strike_R"],"damage_healed":0.0,"max_hp_gain":0.0,"max_hp_loss":0.0,"gold_gain":0.0,"event_name":"Bonfire Elementals","player_choice":"Offered Basic","floor":24.0,"gold_loss":0.0,"damage_taken":0.0}],"is_beta":false,"boss_relics":[{"not_picked":["White Beast Statue","Tiny House"],"picked":"Calling Bell"}],"items_purged_floors":[22],"is_endless":false,"potions_floor_spawned":[1,11,13,16],"killed_by":"Shelled Parasite and Fungi","ascension_level":14}