{"path_per_floor":["M","?","$","?","M","R","E","M","T","M","?","R","E","?","R","B",null,"M","$","?","M","M","R","M","R","T","?","M","M","R","T","R","B",null,"M","M","$","M","?","R","M","M","T"],"character_chosen":"DEFECT","items_purchased":["Cables","Kunai","Happy Flower","BootSequence"],"gold_per_floor":[317,392,131,131,150,150,185,199,199,214,214,214,254,332,332,455,455,469,6,6,22,35,35,58,58,58,58,68,87,87,87,87,189,189,206,216,166,180,180,180,197,207,233,233],"floor_reached":44,"campfire_rested":4,"playtime":3255,"current_hp_per_floor":[61,50,50,35,28,28,8,8,8,8,8,30,30,30,52,22,62,39,39,64,64,57,57,40,40,40,40,45,42,42,42,64,31,64,69,53,53,17,17,39,34,26,33,0],"items_purged":["Injury"],"gold":233,"score":604,"play_id":"80b13585-c852-4c63-94de-41a043ba962f","local_time":"20180512202852","is_prod":false,"is_daily":false,"chose_seed":false,"is_ascension_mode":true,"campfire_upgraded":4,"timestamp":1526171332,"path_taken":["BOSS","M","?","?","?","M","R","E","?","T","M","?","R","E","?","R","BOSS","M","$","?","M","M","R","M","R","T","?","M","M","R","?","R","BOSS","M","M","$","M","?","R","M","M","T","E"],"build_version":"2018-05-12v2","seed_source_timestamp":0,"purchased_purges":1,"victory":false,"master_deck":["Strike_B+1","Strike_B","Strike_B+1","Strike_B","Defend_B","Defend_B","Defend_B","Defend_B","Zap+1","Dualcast+1","Ball Lightning","Sunder+1","Chaos+1","Auto Shields","Axe Kick+1","Echo Form","Beam Cell+1","BootSequence","Stack+1","Electrodynamics","Defragment+1","Leap+1","Leap+1"],"max_hp_per_floor":[75,75,75,75,75,75,75,75,75,75,75,75,75,75,75,75,75,75,75,75,75,75,75,75,75,75,75,75,75,75,75,75,75,75,75,75,75,75,75,75,75,75,77,77],"relics":["Cracked Core","Old Coin","Cables","Symbiotic Virus","Bronze Scales","Bloody Idol","Molten Egg 2","Lizard Tail","Kunai","Happy Flower","Smiling Mask","Prayer Wheel","Philosopher\u0027s Stone","Singing Bowl"],"card_choices":[{"not_picked":["Static Discharge","Hologram"],"picked":"Ball Lightning","floor":1},{"not_picked":["Steam Power","Rebound"],"picked":"Sunder","floor":5},{"not_picked":["Ball Lightning","Heatsinks"],"picked":"Chaos","floor":7},{"not_picked":["Fission","Sweeping Beam"],"picked":"Auto Shields","floor":8},{"not_picked":["Conserve Battery","Cold Snap","Go for the Eyes"],"picked":"SKIP","floor":10},{"not_picked":["Darkness","Steam"],"picked":"Axe Kick","floor":13},{"not_picked":["Seek","Multi-Cast"],"picked":"Echo Form","floor":16},{"not_picked":["Steam","Barrage+1"],"picked":"Beam Cell+1","floor":18},{"not_picked":["Cold Snap+1","Blizzard+1","Static Discharge"],"picked":"SKIP","floor":21},{"not_picked":["Barrage+1","Consume","Rebound+1"],"picked":"SKIP","floor":22},{"not_picked":["Turbo+1","Skim","Hologram"],"picked":"SKIP","floor":24},{"not_picked":["Blizzard+1","Go for the Eyes+1"],"picked":"Stack+1","floor":28},{"not_picked":["Double Energy+1","Chill","Storm+1"],"picked":"SKIP","floor":29},{"not_picked":["Fusion","Buffer"],"picked":"Electrodynamics","floor":33},{"not_picked":["Reinforced Body+1","Leap+1"],"picked":"Defragment+1","floor":35},{"not_picked":["Stack","BootSequence+1"],"picked":"Leap+1","floor":36},{"not_picked":["Streamline+1","Skim+1","Steam"],"picked":"SKIP","floor":38},{"not_picked":["Streamline+1","Ball Lightning+1","Axe Kick+1"],"picked":"SKIP","floor":41},{"not_picked":["Go for the Eyes+1","Hologram"],"picked":"Leap+1","floor":42},{"not_picked":["Sweeping Beam+1","Recycle","Leap"],"picked":"Singing Bowl","floor":43}],"player_experience":732603,"potions_floor_usage":[7,13,18,33,33,44],"damage_taken":[{"damage":7,"enemies":"Jaw Worm","floor":1,"turns":3},{"damage":7,"enemies":"Small Slimes","floor":5,"turns":2},{"damage":20,"enemies":"Lagavulin","floor":7,"turns":3},{"damage":0,"enemies":"Cultist","floor":8,"turns":2},{"damage":0,"enemies":"Exordium Thugs","floor":10,"turns":3},{"damage":0,"enemies":"Gremlin Nob","floor":13,"turns":3},{"damage":30,"enemies":"Slime Boss","floor":16,"turns":7},{"damage":23,"enemies":"2 Thieves","floor":18,"turns":3},{"damage":0,"enemies":"Spheric Guardian","floor":21,"turns":3},{"damage":7,"enemies":"Snecko","floor":22,"turns":3},{"damage":17,"enemies":"Snake Plant","floor":24,"turns":3},{"damage":0,"enemies":"3 Cultists","floor":28,"turns":4},{"damage":8,"enemies":"Snecko","floor":29,"turns":3},{"damage":80,"enemies":"Automaton","floor":33,"turns":9},{"damage":0,"enemies":"3 Shapes","floor":35,"turns":3},{"damage":21,"enemies":"Orb Walker","floor":36,"turns":3},{"damage":41,"enemies":"Maw","floor":38,"turns":7},{"damage":10,"enemies":"Flame Bruiser 2 Orb","floor":41,"turns":4},{"damage":13,"enemies":"4 Shapes","floor":42,"turns":3},{"damage":37,"enemies":"Giant Head","floor":44,"turns":5}],"event_choices":[{"event_name":"World of Goop","player_choice":"Gather Gold","floor":2,"damage_taken":0},{"event_name":"Shining Light","player_choice":"Entered Light","floor":4,"damage_taken":0},{"event_name":"Golden Idol","player_choice":"Take Wound","floor":11,"damage_taken":0},{"event_name":"Golden Wing","player_choice":"Gained Gold","floor":14,"damage_taken":0},{"event_name":"The Library","player_choice":"Heal","floor":20,"damage_taken":0},{"event_name":"Forgotten Altar","player_choice":"Gave Idol","floor":27,"damage_taken":0},{"event_name":"Mysterious Sphere","player_choice":"Ignore","floor":39,"damage_taken":0}],"boss_relics":[{"not_picked":["Black Star","Inserter"],"picked":"Lizard Tail"},{"not_picked":["Eternal Feather","Runic Pyramid"],"picked":"Philosopher\u0027s Stone"}],"potions_floor_spawned":[1,5,7,13,22,28,29,35,41,42],"seed_played":"-1261964641016099529","killed_by":"Giant Head","ascension_level":6,"is_trial":false}