{"gold_per_floor":[113,127,77,87,100,116,129,129,129,129,146,146,146,146,146,244,244,254,254,254,265,276,276,287,287,311,330,340,355,280,295,295,398,398,413,158,173,191,204,204,215,215,215,215,215,215,0,13,13,13],"floor_reached":50,"playtime":1059,"items_purged":["Strike_R","Strike_R"],"score":442,"play_id":"7515648f-27d2-415d-888c-89b789b0da3a","local_time":"20190603002222","is_ascension_mode":false,"campfire_choices":[{"data":"Whirlwind","floor":8.0,"key":"SMITH"},{"data":"Bash","floor":10.0,"key":"SMITH"},{"data":"Inflame","floor":15.0,"key":"SMITH"},{"floor":23.0,"key":"REST"},{"data":"Limit Break","floor":25.0,"key":"SMITH"},{"floor":32.0,"key":"REST"},{"floor":40,"key":"REST"},{"data":"Pummel","floor":42,"key":"SMITH"},{"data":"Inflame","floor":44,"key":"SMITH"},{"floor":49,"key":"REST"}],"neow_cost":"NONE","seed_source_timestamp":644966987582600,"circlet_count":0,"master_deck":["Strike_R","Strike_R","Defend_R","Defend_R","Defend_R","Defend_R","Bash+1","Inflame+1","Inflame+1","Spot Weakness+1","Whirlwind+1","Limit Break+1","Pummel+1","Doubt"],"special_seed":0,"relics":["Black Blood","NeowsBlessing","Calipers","Busted Crown","Regal Pillow","Centennial Puzzle","Happy Flower","Toxic Egg 2","Red Mask"],"potions_floor_usage":[50],"damage_taken":[{"damage":0.0,"enemies":"2 Louse","floor":1.0,"turns":1.0},{"damage":0.0,"enemies":"Small Slimes","floor":2.0,"turns":1.0},{"damage":0.0,"enemies":"Cultist","floor":4.0,"turns":1.0},{"damage":11.0,"enemies":"Blue Slaver","floor":5.0,"turns":4.0},{"damage":15.0,"enemies":"Looter","floor":6.0,"turns":3.0},{"damage":0.0,"enemies":"3 Louse","floor":7.0,"turns":1.0},{"damage":5.0,"enemies":"Exordium Wildlife","floor":11.0,"turns":3.0},{"damage":60.0,"enemies":"The Guardian","floor":16.0,"turns":8.0},{"damage":29.0,"enemies":"Shell Parasite","floor":18.0,"turns":4.0},{"damage":20.0,"enemies":"Colosseum Slavers","floor":19.0,"turns":3.0},{"damage":6.0,"enemies":"3 Byrds","floor":21.0,"turns":3.0},{"damage":29.0,"enemies":"Centurion and Healer","floor":22.0,"turns":4.0},{"damage":21.0,"enemies":"Snake Plant","floor":24.0,"turns":2.0},{"damage":0.0,"enemies":"Snecko","floor":27.0,"turns":3.0},{"damage":14.0,"enemies":"Shelled Parasite and Fungi","floor":28.0,"turns":3.0},{"damage":21.0,"enemies":"Snake Plant","floor":29.0,"turns":2.0},{"damage":5.0,"enemies":"Chosen and Byrds","floor":31.0,"turns":3.0},{"damage":22.0,"enemies":"Collector","floor":33.0,"turns":5.0},{"damage":30.0,"enemies":"Orb Walker","floor":35.0,"turns":3.0},{"damage":20.0,"enemies":"3 Darklings","floor":37.0,"turns":3.0},{"damage":36,"enemies":"Writhing Mass","floor":38,"turns":4},{"damage":14,"enemies":"Sphere and 2 Shapes","floor":39,"turns":3},{"damage":2,"enemies":"Maw","floor":41,"turns":4},{"damage":25,"enemies":"3 Darklings","floor":48,"turns":4},{"damage":116,"enemies":"Time Eater","floor":50,"turns":7}],"seed_played":"-712162762227104852","potions_obtained":[{"floor":1.0,"key":"Swift Potion"},{"floor":4.0,"key":"Fire Potion"},{"floor":6.0,"key":"Fire Potion"},{"floor":21.0,"key":"SneckoOil"},{"floor":27.0,"key":"GamblersBrew"},{"floor":33.0,"key":"Regen Potion"}],"is_trial":false,"path_per_floor":["M","M","?","M","M","M","M","R","T","R","M","?","?","?","R","B",null,"M","?","?","M","M","R","M","R","T","M","M","M","$","M","R","B",null,"M","$","M","M","M","R","M","R","T","R","?","?","?","M","R","B"],"character_chosen":"IRONCLAD","items_purchased":["Happy Flower"],"campfire_rested":4,"item_purchase_floors":[36],"current_hp_per_floor":[80,80,80,80,75,66,72,72,72,72,73,73,73,78,78,24,85,62,48,48,48,25,65,50,50,50,56,48,33,33,34,74,58,85,65,65,55,29,25,65,73,73,73,73,85,85,85,70,85,0],"gold":13,"neow_bonus":"THREE_ENEMY_KILL","is_prod":false,"is_daily":false,"chose_seed":false,"campfire_upgraded":6,"win_rate":0,"timestamp":1559546542,"path_taken":["M","M","?","M","M","M","M","R","T","R","M","?","?","?","R","BOSS","M","?","?","M","M","R","M","R","T","M","M","M","$","?","R","BOSS","M","$","M","M","M","R","M","R","T","R","?","?","?","M","R","BOSS"],"build_version":"2019-01-23","purchased_purges":2,"victory":false,"max_hp_per_floor":[80,80,80,80,80,80,80,80,80,80,80,80,80,85,85,85,85,85,85,85,85,85,85,85,85,85,85,85,85,85,85,85,85,85,85,85,85,85,85,85,85,85,85,85,85,85,85,85,85,85],"card_choices":[{"not_picked":["Heavy Blade","Sword Boomerang"],"picked":"Inflame","floor":1.0},{"not_picked":["Pummel","Sword Boomerang"],"picked":"Inflame","floor":2.0},{"not_picked":["Flex","Demon Form"],"picked":"Spot Weakness","floor":4.0},{"not_picked":["Pummel","Flex"],"picked":"Whirlwind","floor":5.0},{"not_picked":["Heavy Blade","Flex","Disarm"],"picked":"SKIP","floor":6.0},{"not_picked":["Flex","Sword Boomerang","Heavy Blade"],"picked":"SKIP","floor":7.0},{"not_picked":["Sword Boomerang","Heavy Blade","Flex"],"picked":"SKIP","floor":11.0},{"not_picked":["Reaper","Demon Form"],"picked":"Limit Break","floor":16.0},{"not_picked":[],"picked":"Pummel","floor":18.0},{"not_picked":["Flex+1"],"picked":"SKIP","floor":21.0},{"not_picked":["Sword Boomerang"],"picked":"SKIP","floor":22.0},{"not_picked":["Flex"],"picked":"SKIP","floor":24.0},{"not_picked":["Sword Boomerang"],"picked":"SKIP","floor":27.0},{"not_picked":["Whirlwind"],"picked":"SKIP","floor":28.0},{"not_picked":["Inflame"],"picked":"SKIP","floor":29.0},{"not_picked":["Sword Boomerang"],"picked":"SKIP","floor":31.0},{"not_picked":["Sword Boomerang"],"picked":"SKIP","floor":35.0},{"not_picked":["Heavy Blade+1"],"picked":"SKIP","floor":37.0},{"not_picked":["Inflame+1"],"picked":"SKIP","floor":38},{"not_picked":["Whirlwind"],"picked":"SKIP","floor":39},{"not_picked":["Flex+1"],"picked":"SKIP","floor":41},{"not_picked":["Flex+1"],"picked":"SKIP","floor":48}],"player_experience":1269090,"relics_obtained":[{"floor":9.0,"key":"Calipers"},{"floor":26.0,"key":"Centennial Puzzle"},{"floor":43,"key":"Toxic Egg 2"}],"event_choices":[{"cards_removed":["Strike_R"],"damage_healed":0.0,"max_hp_gain":0.0,"max_hp_loss":0.0,"gold_gain":0.0,"event_name":"The Cleric","player_choice":"Card Removal","floor":3.0,"gold_loss":50.0,"damage_taken":0.0},{"damage_healed":0.0,"max_hp_gain":0.0,"max_hp_loss":0.0,"gold_gain":0.0,"event_name":"Liars Game","player_choice":"Ignored","floor":12.0,"gold_loss":0.0,"damage_taken":0.0},{"damage_healed":0.0,"max_hp_gain":0.0,"max_hp_loss":0.0,"gold_gain":0.0,"event_name":"Living Wall","player_choice":"Grow","floor":13.0,"gold_loss":0.0,"damage_taken":0.0,"cards_upgraded":["Spot Weakness"]},{"damage_healed":0.0,"max_hp_gain":5.0,"max_hp_loss":0.0,"gold_gain":0.0,"event_name":"Big Fish","player_choice":"Donut","floor":14.0,"gold_loss":0.0,"damage_taken":0.0},{"damage_healed":0.0,"max_hp_gain":0.0,"max_hp_loss":0.0,"gold_gain":0.0,"event_name":"Colosseum","player_choice":"Fight","floor":19.0,"gold_loss":0.0,"damage_taken":0.0},{"damage_healed":0.0,"max_hp_gain":0.0,"max_hp_loss":0.0,"gold_gain":0.0,"event_name":"Colosseum","player_choice":"Fled From Nobs","floor":19.0,"gold_loss":0.0,"damage_taken":0.0},{"damage_healed":0.0,"max_hp_gain":0.0,"max_hp_loss":0.0,"gold_gain":0.0,"event_name":"WeMeetAgain","player_choice":"Gave Potion","floor":20.0,"gold_loss":0.0,"damage_taken":0.0,"relics_obtained":["Regal Pillow"]},{"damage_healed":12,"gold_gain":0,"player_choice":"Heal","damage_taken":0,"max_hp_gain":0,"max_hp_loss":0,"event_name":"MindBloom","floor":45,"gold_loss":0,"cards_obtained":["Doubt"]},{"damage_healed":0,"gold_gain":0,"player_choice":"Ignored","damage_taken":0,"max_hp_gain":0,"max_hp_loss":0,"event_name":"Mysterious Sphere","floor":46,"gold_loss":0},{"damage_healed":0,"gold_gain":0,"player_choice":"Paid","damage_taken":0,"relics_obtained":["Red Mask"],"max_hp_gain":0,"max_hp_loss":0,"event_name":"Tomb of Lord Red Mask","floor":47,"gold_loss":215}],"is_beta":false,"boss_relics":[{"not_picked":["Philosopher\u0027s Stone","Pandora\u0027s Box"],"picked":"Busted Crown"},{"not_picked":["Snecko Eye","Runic Dome"],"picked":"Black Blood"}],"items_purged_floors":[30,36],"is_endless":false,"potions_floor_spawned":[1,4,6,7,11,16,19,21,27,33,38,41],"killed_by":"Time Eater","ascension_level":0}