{"gold_per_floor":[110,127,127,137,150,180,35,35,35,45,78,92,121,137,137,242,242,225,245,170,85,101,135,135,165,165,199,199,217,217,230,230,335,335,355,355,355,355,366,366,392,411,411,431,431,456,456,467,467,467],"floor_reached":51,"playtime":1829,"items_purged":[],"score":1043,"play_id":"7d1ef1f1-e1a4-4c84-8e92-3d75581687da","local_time":"20190905083909","is_ascension_mode":true,"campfire_choices":[{"floor":8.0,"key":"REST"},{"data":"1","floor":15.0,"key":"LIFT"},{"floor":24.0,"key":"REST"},{"data":"2","floor":30.0,"key":"LIFT"},{"floor":32.0,"key":"REST"},{"data":"3","floor":40.0,"key":"LIFT"},{"floor":45.0,"key":"REST"},{"floor":47.0,"key":"REST"},{"floor":49,"key":"REST"}],"neow_cost":"PERCENT_DAMAGE","seed_source_timestamp":0,"circlet_count":0,"master_deck":["Strike_B","Defend_B","Defend_B","Defend_B","Zap","Dualcast","Conserve Battery","Auto Shields","Compile Driver","Beam Cell","Streamline","Streamline","Conserve Battery","Electrodynamics","FTL","Multi-Cast","Leap","Cold Snap","Leap+1","Ball Lightning+1","Hologram+1","Static Discharge+1","Conserve Battery+1","Thunder Strike","Master of Strategy","Defragment+1","Streamline+1","Glacier","Loop+1","Tempest"],"special_seed":0,"relics":["Cracked Core","Vajra","Regal Pillow","Mercury Hourglass","Girya","Empty Cage","Pen Nib","Art of War","Incense Burner","Symbiotic Virus","Mummified Hand","Philosopher\u0027s Stone","Blue Candle","Frozen Egg 2","The Courier","Ancient Tea Set"],"potions_floor_usage":[50,50,50],"damage_taken":[{"damage":1.0,"enemies":"2 Louse","floor":1.0,"turns":2.0},{"damage":1.0,"enemies":"Cultist","floor":2.0,"turns":3.0},{"damage":11.0,"enemies":"Small Slimes","floor":4.0,"turns":5.0},{"damage":1.0,"enemies":"3 Louse","floor":5.0,"turns":4.0},{"damage":14.0,"enemies":"3 Sentries","floor":6.0,"turns":8.0},{"damage":9.0,"enemies":"Large Slime","floor":10.0,"turns":4.0},{"damage":13.0,"enemies":"Lagavulin","floor":11.0,"turns":4.0},{"damage":20.0,"enemies":"Exordium Wildlife","floor":12.0,"turns":2.0},{"damage":0.0,"enemies":"3 Sentries","floor":13.0,"turns":3.0},{"damage":8.0,"enemies":"Blue Slaver","floor":14.0,"turns":3.0},{"damage":13.0,"enemies":"The Guardian","floor":16.0,"turns":9.0},{"damage":16.0,"enemies":"2 Thieves","floor":18.0,"turns":4.0},{"damage":1.0,"enemies":"Spheric Guardian","floor":19.0,"turns":5.0},{"damage":4.0,"enemies":"Cultist and Chosen","floor":22.0,"turns":4.0},{"damage":32.0,"enemies":"Slavers","floor":23.0,"turns":5.0},{"damage":2.0,"enemies":"Gremlin Leader","floor":25.0,"turns":6.0},{"damage":10.0,"enemies":"Slavers","floor":27.0,"turns":3.0},{"damage":1.0,"enemies":"Colosseum Slavers","floor":28.0,"turns":3.0},{"damage":0.0,"enemies":"3 Cultists","floor":29.0,"turns":3.0},{"damage":12.0,"enemies":"Snake Plant","floor":31.0,"turns":3.0},{"damage":22.0,"enemies":"Automaton","floor":33.0,"turns":9.0},{"damage":0.0,"enemies":"Orb Walker","floor":35.0,"turns":3.0},{"damage":5.0,"enemies":"3 Darklings","floor":39.0,"turns":3.0},{"damage":59.0,"enemies":"Giant Head","floor":41.0,"turns":7.0},{"damage":1.0,"enemies":"Writhing Mass","floor":42.0,"turns":8.0},{"damage":13.0,"enemies":"Jaw Worm Horde","floor":44.0,"turns":3.0},{"damage":27.0,"enemies":"Reptomancer","floor":46.0,"turns":6.0},{"damage":21,"enemies":"3 Darklings","floor":48,"turns":3},{"damage":49,"enemies":"Donu and Deca","floor":50,"turns":8}],"seed_played":"-4458753527525411760","potions_obtained":[{"floor":1.0,"key":"Dexterity Potion"},{"floor":4.0,"key":"Ancient Potion"},{"floor":10.0,"key":"GamblersBrew"},{"floor":14.0,"key":"EssenceOfSteel"},{"floor":16.0,"key":"LiquidBronze"},{"floor":18.0,"key":"LiquidBronze"},{"floor":25.0,"key":"PowerPotion"},{"floor":27.0,"key":"Block Potion"},{"floor":31.0,"key":"Ancient Potion"},{"floor":46.0,"key":"FocusPotion"},{"floor":48,"key":"SteroidPotion"}],"is_trial":false,"path_per_floor":["M","M","?","M","M","E","$","R","T","M","E","M","E","M","R","B",null,"M","M","?","?","M","E","R","E","T","E","?","M","R","M","R","B",null,"M","?","?","T","M","R","E","M","T","M","R","E","R","M","R","B",null],"character_chosen":"DEFECT","items_purchased":["Regal Pillow"],"campfire_rested":6,"item_purchase_floors":[7],"current_hp_per_floor":[63,62,62,51,50,36,36,77,77,68,55,35,35,27,27,14,70,54,53,53,53,49,17,58,56,56,46,45,45,45,33,74,52,80,80,80,80,80,75,75,16,15,15,2,43,16,57,36,77,28],"gold":467,"neow_bonus":"TWENTY_PERCENT_HP_BONUS","is_prod":false,"is_daily":false,"chose_seed":false,"campfire_upgraded":0,"win_rate":0,"timestamp":1567640349,"path_taken":["M","M","?","M","M","E","$","R","T","?","E","M","E","M","R","BOSS","M","M","?","?","M","E","R","E","T","E","?","M","R","M","R","BOSS","M","?","?","?","M","R","E","M","T","M","R","E","R","M","R","BOSS"],"build_version":"2019-07-17","purchased_purges":0,"victory":true,"max_hp_per_floor":[89,89,89,89,89,89,89,89,89,89,89,89,89,89,89,89,89,89,89,89,89,89,89,89,89,89,89,89,89,89,89,89,89,89,89,89,89,89,89,89,89,89,89,89,89,89,89,89,89,89],"card_choices":[{"not_picked":["Hello World","Coolheaded"],"picked":"Conserve Battery","floor":1.0},{"not_picked":["Conserve Battery","Fusion"],"picked":"Auto Shields","floor":2.0},{"not_picked":["Steam","Redo"],"picked":"Compile Driver","floor":4.0},{"not_picked":["Stack","Leap"],"picked":"Beam Cell","floor":5.0},{"not_picked":["Rainbow","Auto Shields"],"picked":"Streamline","floor":6.0},{"not_picked":["Compile Driver","Gash"],"picked":"Streamline","floor":10.0},{"not_picked":["Steam Power","Blizzard"],"picked":"Conserve Battery","floor":11.0},{"not_picked":["Fusion","Coolheaded"],"picked":"Electrodynamics","floor":12.0},{"not_picked":["Redo","Consume","Static Discharge"],"picked":"SKIP","floor":13.0},{"not_picked":["Hello World","Sweeping Beam"],"picked":"FTL","floor":14.0},{"not_picked":["Thunder Strike","Reboot"],"picked":"Multi-Cast","floor":16.0},{"not_picked":["Rip and Tear","Chaos"],"picked":"Leap","floor":18.0},{"not_picked":["Darkness","Static Discharge","Storm"],"picked":"SKIP","floor":19.0},{"not_picked":["Go for the Eyes","Conserve Battery"],"picked":"Cold Snap","floor":22.0},{"not_picked":["Fusion","FTL"],"picked":"Leap+1","floor":23.0},{"not_picked":["Cold Snap","Storm"],"picked":"Ball Lightning+1","floor":25.0},{"not_picked":["Chill+1","Reinforced Body"],"picked":"Hologram+1","floor":27.0},{"not_picked":["Core Surge","Coolheaded"],"picked":"Static Discharge+1","floor":29.0},{"not_picked":["Go for the Eyes","Ball Lightning"],"picked":"Conserve Battery+1","floor":31.0},{"not_picked":["Multi-Cast","Biased Cognition"],"picked":"Thunder Strike","floor":33.0},{"not_picked":["Cold Snap+1","Chill","Gash"],"picked":"SKIP","floor":35.0},{"not_picked":["Dark Shackles","Secret Technique"],"picked":"Master of Strategy","floor":36.0},{"not_picked":["Barrage+1","Ball Lightning"],"picked":"Defragment+1","floor":39.0},{"not_picked":["Conserve Battery+1","Heatsinks+1"],"picked":"Streamline+1","floor":41.0},{"not_picked":["Heatsinks+1","Doom and Gloom"],"picked":"Glacier","floor":42.0},{"not_picked":["Conserve Battery+1","Melter"],"picked":"Loop+1","floor":44.0},{"not_picked":["Conserve Battery","Hologram","Reprogram"],"picked":"SKIP","floor":46.0},{"not_picked":["White Noise+1","Scrape"],"picked":"Tempest","floor":48}],"player_experience":346424,"relics_obtained":[{"floor":6.0,"key":"Vajra"},{"floor":9.0,"key":"Mercury Hourglass"},{"floor":13.0,"key":"Girya"},{"floor":23.0,"key":"Art of War"},{"floor":25.0,"key":"Incense Burner"},{"floor":26.0,"key":"Symbiotic Virus"},{"floor":27.0,"key":"Mummified Hand"},{"floor":38.0,"key":"Blue Candle"},{"floor":41.0,"key":"Frozen Egg 2"},{"floor":43.0,"key":"The Courier"},{"floor":46.0,"key":"Ancient Tea Set"}],"event_choices":[{"cards_removed":["Strike_B"],"damage_healed":0.0,"max_hp_gain":0.0,"max_hp_loss":0.0,"gold_gain":0.0,"event_name":"Purifier","player_choice":"Purged","floor":3.0,"gold_loss":0.0,"damage_taken":0.0},{"cards_removed":["Defend_B"],"damage_healed":0.0,"max_hp_gain":0.0,"max_hp_loss":0.0,"gold_gain":0.0,"event_name":"Beggar","player_choice":"Gave Gold","floor":20.0,"gold_loss":75.0,"damage_taken":0.0},{"damage_healed":0.0,"max_hp_gain":0.0,"max_hp_loss":0.0,"gold_gain":0.0,"event_name":"Addict","player_choice":"Obtained Relic","floor":21.0,"gold_loss":85.0,"damage_taken":0.0,"relics_obtained":["Pen Nib"]},{"damage_healed":0.0,"max_hp_gain":0.0,"max_hp_loss":0.0,"gold_gain":0.0,"event_name":"Colosseum","player_choice":"Fight","floor":28.0,"gold_loss":0.0,"damage_taken":0.0},{"damage_healed":0.0,"max_hp_gain":0.0,"max_hp_loss":0.0,"gold_gain":0.0,"event_name":"Colosseum","player_choice":"Fled From Nobs","floor":28.0,"gold_loss":0.0,"damage_taken":0.0},{"damage_healed":0.0,"max_hp_gain":0.0,"max_hp_loss":0.0,"gold_gain":0.0,"event_name":"SensoryStone","player_choice":"Memory 1","floor":36.0,"gold_loss":0.0,"damage_taken":0.0},{"damage_healed":0.0,"max_hp_gain":0.0,"max_hp_loss":0.0,"gold_gain":0.0,"event_name":"Tomb of Lord Red Mask","player_choice":"Ignored","floor":37.0,"gold_loss":0.0,"damage_taken":0.0}],"is_beta":false,"boss_relics":[{"not_picked":["Inserter","Runic Dome"],"picked":"Empty Cage"},{"not_picked":["Runic Pyramid","Orrery"],"picked":"Philosopher\u0027s Stone"}],"items_purged_floors":[],"is_endless":false,"potions_floor_spawned":[1,4,10,14,16,18,25,27,31,39,46,48],"ascension_level":6}