{"gold_per_floor":[116,116,130,147,167,192,192,217,241,268,268,281,155,168,168,268,268,283,283,383,403,151,179,179,197,197,211,231,258,258,273,273,273],"floor_reached":33,"playtime":1230,"items_purged":["Strike_B","Defend_B"],"score":536,"play_id":"7dd1e488-f0dc-4054-8e54-8b40cbf62318","local_time":"20190904075205","is_ascension_mode":true,"campfire_choices":[{"data":"Hyperbeam","floor":7,"key":"SMITH"},{"floor":11,"key":"REST"},{"floor":15,"key":"REST"},{"data":"Fusion","floor":24,"key":"SMITH"},{"data":"Sunder","floor":30,"key":"SMITH"},{"data":"Hologram","floor":32,"key":"SMITH"}],"neow_cost":"NONE","seed_source_timestamp":206394808695009,"circlet_count":0,"master_deck":["Strike_B","Strike_B","Strike_B","Defend_B","Defend_B","Defend_B","Zap","Dualcast","Sunder+1","Doom and Gloom","Genetic Algorithm","Hologram+1","Hyperbeam+1","Conserve Battery","Steam","Gash","Gash","Seek","Undo+1","Ghostly","Ghostly","Ghostly","Ghostly","Ghostly","Fusion+1","Core Surge","Conserve Battery+1"],"relics":["Cracked Core","NeowsBlessing","Thread and Needle","Bag of Marbles","PreservedInsect","Centennial Puzzle","Philosopher\u0027s Stone","Oddly Smooth Stone","Dead Branch","Smiling Mask","Ancient Tea Set"],"potions_floor_usage":[6,10,16,16,18,33,33,33],"damage_taken":[{"damage":0,"enemies":"2 Louse","floor":1,"turns":1},{"damage":0,"enemies":"Cultist","floor":3,"turns":1},{"damage":0,"enemies":"Small Slimes","floor":4,"turns":1},{"damage":18,"enemies":"3 Louse","floor":5,"turns":3},{"damage":22,"enemies":"Lagavulin","floor":6,"turns":4},{"damage":13,"enemies":"3 Sentries","floor":8,"turns":4},{"damage":9,"enemies":"Lagavulin","floor":10,"turns":5},{"damage":0,"enemies":"Gremlin Gang","floor":12,"turns":1},{"damage":0,"enemies":"Exordium Thugs","floor":14,"turns":1},{"damage":0,"enemies":"Slime Boss","floor":16,"turns":6},{"damage":20,"enemies":"3 Byrds","floor":18,"turns":3},{"damage":0,"enemies":"Chosen","floor":21,"turns":3},{"damage":0,"enemies":"Slavers","floor":23,"turns":1},{"damage":0,"enemies":"Shelled Parasite and Fungi","floor":25,"turns":4},{"damage":0,"enemies":"Snake Plant","floor":27,"turns":4},{"damage":0,"enemies":"Centurion and Healer","floor":28,"turns":3},{"damage":0,"enemies":"Gremlin Leader","floor":29,"turns":6},{"damage":0,"enemies":"Cultist and Chosen","floor":31,"turns":4},{"damage":66,"enemies":"Collector","floor":33,"turns":12}],"seed_played":"-2208481955638643838","potions_obtained":[{"floor":1,"key":"PowerPotion"},{"floor":3,"key":"LiquidBronze"},{"floor":8,"key":"SpeedPotion"},{"floor":12,"key":"AttackPotion"},{"floor":14,"key":"Swift Potion"},{"floor":18,"key":"Block Potion"},{"floor":23,"key":"Swift Potion"},{"floor":25,"key":"Fire Potion"}],"is_trial":false,"path_per_floor":["M","?","M","M","M","E","R","E","T","E","R","M","$","M","R","B",null,"M","?","?","M","$","E","R","M","T","M","M","E","R","M","R","B"],"character_chosen":"DEFECT","items_purchased":["Gash","Oddly Smooth Stone"],"campfire_rested":2,"item_purchase_floors":[13,22],"current_hp_per_floor":[75,75,75,75,57,35,35,22,22,13,35,35,35,35,57,57,71,51,37,37,37,37,37,37,37,37,37,37,37,37,37,37,0],"gold":273,"neow_bonus":"THREE_ENEMY_KILL","is_prod":false,"is_daily":false,"chose_seed":false,"campfire_upgraded":4,"win_rate":0,"timestamp":1567551125,"path_taken":["M","?","M","M","M","E","R","E","T","E","R","?","$","M","R","BOSS","M","?","?","M","$","E","R","M","T","M","?","E","R","M","R","BOSS"],"build_version":"2019-07-17","purchased_purges":2,"victory":false,"max_hp_per_floor":[75,75,75,75,75,75,75,75,75,75,75,75,75,75,75,75,75,75,37,37,37,37,37,37,37,37,37,37,37,37,37,37,37],"card_choices":[{"not_picked":["Recycle","Blizzard"],"picked":"Sunder","floor":1},{"not_picked":["Blizzard","Heatsinks"],"picked":"Doom and Gloom","floor":3},{"not_picked":["Force Field","Rebound"],"picked":"Genetic Algorithm","floor":4},{"not_picked":["Reprogram","Rip and Tear"],"picked":"Hologram","floor":5},{"not_picked":["Redo","Stack"],"picked":"Hyperbeam","floor":6},{"not_picked":["Tempest","Doom and Gloom","Redo"],"picked":"SKIP","floor":8},{"not_picked":["Go for the Eyes","Electrodynamics"],"picked":"Conserve Battery","floor":10},{"not_picked":["Turbo","Consume"],"picked":"Steam","floor":12},{"not_picked":["Hologram","Cold Snap"],"picked":"Gash","floor":14},{"not_picked":["Meteor Strike","Multi-Cast"],"picked":"Seek","floor":16},{"not_picked":["Blizzard","Leap+1"],"picked":"Undo+1","floor":18},{"not_picked":["Rebound+1","Sweeping Beam+1","Streamline"],"picked":"SKIP","floor":21},{"not_picked":["Sweeping Beam","Capacitor+1"],"picked":"Fusion","floor":23},{"not_picked":["Heatsinks","Rip and Tear"],"picked":"Core Surge","floor":25},{"not_picked":["Doom and Gloom","Defragment","Heatsinks"],"picked":"SKIP","floor":27},{"not_picked":["Streamline","White Noise+1"],"picked":"Conserve Battery+1","floor":28},{"not_picked":["Conserve Battery+1","Hologram","Genetic Algorithm"],"picked":"SKIP","floor":29},{"not_picked":["Rebound","BootSequence","Stack"],"picked":"SKIP","floor":31}],"player_experience":342752,"relics_obtained":[{"floor":6,"key":"Thread and Needle"},{"floor":8,"key":"Bag of Marbles"},{"floor":9,"key":"PreservedInsect"},{"floor":10,"key":"Centennial Puzzle"},{"floor":23,"key":"Dead Branch"},{"floor":26,"key":"Smiling Mask"},{"floor":29,"key":"Ancient Tea Set"}],"event_choices":[{"damage_healed":0,"gold_gain":0,"player_choice":"0 cards matched","damage_taken":0,"max_hp_gain":0,"max_hp_loss":0,"event_name":"Match and Keep!","floor":2,"gold_loss":0,"cards_obtained":[]},{"damage_healed":0,"gold_gain":0,"player_choice":"Became a Ghost","damage_taken":0,"max_hp_gain":0,"max_hp_loss":38,"event_name":"Ghosts","floor":19,"gold_loss":0,"cards_obtained":["Ghostly","Ghostly","Ghostly","Ghostly","Ghostly"]},{"damage_healed":0,"gold_gain":100,"player_choice":"Pray","damage_taken":0,"max_hp_gain":0,"max_hp_loss":0,"event_name":"Golden Shrine","floor":20,"gold_loss":0}],"is_beta":false,"boss_relics":[{"not_picked":["Orrery","Black Star"],"picked":"Philosopher\u0027s Stone"}],"items_purged_floors":[13,22],"is_endless":false,"potions_floor_spawned":[1,3,8,12,14,18,23,25,27,31],"killed_by":"Collector","ascension_level":5}