{"gold_per_floor":[116,39,39,39,54,54,66,66,147,147,8,8,8,8,8,137,137,152,170,195,220,220,220,236,236,236,236,236,250,268,67,67,191,254,273,246,261,261,57,57,57,57,57,57,77,77,96,96,96,96],"floor_reached":51,"playtime":2861,"items_purged":[],"score":660,"play_id":"2b9e20f1-8f1c-4e96-b24f-a5abc8398bd7","local_time":"20190722192653","daily_mods":["SealedDeck"],"is_ascension_mode":false,"campfire_choices":[{"data":"Loop","floor":6,"key":"SMITH"},{"data":"Go for the Eyes","floor":8,"key":"SMITH"},{"data":"FTL","floor":10,"key":"SMITH"},{"data":"Sweeping Beam","floor":12,"key":"SMITH"},{"floor":15,"key":"REST"},{"data":"Machine Learning","floor":23,"key":"SMITH"},{"data":"Glacier","floor":25,"key":"SMITH"},{"data":"Barrage","floor":27,"key":"SMITH"},{"floor":32,"key":"REST"},{"data":"Gash","floor":40,"key":"SMITH"},{"data":"Echo Form","floor":42,"key":"SMITH"},{"data":"Reinforced Body","floor":44,"key":"SMITH"},{"floor":49,"key":"REST"}],"neow_cost":"","seed_source_timestamp":0,"circlet_count":0,"master_deck":["Gash+1","Glacier+1","Sweeping Beam+1","Barrage+1","Hello World+1","Go for the Eyes+1","Reinforced Body+1","FTL+1","Glacier+1","Glacier+1","Loop+1","Cold Snap+1","Gash+1","Core Surge+1","Machine Learning+1","Gash+1","Self Repair+1","Redo+1","Ball Lightning+1","Echo Form+1","Gash+1","Loop+1","White Noise+1"],"relics":["Cracked Core","Matryoshka","War Paint","Singing Bowl","Tiny Chest","Golden Idol","Ancient Tea Set","Anchor","Cursed Key","Nilry\u0027s Codex","Runic Capacitor","Tiny House","HandDrill","Mark of the Bloom"],"potions_floor_usage":[16,21,29,38,50,50,50],"damage_taken":[{"damage":0,"enemies":"Jaw Worm","floor":1,"turns":2},{"damage":0,"enemies":"Cultist","floor":5,"turns":3},{"damage":0,"enemies":"2 Louse","floor":7,"turns":2},{"damage":1,"enemies":"Slime Boss","floor":16,"turns":7},{"damage":0,"enemies":"Spheric Guardian","floor":18,"turns":3},{"damage":0,"enemies":"Chosen","floor":19,"turns":3},{"damage":0,"enemies":"Snecko","floor":20,"turns":4},{"damage":0,"enemies":"Cultist and Chosen","floor":21,"turns":5},{"damage":1,"enemies":"Centurion and Healer","floor":24,"turns":5},{"damage":0,"enemies":"Snake Plant","floor":29,"turns":4},{"damage":0,"enemies":"Snecko","floor":30,"turns":6},{"damage":23,"enemies":"Collector","floor":33,"turns":8},{"damage":0,"enemies":"Orb Walker","floor":35,"turns":3},{"damage":0,"enemies":"3 Shapes","floor":37,"turns":5},{"damage":5,"enemies":"Jaw Worm Horde","floor":38,"turns":3},{"damage":21,"enemies":"Spire Growth","floor":45,"turns":5},{"damage":3,"enemies":"Sphere and 2 Shapes","floor":47,"turns":4},{"damage":19,"enemies":"Awakened One","floor":50,"turns":9}],"seed_played":"-3073157458975155882","potions_obtained":[{"floor":1,"key":"SkillPotion"},{"floor":5,"key":"Regen Potion"},{"floor":19,"key":"SkillPotion"},{"floor":20,"key":"AttackPotion"},{"floor":24,"key":"Fire Potion"},{"floor":34,"key":"SmokeBomb"},{"floor":37,"key":"Dexterity Potion"},{"floor":47,"key":"FocusPotion"}],"is_trial":true,"path_per_floor":["M","$","?","?","M","R","M","R","T","R","$","R","?","T","R","B",null,"M","M","M","M","?","R","M","R","T","R","?","M","M","$","R","B",null,"M","$","M","M","$","R","?","R","T","R","M","?","M","?","R","B",null],"character_chosen":"DEFECT","items_purchased":["Loop","Core Surge","Runic Capacitor","Gash","HandDrill"],"campfire_rested":3,"item_purchase_floors":[2,11,31,36,39],"current_hp_per_floor":[75,75,57,57,57,57,57,57,57,57,57,57,39,39,61,74,75,75,77,77,77,63,63,74,74,74,74,58,58,70,70,86,73,91,93,93,95,95,95,95,95,95,95,95,84,84,91,91,91,72],"gold":96,"neow_bonus":"","is_prod":false,"is_daily":false,"chose_seed":false,"campfire_upgraded":10,"win_rate":0,"timestamp":1563820013,"path_taken":["M","$","?","?","M","R","?","R","T","R","?","R","?","?","R","BOSS","M","M","M","?","?","R","M","R","T","R","?","M","M","$","R","BOSS","M","$","M","M","$","R","?","R","T","R","M","?","M","?","R","BOSS"],"build_version":"2019-07-17","purchased_purges":0,"victory":true,"max_hp_per_floor":[75,75,75,75,75,75,75,75,75,75,75,75,75,75,75,75,75,75,77,77,77,82,82,84,84,84,84,84,84,86,86,86,86,91,93,93,95,95,95,95,95,95,95,95,95,95,95,95,95,95],"card_choices":[{"not_picked":["Hologram","Rebound","Hello World"],"picked":"SKIP","floor":1},{"not_picked":["Fusion","Streamline"],"picked":"Cold Snap","floor":5},{"not_picked":["Reprogram","Compile Driver"],"picked":"Gash","floor":7},{"not_picked":["Reboot","Thunder Strike"],"picked":"Machine Learning","floor":16},{"not_picked":["Static Discharge","Leap"],"picked":"Gash+1","floor":18},{"not_picked":["Compile Driver","Hello World","Recycle"],"picked":"Singing Bowl","floor":19},{"not_picked":["Aggregate+1","Leap+1"],"picked":"Self Repair+1","floor":20},{"not_picked":["Reinforced Body+1","Storm"],"picked":"Redo+1","floor":21},{"not_picked":["Cold Snap","Genetic Algorithm","Hologram+1"],"picked":"Singing Bowl","floor":24},{"not_picked":["Beam Cell+1","Hologram"],"picked":"Ball Lightning","floor":29},{"not_picked":["Double Energy+1","Doom and Gloom","Reinforced Body"],"picked":"Singing Bowl","floor":30},{"not_picked":["Machine Learning","Multi-Cast"],"picked":"Echo Form","floor":33},{"not_picked":["Leap","Auto Shields"],"picked":"Force Field","floor":34},{"not_picked":["Barrage","Storm","Hologram"],"picked":"Singing Bowl","floor":35},{"not_picked":["Go for the Eyes","Rebound","Steam Power+1"],"picked":"Singing Bowl","floor":37},{"not_picked":["Sunder","Recycle+1"],"picked":"Loop+1","floor":45},{"not_picked":["Beam Cell","Aggregate"],"picked":"White Noise","floor":47}],"player_experience":91015,"relics_obtained":[{"floor":9,"key":"Singing Bowl"},{"floor":9,"key":"Tiny Chest"},{"floor":14,"key":"Ancient Tea Set"},{"floor":14,"key":"Anchor"},{"floor":28,"key":"Nilry\u0027s Codex"}],"event_choices":[{"damage_healed":0,"gold_gain":0,"player_choice":"Success","damage_taken":18,"relics_obtained":["Matryoshka"],"max_hp_gain":0,"max_hp_loss":0,"event_name":"Scrap Ooze","floor":3,"gold_loss":0},{"damage_healed":0,"gold_gain":0,"player_choice":"Gave Potion","damage_taken":0,"relics_obtained":["War Paint"],"max_hp_gain":0,"max_hp_loss":0,"event_name":"WeMeetAgain","floor":4,"gold_loss":0},{"damage_healed":0,"gold_gain":0,"player_choice":"Take Damage","damage_taken":18,"relics_obtained":["Golden Idol"],"max_hp_gain":0,"max_hp_loss":0,"event_name":"Golden Idol","floor":13,"gold_loss":0},{"damage_healed":0,"gold_gain":0,"player_choice":"Shed Blood","damage_taken":19,"max_hp_gain":5,"max_hp_loss":0,"event_name":"Forgotten Altar","floor":22,"gold_loss":0},{"damage_healed":0,"gold_gain":0,"player_choice":"Obtained Book","damage_taken":16,"max_hp_gain":0,"max_hp_loss":0,"event_name":"Cursed Tome","floor":28,"gold_loss":0},{"cards_removed":["Force Field"],"damage_healed":0,"gold_gain":0,"player_choice":"Removed Skill","damage_taken":0,"max_hp_gain":0,"max_hp_loss":0,"event_name":"Falling","floor":41,"gold_loss":0},{"damage_healed":0,"gold_gain":0,"player_choice":"Ignored","damage_taken":0,"max_hp_gain":0,"max_hp_loss":0,"event_name":"Mysterious Sphere","floor":46,"gold_loss":0},{"damage_healed":0,"gold_gain":0,"player_choice":"Upgrade","damage_taken":0,"relics_obtained":["Mark of the Bloom"],"max_hp_gain":0,"max_hp_loss":0,"event_name":"MindBloom","floor":48,"gold_loss":0,"cards_upgraded":["Hello World","Cold Snap","Gash","Core Surge","Gash","White Noise"]}],"is_beta":false,"boss_relics":[{"not_picked":["Coffee Dripper","Philosopher\u0027s Stone"],"picked":"Cursed Key"},{"not_picked":["Busted Crown","Snecko Eye"],"picked":"Tiny House"}],"items_purged_floors":[],"is_endless":false,"potions_floor_spawned":[1,5,19,20,24,37,38,47],"ascension_level":0}