{"path_per_floor":["M","?","?","?","T","E","R","E","T","E","M","$","M","M","R","B",null,"M","?","M","M","$","E","R","E","T","R","E","M","$","M","R","B",null,"M","?","T","?","$","E","R","E","T","E","M","E","M","M","R","B"],"character_chosen":"THE_SILENT","items_purchased":["Pantograph","Well Laid Plans","Panache","Dramatic Entrance","Accuracy","Riddle With Holes","Medical Kit","Paper Crane","Bottled Tornado"],"gold_per_floor":[144,144,144,214,239,329,329,419,469,559,604,280,325,370,370,670,670,715,715,760,805,455,545,545,635,635,635,725,770,67,112,112,412,412,457,457,482,482,107,197,197,287,287,377,422,512,557,602,602,602],"floor_reached":51,"campfire_rested":7,"playtime":5055,"current_hp_per_floor":[70,63,68,68,68,50,72,61,61,56,56,56,56,56,75,64,75,75,75,75,75,75,75,75,73,87,89,74,74,74,63,89,89,89,89,89,89,89,89,77,89,75,75,71,75,87,89,89,89,72],"items_purged":["Catalyst","Injury","Regret"],"gold":602,"score":1066,"play_id":"28852e42-31dd-4abd-b6da-f26e4371a9dc","local_time":"20180328214549","daily_mods":["Draft","Midas","Elite Swarm"],"is_prod":false,"is_daily":true,"is_ascension_mode":false,"campfire_upgraded":0,"timestamp":1522287949,"path_taken":["M","?","?","?","?","E","R","E","T","E","M","$","M","M","R","BOSS","M","?","M","?","$","E","R","E","T","R","E","M","$","M","R","BOSS","M","?","?","?","$","E","R","E","T","E","M","E","M","M","R","BOSS"],"build_version":"2018-03-27v2","purchased_purges":3,"victory":true,"master_deck":["Infinite Blades","Flying Knee","Backstab","Poisoned Stab","Flying Knee","Backflip","Skewer","PiercingWail+1","Malaise","Bane","Blur+1","Bouncing Flask","Infinite Blades","Terror","After Image+1","After Image+1","Die Die Die","Blade Dance","Well Laid Plans+1","Dagger Throw","Envenom+1","Accuracy+1","Escape Plan","Dodge and Roll+1","Panache+1","Dramatic Entrance","Envenom+1","Envenom+1","Bullet Time","Accuracy+1","Riddle With Holes","Storm of Steel","Accuracy+1","Cloak And Dagger","Adrenaline","Regret","Adrenaline","Poisoned Stab+1","Die Die Die+1","Predator+1","Slice+1"],"max_hp_per_floor":[70,70,75,75,75,75,75,75,75,75,75,75,75,75,75,75,75,75,75,75,75,75,75,75,75,89,89,89,89,89,89,89,89,89,89,89,89,89,89,89,89,89,89,89,89,89,89,89,89,89],"relics":["Ring of the Snake","Shuriken","Oddly Smooth Stone","Frozen Egg 2","War Paint","Bag of Marbles","Bronze Scales","Pantograph","Cursed Key","Dead Branch","Vajra","Mango","Dodecahedron","Medical Kit","Paper Crane","Black Star","Dream Catcher","Bottled Tornado","Mercury Hourglass","Bottled Lightning","Meat on the Bone","Molten Egg 2","Gambling Chip","Tingsha","Bird Faced Urn","Calipers","Thread and Needle"],"card_choices":[{"not_picked":["Calculated Gamble","Outmaneuver"],"picked":"Deadly Poison","floor":0},{"not_picked":["Dash","PiercingWail"],"picked":"Infinite Blades","floor":0},{"not_picked":["Slice","PiercingWail"],"picked":"Flying Knee","floor":0},{"not_picked":["Outmaneuver","PiercingWail"],"picked":"Backstab","floor":0},{"not_picked":["Deflect","Acrobatics"],"picked":"Poisoned Stab","floor":0},{"not_picked":["Dagger Spray","Underhanded Strike"],"picked":"Flying Knee","floor":0},{"not_picked":["Dodge and Roll","Quick Slash"],"picked":"Backflip","floor":0},{"not_picked":["Backflip","Catalyst"],"picked":"Skewer","floor":0},{"not_picked":["Malaise","Endless Agony"],"picked":"PiercingWail","floor":0},{"not_picked":["Masterful Stab","Expertise"],"picked":"Malaise","floor":0},{"not_picked":["Eviscerate","Dodge and Roll"],"picked":"Bane","floor":0},{"not_picked":["Acrobatics","Eviscerate"],"picked":"Blur","floor":0},{"not_picked":["Outmaneuver","PiercingWail"],"picked":"Catalyst","floor":0},{"not_picked":["Well Laid Plans","Underhanded Strike"],"picked":"Bouncing Flask","floor":0},{"not_picked":["Slice","Acrobatics"],"picked":"Infinite Blades","floor":0},{"not_picked":["Poisoned Stab","Slice"],"picked":"Terror","floor":1},{"not_picked":["Glass Knife","Burst"],"picked":"After Image","floor":6},{"not_picked":["Night Terror","Corpse Explosion"],"picked":"After Image","floor":8},{"not_picked":["Venomology","Unload"],"picked":"Die Die Die","floor":10},{"not_picked":["Flying Knee","Dash"],"picked":"Blade Dance","floor":11},{"not_picked":["Terror","Heel Hook"],"picked":"Dagger Throw","floor":14},{"not_picked":["Grand Finale","Corpse Explosion"],"picked":"Envenom","floor":16},{"not_picked":["Noxious Fumes","Caltrops"],"picked":"Accuracy","floor":18},{"not_picked":["Noxious Fumes","Expertise"],"picked":"Dodge and Roll","floor":20},{"not_picked":["Doppelganger","Adrenaline"],"picked":"Envenom","floor":23},{"not_picked":["Die Die Die","Night Terror"],"picked":"Envenom","floor":25},{"not_picked":["Venomology","Burst"],"picked":"Bullet Time","floor":28},{"not_picked":["Die Die Die","After Image"],"picked":"Storm of Steel","floor":33},{"not_picked":["Concentrate","Flying Knee"],"picked":"Accuracy","floor":35},{"not_picked":["Outmaneuver","Deadly Poison"],"picked":"Cloak And Dagger","floor":41},{"not_picked":["Venomology","Tools of the Trade"],"picked":"Adrenaline","floor":42},{"not_picked":["Bullet Time","Venomology"],"picked":"Adrenaline","floor":44},{"not_picked":["Malaise","Bouncing Flask"],"picked":"Poisoned Stab","floor":45},{"not_picked":["Envenom","Venomology"],"picked":"Die Die Die","floor":46},{"not_picked":["Prepared","Dodge and Roll"],"picked":"Predator","floor":48},{"not_picked":["Underhanded Strike","Deflect"],"picked":"Slice","floor":49}],"player_experience":619173,"potions_floor_usage":[40,46,50,50,50,50],"damage_taken":[{"damage":0,"enemies":"Cultist","floor":1,"turns":2},{"damage":18,"enemies":"3 Sentries","floor":6,"turns":5},{"damage":11,"enemies":"Gremlin Nob","floor":8,"turns":4},{"damage":5,"enemies":"3 Sentries","floor":10,"turns":6},{"damage":0,"enemies":"2 Louse","floor":11,"turns":1},{"damage":0,"enemies":"Small Slimes","floor":13,"turns":1},{"damage":0,"enemies":"Exordium Wildlife","floor":14,"turns":3},{"damage":11,"enemies":"The Guardian","floor":16,"turns":6},{"damage":0,"enemies":"Shell Parasite","floor":18,"turns":3},{"damage":0,"enemies":"Chosen","floor":20,"turns":4},{"damage":0,"enemies":"Centurion and Healer","floor":21,"turns":5},{"damage":0,"enemies":"Gremlin Leader","floor":23,"turns":5},{"damage":2,"enemies":"Slavers","floor":25,"turns":3},{"damage":15,"enemies":"Gremlin Leader","floor":28,"turns":5},{"damage":0,"enemies":"Snecko","floor":29,"turns":3},{"damage":11,"enemies":"Snake Plant","floor":31,"turns":3},{"damage":0,"enemies":"Collector","floor":33,"turns":5},{"damage":0,"enemies":"Flame Bruiser 1 Orb","floor":35,"turns":2},{"damage":12,"enemies":"Nemesis","floor":40,"turns":7},{"damage":14,"enemies":"2 Orb Walkers","floor":42,"turns":3},{"damage":4,"enemies":"Giant Head","floor":44,"turns":4},{"damage":6,"enemies":"Orb Walker","floor":45,"turns":2},{"damage":0,"enemies":"2 Orb Walkers","floor":46,"turns":3},{"damage":0,"enemies":"Spire Growth","floor":47,"turns":2},{"damage":0,"enemies":"Sphere and 2 Shapes","floor":48,"turns":1},{"damage":17,"enemies":"Time Eater","floor":50,"turns":6}],"event_choices":[{"event_name":"Scrap Ooze","player_choice":"success","floor":2,"damage_taken":7},{"event_name":"Big Fish","player_choice":"Donut","floor":3,"damage_taken":0},{"event_name":"Golden Wing","player_choice":"Gained Gold","floor":4,"damage_taken":0},{"event_name":"Match and Keep!","player_choice":"1 cards matched","floor":19,"damage_taken":0},{"event_name":"Wheel of Change","player_choice":"Full Heal","floor":38,"damage_taken":0}],"boss_relics":[{"not_picked":["Eternal Feather","Ectoplasm"],"picked":"Cursed Key"},{"not_picked":["Orrery","White Beast Statue"],"picked":"Black Star"}],"potions_floor_spawned":[6,8,13,23,28,29,31,35,44,45,46],"seed_played":"-5446097650958542841","ascension_level":0,"is_trial":false}