{"gold_per_floor":[109,123,123,142,142,142,172,172,172,206,218,268,268,282,282,358,358,368,368],"floor_reached":19,"playtime":969,"items_purged":[],"score":354,"play_id":"8d7b00f2-5da3-488f-8c99-76dbfdf739ea","local_time":"20190309153704","is_ascension_mode":true,"campfire_choices":[{"data":"Dualcast","floor":6,"key":"SMITH"},{"floor":8,"key":"REST"},{"data":"Hologram","floor":13,"key":"SMITH"},{"data":"Capacitor","floor":15,"key":"SMITH"}],"neow_cost":"NONE","seed_source_timestamp":2213926698583900,"circlet_count":0,"master_deck":["AscendersBane","Strike_B","Strike_B","Strike_B","Strike_B","Defend_B","Defend_B","Defend_B","Defend_B","Zap+1","Dualcast+1","Hologram+1","Conserve Battery","Capacitor+1","Conserve Battery","Multi-Cast","Glacier"],"relics":["Cracked Core","Dead Branch","Bird Faced Urn","Incense Burner","Matryoshka","Philosopher\u0027s Stone"],"potions_floor_usage":[10,16,16],"damage_taken":[{"damage":0,"enemies":"2 Louse","floor":1,"turns":1},{"damage":9,"enemies":"Jaw Worm","floor":2,"turns":3},{"damage":1,"enemies":"Cultist","floor":4,"turns":3},{"damage":23,"enemies":"Lagavulin","floor":7,"turns":7},{"damage":26,"enemies":"3 Sentries","floor":10,"turns":7},{"damage":4,"enemies":"Looter","floor":11,"turns":3},{"damage":5,"enemies":"Lots of Slimes","floor":14,"turns":5},{"damage":31,"enemies":"The Guardian","floor":16,"turns":15},{"damage":34,"enemies":"Shell Parasite","floor":18,"turns":8},{"damage":33,"enemies":"3 Byrds","floor":19,"turns":2}],"seed_played":"4947871668924829950","potions_obtained":[{"floor":4,"key":"Ancient Potion"},{"floor":7,"key":"SkillPotion"},{"floor":10,"key":"Poison Potion"},{"floor":14,"key":"Weak Potion"}],"is_trial":false,"path_per_floor":["M","M","?","M","?","R","E","R","T","E","M","?","R","M","R","B",null,"M","M"],"character_chosen":"DEFECT","items_purchased":[],"campfire_rested":1,"item_purchase_floors":[],"current_hp_per_floor":[71,62,62,61,61,61,38,61,61,45,43,43,43,40,40,11,61,29,0],"gold":368,"neow_bonus":"TEN_PERCENT_HP_BONUS","is_prod":false,"is_daily":false,"chose_seed":false,"campfire_upgraded":3,"win_rate":0,"timestamp":1552174624,"path_taken":["M","M","?","M","?","R","E","R","T","E","?","?","R","M","R","BOSS","M","?"],"build_version":"2019-01-23","purchased_purges":0,"victory":false,"max_hp_per_floor":[78,78,78,78,78,78,78,78,78,78,78,78,78,78,78,78,78,78,78],"card_choices":[{"not_picked":["Gash","Chaos"],"picked":"Hologram","floor":1},{"not_picked":["Darkness","Storm","Auto Shields"],"picked":"SKIP","floor":2},{"not_picked":["Rebound","Double Energy"],"picked":"Conserve Battery","floor":4},{"not_picked":["Turbo","Darkness"],"picked":"Capacitor","floor":7},{"not_picked":["Reprogram","Turbo"],"picked":"Conserve Battery","floor":10},{"not_picked":["Steam","Streamline","Static Discharge"],"picked":"SKIP","floor":11},{"not_picked":["Gash","Conserve Battery","Steam"],"picked":"SKIP","floor":14},{"not_picked":["Rainbow","Meteor Strike"],"picked":"Multi-Cast","floor":16},{"not_picked":["Stack+1","Skim"],"picked":"Glacier","floor":18}],"player_experience":1050649,"relics_obtained":[{"floor":7,"key":"Bird Faced Urn"},{"floor":9,"key":"Incense Burner"},{"floor":10,"key":"Matryoshka"}],"event_choices":[{"damage_healed":0,"gold_gain":0,"player_choice":"Grow","damage_taken":0,"max_hp_gain":0,"max_hp_loss":0,"event_name":"Living Wall","floor":3,"gold_loss":0,"cards_upgraded":["Zap"]},{"damage_healed":0,"gold_gain":0,"player_choice":"Gave Potion","damage_taken":0,"relics_obtained":["Dead Branch"],"max_hp_gain":0,"max_hp_loss":0,"event_name":"WeMeetAgain","floor":5,"gold_loss":0},{"damage_healed":0,"gold_gain":50,"player_choice":"Pray","damage_taken":0,"max_hp_gain":0,"max_hp_loss":0,"event_name":"Golden Shrine","floor":12,"gold_loss":0}],"is_beta":false,"boss_relics":[{"not_picked":["Tiny House","Snecko Eye"],"picked":"Philosopher\u0027s Stone"}],"items_purged_floors":[],"is_endless":false,"potions_floor_spawned":[4,7,10,14],"killed_by":"3 Byrds","ascension_level":20}