{"gold_per_floor":[118,138,18,18,18,18,46,57,128,148,148,175,193,268,268,371,371,388,388,338,38,57,83,95,135,147,175,203,3,15,29,29,124,124,144,144,124,89,105,130,146,48,48,78,98,98,98,132,132,132],"floor_reached":50,"playtime":1947,"items_purged":["Normality","Writhe","Strike_P"],"score":750,"play_id":"e47cc857-4146-459d-8162-bbf07ad61616","local_time":"20190913222916","is_ascension_mode":true,"campfire_choices":[{"data":"Conclude","floor":6.0,"key":"SMITH"},{"data":"FlyingSleeves","floor":11.0,"key":"SMITH"},{"floor":15.0,"key":"REST"},{"floor":24.0,"key":"REST"},{"data":"ForeignInfluence","floor":32.0,"key":"SMITH"},{"floor":49,"key":"REST"}],"neow_cost":"CURSE","seed_source_timestamp":24758382212600,"circlet_count":0,"master_deck":["Strike_P+1","Strike_P+1","Defend_P","Defend_P","Eruption","Vigilance","Conclude+1","Crescendo","Crescendo","Blasphemy","EmptyMind","FlyingSleeves+1","MasterReality","ForeignInfluence+1","FlurryOfBlows","Ragnarok","FlyingSleeves+1","EmptyMind","SpiritShield+1","Weave","Collect","Apotheosis","CutThroughFate","Protect","SpiritShield","CutThroughFate+1","FlurryOfBlows","Finesse","Dramatic Entrance"],"special_seed":0,"relics":["HolyWater","Ginger","Dream Catcher","Matryoshka","MealTicket","Busted Crown","Gambling Chip","Chemical X","MawBank","Strawberry","Bag of Preparation","Centennial Puzzle","Smiling Mask","Pear","Omamori","Whetstone","Anchor"],"potions_floor_usage":[40,40,41,44,48,50],"damage_taken":[{"damage":2.0,"enemies":"2 Louse","floor":1.0,"turns":4.0},{"damage":2.0,"enemies":"Jaw Worm","floor":2.0,"turns":4.0},{"damage":19.0,"enemies":"Lagavulin","floor":7.0,"turns":6.0},{"damage":0.0,"enemies":"Cultist","floor":8.0,"turns":2.0},{"damage":0.0,"enemies":"2 Fungi Beasts","floor":10.0,"turns":1.0},{"damage":22.0,"enemies":"3 Sentries","floor":12.0,"turns":5.0},{"damage":0.0,"enemies":"Large Slime","floor":13.0,"turns":3.0},{"damage":6.0,"enemies":"The Guardian","floor":16.0,"turns":13.0},{"damage":24.0,"enemies":"Chosen","floor":18.0,"turns":2.0},{"damage":23.0,"enemies":"2 Thieves","floor":22.0,"turns":3.0},{"damage":13.0,"enemies":"Gremlin Leader","floor":23.0,"turns":3.0},{"damage":29.0,"enemies":"Slavers","floor":25.0,"turns":2.0},{"damage":0.0,"enemies":"Snake Plant","floor":27.0,"turns":1.0},{"damage":0.0,"enemies":"Shelled Parasite and Fungi","floor":28.0,"turns":1.0},{"damage":0.0,"enemies":"Centurion and Healer","floor":30.0,"turns":2.0},{"damage":0.0,"enemies":"Sentry and Sphere","floor":31.0,"turns":3.0},{"damage":10,"enemies":"Champ","floor":33,"turns":8},{"damage":12,"enemies":"Orb Walker","floor":35,"turns":4},{"damage":0,"enemies":"3 Shapes","floor":39,"turns":5},{"damage":52,"enemies":"Giant Head","floor":40,"turns":6},{"damage":0,"enemies":"Maw","floor":41,"turns":4},{"damage":10,"enemies":"Nemesis","floor":44,"turns":5},{"damage":0,"enemies":"Jaw Worm Horde","floor":45,"turns":2},{"damage":0,"enemies":"Reptomancer","floor":48,"turns":3},{"damage":67,"enemies":"Awakened One","floor":50,"turns":3}],"seed_played":"4196248517565467155","potions_obtained":[{"floor":1.0,"key":"Poison Potion"},{"floor":2.0,"key":"Ancient Potion"},{"floor":13.0,"key":"Swift Potion"},{"floor":16.0,"key":"Explosive Potion"},{"floor":22.0,"key":"SteroidPotion"},{"floor":25.0,"key":"LiquidBronze"},{"floor":28.0,"key":"DuplicationPotion"},{"floor":35,"key":"Strength Potion"},{"floor":37,"key":"Energy Potion"},{"floor":39,"key":"Regen Potion"},{"floor":45,"key":"AttackPotion"},{"floor":48,"key":"Dexterity Potion"}],"is_trial":false,"path_per_floor":["M","M","$","?","$","R","E","M","T","M","R","E","M","?","R","B",null,"M","?","?","$","M","E","R","E","T","M","M","$","M","M","R","B",null,"M","?","?","$","M","E","M","$","T","E","M","?","?","E","R","B"],"character_chosen":"WATCHER","items_purchased":["Crescendo","Chemical X","EmptyMind","Apotheosis","CutThroughFate","SpiritShield","Block Potion"],"campfire_rested":3,"item_purchase_floors":[3,21,21,29,29,38,42],"current_hp_per_floor":[63,61,61,54,54,54,35,35,35,35,35,13,13,2,21,15,65,41,41,41,56,33,20,39,17,17,17,17,32,32,32,32,22,72,60,60,60,72,72,20,32,47,57,47,47,42,42,42,66,0],"gold":132,"neow_bonus":"ONE_RARE_RELIC","is_prod":false,"is_daily":false,"chose_seed":false,"campfire_upgraded":3,"win_rate":0,"timestamp":1568428156,"path_taken":["M","M","$","?","?","R","E","M","T","M","R","E","?","?","R","BOSS","M","?","?","$","?","E","R","E","T","M","M","$","M","?","R","BOSS","M","?","?","$","M","E","?","$","T","E","M","?","?","E","R","BOSS"],"build_version":"2019-09-12","purchased_purges":3,"victory":false,"max_hp_per_floor":[65,65,65,65,65,65,65,65,65,65,65,65,65,65,65,65,65,65,65,65,65,65,65,65,72,72,72,72,72,72,72,72,72,72,72,72,72,72,72,72,72,72,82,82,82,82,82,82,82,82],"card_choices":[{"not_picked":["SandsOfTime","Halt"],"picked":"Conclude","floor":1.0},{"not_picked":["EmptyBody","EmptyMind"],"picked":"Crescendo","floor":2.0},{"not_picked":["Scrawl","Halt"],"picked":"Blasphemy","floor":7.0},{"not_picked":["InnerPeace","Weave"],"picked":"EmptyMind","floor":8.0},{"not_picked":["Clarity","Prostrate"],"picked":"FlyingSleeves","floor":10.0},{"not_picked":["Consecrate","Protect"],"picked":"MasterReality","floor":12.0},{"not_picked":["FlurryOfBlows","CutThroughFate"],"picked":"ForeignInfluence","floor":13.0},{"not_picked":["Sanctity","CrushJoints"],"picked":"FlurryOfBlows","floor":15.0},{"not_picked":["LessonLearned","Blasphemy"],"picked":"Ragnarok","floor":16.0},{"not_picked":[],"picked":"FlyingSleeves+1","floor":18.0},{"not_picked":["Conclude"],"picked":"SKIP","floor":22.0},{"not_picked":[],"picked":"SpiritShield+1","floor":23.0},{"not_picked":[],"picked":"Weave","floor":24.0},{"not_picked":[],"picked":"Collect","floor":25.0},{"not_picked":["ThirdEye"],"picked":"SKIP","floor":27.0},{"not_picked":["MentalFortress"],"picked":"SKIP","floor":28.0},{"not_picked":[],"picked":"Protect","floor":30.0},{"not_picked":["Prostrate"],"picked":"SKIP","floor":31.0},{"not_picked":["FearNoEvil+1"],"picked":"SKIP","floor":35},{"not_picked":["Crescendo"],"picked":"SKIP","floor":39},{"not_picked":["Halt"],"picked":"SKIP","floor":40},{"not_picked":["JustLucky+1"],"picked":"SKIP","floor":41},{"not_picked":[],"picked":"CutThroughFate+1","floor":44},{"not_picked":[],"picked":"FlurryOfBlows","floor":45},{"not_picked":[],"picked":"Finesse","floor":46},{"not_picked":[],"picked":"Dramatic Entrance","floor":46},{"not_picked":["BowlingBash"],"picked":"SKIP","floor":48}],"player_experience":786062,"relics_obtained":[{"floor":7.0,"key":"Dream Catcher"},{"floor":9.0,"key":"Matryoshka"},{"floor":12.0,"key":"MealTicket"},{"floor":23.0,"key":"MawBank"},{"floor":25.0,"key":"Strawberry"},{"floor":26.0,"key":"Bag of Preparation"},{"floor":26.0,"key":"Centennial Puzzle"},{"floor":40,"key":"Smiling Mask"},{"floor":43,"key":"Pear"},{"floor":43,"key":"Omamori"},{"floor":44,"key":"Whetstone"},{"floor":48,"key":"Anchor"}],"event_choices":[{"cards_removed":["Strike_P"],"damage_healed":0.0,"max_hp_gain":0.0,"max_hp_loss":0.0,"gold_gain":0.0,"event_name":"Golden Wing","player_choice":"Card Removal","floor":4.0,"gold_loss":0.0,"damage_taken":7.0},{"damage_healed":0.0,"max_hp_gain":0.0,"max_hp_loss":0.0,"gold_gain":75.0,"event_name":"World of Goop","player_choice":"Gather Gold","floor":14.0,"gold_loss":0.0,"damage_taken":11.0},{"damage_healed":0.0,"max_hp_gain":0.0,"max_hp_loss":0.0,"gold_gain":0.0,"event_name":"The Mausoleum","player_choice":"Opened","floor":19.0,"gold_loss":0.0,"damage_taken":0.0,"relics_obtained":["Gambling Chip"],"cards_obtained":["Writhe"]},{"damage_healed":0.0,"max_hp_gain":0.0,"max_hp_loss":0.0,"gold_gain":0.0,"event_name":"The Joust","player_choice":"Bet on Murderer","floor":20.0,"gold_loss":50.0,"damage_taken":0.0},{"cards_removed":["Defend_P"],"damage_healed":0,"gold_gain":0,"player_choice":"Removed Skill","damage_taken":0,"max_hp_gain":0,"max_hp_loss":0,"event_name":"Falling","floor":36,"gold_loss":0},{"damage_healed":0,"gold_gain":0,"player_choice":"Bought 1 Potion","damage_taken":0,"max_hp_gain":0,"max_hp_loss":0,"event_name":"The Woman in Blue","floor":37,"gold_loss":0},{"damage_healed":0,"gold_gain":0,"player_choice":"Memory 2","damage_taken":5,"max_hp_gain":0,"max_hp_loss":0,"event_name":"SensoryStone","floor":46,"gold_loss":0},{"cards_removed":["Defend_P"],"damage_healed":0,"gold_gain":0,"player_choice":"Purged","damage_taken":0,"max_hp_gain":0,"max_hp_loss":0,"event_name":"Purifier","floor":47,"gold_loss":0}],"is_beta":true,"boss_relics":[{"not_picked":["Fusion Hammer","Empty Cage"],"picked":"Busted Crown"},{"not_picked":["Astrolabe","Velvet Choker"],"picked":"HolyWater"}],"items_purged_floors":[3,21,42],"is_endless":false,"potions_floor_spawned":[1,2,13,16,22,25,28,35,39,45,48],"killed_by":"Awakened One","ascension_level":3}