{"gold_per_floor":[109,124,138,148,167,195,195,227,252,266,282,282,300,320,320,418,418,434,434,132,143,155,155],"floor_reached":23,"playtime":1065,"items_purged":["Strike_P"],"score":314,"play_id":"b7041ebf-cac5-4431-8886-99f8cd583efb","local_time":"20190915214712","is_ascension_mode":true,"campfire_choices":[{"floor":7.0,"key":"REST"},{"floor":12.0,"key":"REST"},{"floor":15.0,"key":"REST"}],"neow_cost":"NONE","seed_source_timestamp":87944273730252,"circlet_count":0,"master_deck":["AscendersBane","Strike_P","Strike_P","Strike_P","Defend_P+1","Defend_P","Defend_P","Defend_P+1","Eruption","Vigilance+1","Devotion+1","InnerPeace","Conclude","EmptyMind","Consecrate","FearNoEvil","SandsOfTime","CutThroughFate","Protect","LessonLearned+1","Sanctity","BattleHymn","Devotion","ThirdEye+1","Protect+1"],"special_seed":0,"relics":["PureWater","NeowsBlessing","Dream Catcher","Blood Vial","Omamori","Velvet Choker","Membership Card","PreservedInsect"],"potions_floor_usage":[23,23],"damage_taken":[{"damage":0.0,"enemies":"Cultist","floor":1.0,"turns":1.0},{"damage":0.0,"enemies":"Jaw Worm","floor":2.0,"turns":1.0},{"damage":0.0,"enemies":"Small Slimes","floor":3.0,"turns":1.0},{"damage":11.0,"enemies":"Exordium Thugs","floor":4.0,"turns":5.0},{"damage":6.0,"enemies":"Blue Slaver","floor":5.0,"turns":4.0},{"damage":23.0,"enemies":"Gremlin Nob","floor":6.0,"turns":4.0},{"damage":22.0,"enemies":"3 Sentries","floor":8.0,"turns":5.0},{"damage":5.0,"enemies":"Red Slaver","floor":10.0,"turns":5.0},{"damage":9.0,"enemies":"Looter","floor":11.0,"turns":3.0},{"damage":2.0,"enemies":"3 Louse","floor":13.0,"turns":3.0},{"damage":5.0,"enemies":"Large Slime","floor":14.0,"turns":5.0},{"damage":4.0,"enemies":"Slime Boss","floor":16.0,"turns":9.0},{"damage":26.0,"enemies":"Shell Parasite","floor":18.0,"turns":11.0},{"damage":18.0,"enemies":"2 Thieves","floor":21.0,"turns":4.0},{"damage":3.0,"enemies":"Snake Plant","floor":22.0,"turns":5.0},{"damage":20,"enemies":"Book of Stabbing","floor":23,"turns":4}],"seed_played":"-1065191656145614648","potions_obtained":[{"floor":2.0,"key":"Dexterity Potion"},{"floor":3.0,"key":"Block Potion"},{"floor":4.0,"key":"Swift Potion"},{"floor":8.0,"key":"SpeedPotion"},{"floor":11.0,"key":"SkillPotion"},{"floor":16.0,"key":"EssenceOfSteel"},{"floor":18.0,"key":"SkillPotion"},{"floor":21.0,"key":"Dexterity Potion"},{"floor":22.0,"key":"Explosive Potion"}],"is_trial":false,"path_per_floor":["M","M","M","M","M","E","R","E","T","M","M","R","M","M","R","B",null,"M","?","$","M","M","E"],"character_chosen":"WATCHER","items_purchased":["Membership Card","PreservedInsect","Devotion","ThirdEye"],"campfire_rested":3,"item_purchase_floors":[20,20,20,20],"current_hp_per_floor":[59,59,59,48,42,19,38,16,16,13,6,25,25,22,41,39,59,35,35,35,19,18,0],"gold":155,"neow_bonus":"THREE_ENEMY_KILL","is_prod":false,"is_daily":false,"chose_seed":false,"campfire_upgraded":0,"win_rate":0,"timestamp":1568551632,"path_taken":["M","M","M","M","M","E","R","E","T","M","M","R","M","M","R","BOSS","M","?","$","?","M","E"],"build_version":"2019-09-12","purchased_purges":1,"victory":false,"max_hp_per_floor":[65,65,65,65,65,65,65,65,65,65,65,65,65,65,65,65,65,65,65,65,65,65,65],"card_choices":[{"not_picked":["CutThroughFate","Clarity"],"picked":"Devotion","floor":1.0},{"not_picked":["Clarity","Prostrate"],"picked":"InnerPeace","floor":2.0},{"not_picked":["ClearTheMind","Swivel"],"picked":"Conclude","floor":3.0},{"not_picked":["FollowUp","FlyingSleeves"],"picked":"EmptyMind","floor":4.0},{"not_picked":["Meditate","Collect"],"picked":"Consecrate","floor":5.0},{"not_picked":["Consecrate","TalkToTheHand"],"picked":"FearNoEvil","floor":6.0},{"not_picked":["Judgement","CutThroughFate"],"picked":"SandsOfTime","floor":7.0},{"not_picked":["Collect","EmptyFist","Consecrate"],"picked":"SKIP","floor":8.0},{"not_picked":["FollowUp","EmptyFist","FlyingSleeves"],"picked":"SKIP","floor":10.0},{"not_picked":["Fasting","BowlingBash"],"picked":"CutThroughFate","floor":11.0},{"not_picked":["FollowUp","EmptyMind"],"picked":"Protect","floor":12.0},{"not_picked":["CutThroughFate","Halt"],"picked":"LessonLearned","floor":13.0},{"not_picked":["FollowUp","EmptyBody","Halt"],"picked":"SKIP","floor":14.0},{"not_picked":["FlurryOfBlows","Protect"],"picked":"Sanctity","floor":15.0},{"not_picked":["LessonLearned","Nirvana"],"picked":"BattleHymn","floor":16.0},{"not_picked":["Crescendo","FlyingSleeves","JustLucky"],"picked":"SKIP","floor":18.0},{"not_picked":["Metaphysics","SpiritShield"],"picked":"Protect+1","floor":21.0},{"not_picked":["ThirdEye","Devotion","FlyingSleeves+1"],"picked":"SKIP","floor":22.0}],"player_experience":640873,"relics_obtained":[{"floor":6.0,"key":"Dream Catcher"},{"floor":8.0,"key":"Blood Vial"},{"floor":9.0,"key":"Omamori"}],"event_choices":[{"damage_healed":0.0,"max_hp_gain":0.0,"max_hp_loss":0.0,"gold_gain":0.0,"event_name":"Upgrade Shrine","player_choice":"Upgraded","floor":19.0,"gold_loss":0.0,"damage_taken":0.0,"cards_upgraded":["Vigilance"]}],"is_beta":true,"boss_relics":[{"not_picked":["Runic Pyramid","Black Star"],"picked":"Velvet Choker"}],"items_purged_floors":[20],"is_endless":false,"potions_floor_spawned":[2,3,4,8,11,16,18,21,22],"killed_by":"Book of Stabbing","ascension_level":10}