{"gold_per_floor":[219,219,67,82,47,125,137,155,155,186,186,219,231,245,245,343,343,354,367,402,419,117,148,148,167,167,167],"floor_reached":27,"playtime":1383,"items_purged":["Strike_G","Strike_G"],"score":417,"play_id":"9bd3086e-81f6-49e5-8604-0f0147e4a73c","local_time":"20190414220431","is_ascension_mode":true,"campfire_choices":[{"data":"Envenom","floor":11,"key":"SMITH"},{"data":"Crippling Poison","floor":15,"key":"SMITH"},{"data":"Noxious Fumes","floor":24,"key":"SMITH"}],"neow_cost":"NONE","seed_source_timestamp":268957189582137,"circlet_count":0,"master_deck":["AscendersBane","Defend_G","Defend_G","Defend_G","Defend_G","Defend_G","Strike_G","Strike_G","Survivor","Neutralize","Dodge and Roll","Well Laid Plans","Crippling Poison+1","Flechettes","Envenom+1","Backstab","Leg Sweep","Backflip","Tools of the Trade","Dodge and Roll","Bane","Noxious Fumes+1","Blade Dance"],"relics":["Ring of the Snake","Singing Bowl","Ninja Scroll","Kunai","Anchor","Black Star","Red Mask","OrangePellets","Lantern","Question Card","Pear"],"potions_floor_usage":[20,23,27,27],"damage_taken":[{"damage":1,"enemies":"2 Louse","floor":1,"turns":4},{"damage":11,"enemies":"Cultist","floor":4,"turns":6},{"damage":0,"enemies":"Jaw Worm","floor":7,"turns":8},{"damage":5,"enemies":"Blue Slaver","floor":8,"turns":4},{"damage":24,"enemies":"Gremlin Nob","floor":10,"turns":5},{"damage":11,"enemies":"3 Sentries","floor":12,"turns":14},{"damage":0,"enemies":"Large Slime","floor":13,"turns":6},{"damage":0,"enemies":"3 Louse","floor":14,"turns":4},{"damage":4,"enemies":"Hexaghost","floor":16,"turns":12},{"damage":0,"enemies":"Shell Parasite","floor":18,"turns":8},{"damage":4,"enemies":"3 Byrds","floor":19,"turns":4},{"damage":6,"enemies":"Masked Bandits","floor":20,"turns":8},{"damage":0,"enemies":"Cultist and Chosen","floor":21,"turns":8},{"damage":11,"enemies":"Slavers","floor":23,"turns":8},{"damage":7,"enemies":"3 Cultists","floor":25,"turns":5},{"damage":43,"enemies":"Book of Stabbing","floor":27,"turns":9}],"seed_played":"5213162227327565950","potions_obtained":[{"floor":1,"key":"Block Potion"},{"floor":8,"key":"Ancient Potion"},{"floor":12,"key":"Fire Potion"},{"floor":16,"key":"Dexterity Potion"},{"floor":20,"key":"FearPotion"},{"floor":25,"key":"Block Potion"}],"is_trial":false,"path_per_floor":["M","?","$","M","?","T","M","M","T","E","R","E","M","M","R","B",null,"M","M","?","M","$","E","R","M","T","E"],"character_chosen":"THE_SILENT","items_purchased":["Well Laid Plans","OrangePellets"],"campfire_rested":0,"item_purchase_floors":[3,22],"current_hp_per_floor":[62,62,62,51,68,68,68,63,63,39,39,28,30,30,30,26,61,61,57,51,53,53,44,44,37,47,4],"gold":167,"neow_bonus":"HUNDRED_GOLD","is_prod":false,"is_daily":false,"chose_seed":false,"campfire_upgraded":3,"win_rate":0,"timestamp":1555301071,"path_taken":["M","?","$","?","?","?","M","M","T","E","R","E","M","M","R","BOSS","M","M","?","M","$","E","R","M","T","E"],"build_version":"2019-01-23","purchased_purges":2,"victory":false,"max_hp_per_floor":[70,70,70,70,70,70,70,70,70,70,70,70,72,72,72,72,72,72,72,72,74,74,76,76,76,86,86],"card_choices":[{"not_picked":["Flying Knee","Quick Slash"],"picked":"Dodge and Roll","floor":1},{"not_picked":["Leg Sweep","Quick Slash"],"picked":"Crippling Poison","floor":4},{"not_picked":["Well Laid Plans","Backflip"],"picked":"Flechettes","floor":7},{"not_picked":["Dagger Throw","Acrobatics"],"picked":"Envenom","floor":8},{"not_picked":["PiercingWail","Slice"],"picked":"Backstab","floor":10},{"not_picked":["Prepared","Tactician"],"picked":"Leg Sweep","floor":12},{"not_picked":["Heel Hook","Outmaneuver","Dodge and Roll"],"picked":"Singing Bowl","floor":13},{"not_picked":["Skewer","Quick Slash"],"picked":"Backflip","floor":14},{"not_picked":["Corpse Explosion","Adrenaline"],"picked":"Tools of the Trade","floor":16},{"not_picked":["Calculated Gamble","Prepared"],"picked":"Dodge and Roll","floor":18},{"not_picked":["Poisoned Stab","Catalyst+1"],"picked":"Bane","floor":19},{"not_picked":["Heel Hook","Dash"],"picked":"Noxious Fumes","floor":20},{"not_picked":["Well Laid Plans","Outmaneuver","Quick Slash"],"picked":"Singing Bowl","floor":21},{"not_picked":["Dagger Throw","Dodge and Roll","Corpse Explosion"],"picked":"Singing Bowl","floor":23},{"not_picked":["Underhanded Strike","Concentrate","Backstab"],"picked":"Blade Dance","floor":25}],"player_experience":511896,"relics_obtained":[{"floor":6,"key":"Singing Bowl"},{"floor":9,"key":"Ninja Scroll"},{"floor":10,"key":"Kunai"},{"floor":12,"key":"Anchor"},{"floor":20,"key":"Red Mask"},{"floor":23,"key":"Lantern"},{"floor":23,"key":"Question Card"},{"floor":26,"key":"Pear"}],"event_choices":[{"cards_removed":["Strike_G"],"damage_healed":0,"gold_gain":0,"player_choice":"Offered Basic","damage_taken":0,"max_hp_gain":0,"max_hp_loss":0,"event_name":"Bonfire Elementals","floor":2,"gold_loss":0},{"damage_healed":17,"gold_gain":0,"player_choice":"Healed","damage_taken":0,"max_hp_gain":0,"max_hp_loss":0,"event_name":"The Cleric","floor":5,"gold_loss":35},{"damage_healed":0,"gold_gain":0,"player_choice":"Fought Bandits","damage_taken":0,"max_hp_gain":0,"max_hp_loss":0,"event_name":"Masked Bandits","floor":20,"gold_loss":0}],"is_beta":false,"boss_relics":[{"not_picked":["Sozu","Lizard Tail"],"picked":"Black Star"}],"items_purged_floors":[3,22],"is_endless":false,"potions_floor_spawned":[1,8,12,16,19,20,25],"killed_by":"Book of Stabbing","ascension_level":12}