{"gold_per_floor":[366,331,110,110,127,127,161,161,238,258,258],"floor_reached":11,"playtime":347,"items_purged":["Strike_G"],"score":114,"play_id":"feb57e4f-9d78-412b-b44d-35ed15cfcb5c","local_time":"20190414163741","is_ascension_mode":true,"campfire_choices":[{"data":"Footwork","floor":6,"key":"SMITH"},{"data":"Neutralize","floor":8,"key":"SMITH"}],"neow_cost":"PERCENT_DAMAGE","seed_source_timestamp":250382307686298,"circlet_count":0,"master_deck":["AscendersBane","Defend_G+1","Defend_G","Defend_G","Defend_G+1","Defend_G","Strike_G","Strike_G","Strike_G","Strike_G","Survivor","Neutralize+1","Footwork+1","Dodge and Roll","PiercingWail","Cloak And Dagger"],"relics":["Ring of the Snake","Omamori","Kunai","Bottled Lightning"],"potions_floor_usage":[7,11],"damage_taken":[{"damage":1,"enemies":"Jaw Worm","floor":1,"turns":7},{"damage":7,"enemies":"Cultist","floor":5,"turns":8},{"damage":10,"enemies":"3 Sentries","floor":7,"turns":14},{"damage":0,"enemies":"Small Slimes","floor":10,"turns":6},{"damage":27,"enemies":"Gremlin Nob","floor":11,"turns":8}],"seed_played":"-1245794585830510374","potions_obtained":[{"floor":1,"key":"Swift Potion"},{"floor":5,"key":"Explosive Potion"}],"is_trial":false,"path_per_floor":["M","?","$","?","M","R","E","R","T","M","E"],"character_chosen":"THE_SILENT","items_purchased":["Omamori"],"campfire_rested":0,"item_purchase_floors":[3],"current_hp_per_floor":[44,61,61,47,40,40,30,30,30,30,3],"gold":258,"neow_bonus":"TWO_FIFTY_GOLD","is_prod":false,"is_daily":false,"chose_seed":false,"campfire_upgraded":2,"win_rate":0,"timestamp":1555281461,"path_taken":["M","?","$","?","M","R","E","R","T","M","E"],"build_version":"2019-01-23","purchased_purges":1,"victory":false,"max_hp_per_floor":[70,70,70,70,70,70,70,70,70,70,70],"card_choices":[{"not_picked":["Blur","Flying Knee"],"picked":"Footwork","floor":1},{"not_picked":["Quick Slash","Backflip"],"picked":"Dodge and Roll","floor":5},{"not_picked":["Doppelganger","Outmaneuver"],"picked":"PiercingWail","floor":7},{"not_picked":["PiercingWail","Prepared"],"picked":"Cloak And Dagger","floor":10}],"player_experience":509741,"relics_obtained":[{"floor":7,"key":"Kunai"},{"floor":9,"key":"Bottled Lightning"}],"event_choices":[{"damage_healed":17,"gold_gain":0,"player_choice":"Healed","damage_taken":0,"max_hp_gain":0,"max_hp_loss":0,"event_name":"The Cleric","floor":2,"gold_loss":35},{"damage_healed":0,"gold_gain":0,"player_choice":"Entered Light","damage_taken":14,"max_hp_gain":0,"max_hp_loss":0,"event_name":"Shining Light","floor":4,"gold_loss":0,"cards_upgraded":["Defend_G","Defend_G"]}],"is_beta":false,"boss_relics":[],"items_purged_floors":[3],"is_endless":false,"potions_floor_spawned":[1,5],"killed_by":"Gremlin Nob","ascension_level":12}