{"gold_per_floor":[110,110,124,138,70,70,70,70,70,70,80,91,15,45,45,146,146,165,179,179,104,26,26,44,56,56,72,86,115,133,146,146,246,246,261,261,361,380,393,393,412,412,412,422,83,95,105,121,121,121],"floor_reached":51,"playtime":5417,"items_purged":["Pain","Parasite"],"score":773,"play_id":"55e9c733-55c9-4bdf-90a9-18dde95158f6","local_time":"20190810221049","is_ascension_mode":true,"campfire_choices":[{"data":"Bouncing Flask","floor":6,"key":"SMITH"},{"data":"Backstab","floor":8,"key":"SMITH"},{"data":"Noxious Fumes","floor":15,"key":"SMITH"},{"data":"Well Laid Plans","floor":23,"key":"SMITH"},{"floor":32,"key":"REST"},{"data":"Catalyst","floor":40,"key":"SMITH"},{"floor":49,"key":"REST"}],"neow_cost":"NONE","seed_source_timestamp":1116874387800,"circlet_count":0,"master_deck":["Strike_G","Defend_G","Defend_G","Defend_G","Defend_G","Defend_G","Survivor","Neutralize+1","Backstab+1","After Image","Crippling Poison","Bouncing Flask+1","Noxious Fumes+1","After Image","Dash+1","Well Laid Plans+1","Cloak And Dagger","Backflip","Catalyst+1","Corpse Explosion","Leg Sweep+1","Malaise","Cloak And Dagger+1","Blur","Noxious Fumes","A Thousand Cuts+1","Escape Plan","Leg Sweep+1","Catalyst+1","Burst","Noxious Fumes+1"],"relics":["Ring of the Snake","Pear","Velvet Choker","WarpedTongs","Bag of Preparation","Red Mask","Empty Cage","Prayer Wheel","Ornamental Fan","Frozen Egg 2","Whetstone"],"potions_floor_usage":[12,24,25,29,44,50,50,50],"damage_taken":[{"damage":0,"enemies":"2 Louse","floor":1,"turns":3},{"damage":0,"enemies":"Cultist","floor":3,"turns":5},{"damage":1,"enemies":"Jaw Worm","floor":4,"turns":5},{"damage":2,"enemies":"3 Louse","floor":11,"turns":4},{"damage":0,"enemies":"Exordium Thugs","floor":12,"turns":4},{"damage":2,"enemies":"The Guardian","floor":16,"turns":8},{"damage":4,"enemies":"3 Byrds","floor":18,"turns":4},{"damage":2,"enemies":"Spheric Guardian","floor":19,"turns":7},{"damage":7,"enemies":"Snake Plant","floor":24,"turns":4},{"damage":0,"enemies":"Cultist and Chosen","floor":25,"turns":6},{"damage":2,"enemies":"Centurion and Healer","floor":27,"turns":6},{"damage":3,"enemies":"3 Cultists","floor":28,"turns":5},{"damage":9,"enemies":"Masked Bandits","floor":29,"turns":4},{"damage":0,"enemies":"Snake Plant","floor":30,"turns":4},{"damage":2,"enemies":"Centurion and Healer","floor":31,"turns":5},{"damage":0,"enemies":"Champ","floor":33,"turns":9},{"damage":0,"enemies":"Orb Walker","floor":35,"turns":4},{"damage":0,"enemies":"Mind Bloom Boss Battle","floor":37,"turns":8},{"damage":0,"enemies":"3 Darklings","floor":38,"turns":4},{"damage":2,"enemies":"Writhing Mass","floor":39,"turns":7},{"damage":0,"enemies":"Maw","floor":41,"turns":7},{"damage":3,"enemies":"Sphere and 2 Shapes","floor":44,"turns":6},{"damage":12,"enemies":"3 Darklings","floor":46,"turns":4},{"damage":6,"enemies":"Maw","floor":47,"turns":6},{"damage":0,"enemies":"Writhing Mass","floor":48,"turns":7},{"damage":28,"enemies":"Time Eater","floor":50,"turns":7}],"seed_played":"8073634925723569555","potions_obtained":[{"floor":4,"key":"EssenceOfSteel"},{"floor":12,"key":"Ancient Potion"},{"floor":18,"key":"EssenceOfSteel"},{"floor":24,"key":"Swift Potion"},{"floor":29,"key":"Weak Potion"},{"floor":31,"key":"FearPotion"},{"floor":35,"key":"Regen Potion"},{"floor":37,"key":"SkillPotion"},{"floor":46,"key":"PowerPotion"}],"is_trial":false,"path_per_floor":["M","?","M","M","$","R","$","R","T","?","M","M","$","?","R","B",null,"M","M","?","$","$","R","M","M","T","M","M","?","M","M","R","B",null,"M","?","?","M","M","R","M","T","T","M","$","M","M","M","R","B",null],"character_chosen":"THE_SILENT","items_purchased":["Bouncing Flask","Noxious Fumes","Well Laid Plans","Escape Plan","Whetstone","Strength Potion"],"campfire_rested":2,"item_purchase_floors":[5,13,22,45,45,45],"current_hp_per_floor":[70,70,70,69,69,69,69,69,79,84,82,82,82,82,82,80,85,81,79,79,79,79,79,72,72,72,70,67,58,58,56,81,81,85,85,81,81,81,79,79,79,79,79,76,76,64,58,58,78,50],"gold":121,"neow_bonus":"REMOVE_CARD","is_prod":false,"is_daily":false,"chose_seed":false,"campfire_upgraded":5,"win_rate":0,"timestamp":1565471449,"path_taken":["M","?","?","?","$","R","$","R","T","?","M","M","$","?","R","BOSS","M","M","?","?","$","R","M","M","T","M","M","?","M","M","R","BOSS","M","?","?","M","M","R","M","?","T","M","$","M","M","M","R","BOSS"],"build_version":"2019-07-17","purchased_purges":2,"victory":true,"max_hp_per_floor":[70,70,70,70,70,70,70,70,80,85,85,85,85,85,85,85,85,85,85,85,85,85,85,85,85,85,85,85,85,85,85,85,85,85,85,81,81,81,81,81,81,81,81,81,78,78,78,78,78,78],"card_choices":[{"not_picked":["Acrobatics","Underhanded Strike"],"picked":"Backstab","floor":1},{"not_picked":["Slice","Dagger Throw"],"picked":"Crippling Poison","floor":3},{"not_picked":["Poisoned Stab","Eviscerate","Dagger Throw"],"picked":"SKIP","floor":4},{"not_picked":["Slice","Terror","Underhanded Strike"],"picked":"SKIP","floor":11},{"not_picked":["Flying Knee","Outmaneuver","Terror"],"picked":"SKIP","floor":12},{"not_picked":["Envenom","Malaise"],"picked":"After Image","floor":16},{"not_picked":["Distraction+1","Deflect+1"],"picked":"Dash","floor":18},{"not_picked":["Dagger Throw","Acrobatics","Bane"],"picked":"SKIP","floor":19},{"not_picked":["Heel Hook+1","Bane"],"picked":"Cloak And Dagger","floor":24},{"not_picked":["Quick Slash","Deflect","Bane+1"],"picked":"SKIP","floor":25},{"not_picked":["Deadly Poison+1","Slice"],"picked":"Backflip","floor":27},{"not_picked":["Deadly Poison+1","Flying Knee+1"],"picked":"Catalyst","floor":28},{"not_picked":["Prepared","Dagger Spray"],"picked":"Corpse Explosion","floor":29},{"not_picked":["Poisoned Stab","Dagger Spray"],"picked":"Leg Sweep+1","floor":30},{"not_picked":["Quick Slash","Poisoned Stab","Flying Knee"],"picked":"SKIP","floor":31},{"not_picked":["A Thousand Cuts","Glass Knife"],"picked":"Malaise","floor":33},{"not_picked":["Dagger Throw+1","Flechettes"],"picked":"Cloak And Dagger+1","floor":35},{"not_picked":["Deadly Poison+1","Blade Dance+1"],"picked":"Blur","floor":38},{"not_picked":["Blade Dance","Expertise","Well Laid Plans"],"picked":"SKIP","floor":38},{"not_picked":["Blade Dance+1","Prepared+1","Slice+1"],"picked":"SKIP","floor":39},{"not_picked":["Wraith Form v2","Blade Dance+1","Deflect"],"picked":"SKIP","floor":39},{"not_picked":["Blur","Dagger Throw"],"picked":"Noxious Fumes","floor":41},{"not_picked":["Sucker Punch+1","Endless Agony+1","Finisher"],"picked":"SKIP","floor":41},{"not_picked":["Dagger Spray","Sucker Punch"],"picked":"A Thousand Cuts+1","floor":44},{"not_picked":["Terror","Blade Dance","Flying Knee"],"picked":"SKIP","floor":44},{"not_picked":["Escape Plan+1","Flechettes+1"],"picked":"Leg Sweep+1","floor":46},{"not_picked":["Accuracy+1","Bouncing Flask+1"],"picked":"Catalyst+1","floor":46},{"not_picked":["Poisoned Stab","Dagger Spray","Dagger Throw"],"picked":"SKIP","floor":47},{"not_picked":["Leg Sweep+1","Escape Plan","Acrobatics+1"],"picked":"SKIP","floor":47},{"not_picked":["Cloak And Dagger+1","Underhanded Strike"],"picked":"Burst","floor":48},{"not_picked":["Distraction","Acrobatics"],"picked":"Noxious Fumes+1","floor":48}],"player_experience":112372,"relics_obtained":[{"floor":9,"key":"Pear"},{"floor":26,"key":"Bag of Preparation"},{"floor":29,"key":"Red Mask"},{"floor":37,"key":"Prayer Wheel"},{"floor":42,"key":"Ornamental Fan"},{"floor":43,"key":"Frozen Egg 2"}],"event_choices":[{"damage_healed":0,"gold_gain":0,"cards_transformed":["Strike_G"],"player_choice":"Transformed","damage_taken":0,"max_hp_gain":0,"max_hp_loss":0,"event_name":"Transmorgrifier","floor":2,"gold_loss":0,"cards_obtained":["After Image"]},{"damage_healed":0,"gold_gain":0,"player_choice":"Donut","damage_taken":0,"max_hp_gain":5,"max_hp_loss":0,"event_name":"Big Fish","floor":10,"gold_loss":0},{"damage_healed":0,"gold_gain":30,"player_choice":"Searched \u00271\u0027 times","damage_taken":0,"max_hp_gain":0,"max_hp_loss":0,"event_name":"Dead Adventurer","floor":14,"gold_loss":0},{"damage_healed":0,"gold_gain":0,"player_choice":"Rummage","damage_taken":0,"relics_obtained":["WarpedTongs"],"max_hp_gain":0,"max_hp_loss":0,"event_name":"Accursed Blacksmith","floor":20,"gold_loss":0,"cards_obtained":["Pain"]},{"damage_healed":0,"gold_gain":0,"player_choice":"Fought Bandits","damage_taken":0,"max_hp_gain":0,"max_hp_loss":0,"event_name":"Masked Bandits","floor":29,"gold_loss":0},{"damage_healed":0,"gold_gain":0,"player_choice":"Max HP","damage_taken":0,"max_hp_gain":0,"max_hp_loss":4,"event_name":"Winding Halls","floor":36,"gold_loss":0},{"damage_healed":0,"gold_gain":0,"player_choice":"Fight","damage_taken":0,"max_hp_gain":0,"max_hp_loss":0,"event_name":"MindBloom","floor":37,"gold_loss":0}],"is_beta":false,"boss_relics":[{"not_picked":["Philosopher\u0027s Stone","Runic Pyramid"],"picked":"Velvet Choker"},{"not_picked":["Fusion Hammer","Black Star"],"picked":"Empty Cage"}],"items_purged_floors":[21,45],"is_endless":false,"potions_floor_spawned":[4,12,18,24,29,31,35,37,46],"ascension_level":3}