{"gold_per_floor":[116,130,141,141,22,22,55,55,55,83,99,99,99,99,99,200,200,215,225,239,130,130,130,149,175,222,222,237,237,253,253,253,356,356,368,368,387,406,416,416,430,430,501,513,529,529,546,30,30,30],"floor_reached":51,"playtime":2420,"items_purged":["Strike_P","Strike_P"],"score":844,"play_id":"fbd708bb-5d77-4b99-a0a7-0bfdf462ece6","local_time":"20190910225735","is_ascension_mode":true,"campfire_choices":[{"data":"FlyingSleeves","floor":6.0,"key":"SMITH"},{"floor":8.0,"key":"REST"},{"data":"CrushJoints","floor":12.0,"key":"SMITH"},{"data":"MentalFortress","floor":15.0,"key":"SMITH"},{"data":"ReachHeaven","floor":23.0,"key":"SMITH"},{"floor":27.0,"key":"REST"},{"floor":29.0,"key":"REST"},{"floor":32.0,"key":"REST"},{"data":"Wallop","floor":40.0,"key":"SMITH"},{"floor":42.0,"key":"REST"},{"data":"ThirdEye","floor":46.0,"key":"SMITH"},{"floor":49,"key":"REST"}],"neow_cost":"TEN_PERCENT_HP_LOSS","seed_source_timestamp":50282624516532,"circlet_count":0,"master_deck":["Strike_P","Defend_P","Defend_P","Defend_P","Defend_P+1","Eruption+1","Vigilance","FlyingSleeves+1","Sanctity","Halt","MentalFortress+1","WreathOfFlame","Collect","CrushJoints+1","ReachHeaven+1","Perseverance+1","FearNoEvil","Evaluate+1","Wallop+1","Wireheading+1","Weave+1","ThirdEye+1","Swivel+1","Devotion","Trip"],"special_seed":0,"relics":["PureWater","Pocketwatch","Melange","Shuriken","Strawberry","Pantograph","Busted Crown","Vajra","Centennial Puzzle","Sozu","Gremlin Horn","Letter Opener"],"potions_floor_usage":[],"damage_taken":[{"damage":9.0,"enemies":"Small Slimes","floor":1.0,"turns":6.0},{"damage":2.0,"enemies":"Jaw Worm","floor":2.0,"turns":3.0},{"damage":0.0,"enemies":"Cultist","floor":3.0,"turns":2.0},{"damage":19.0,"enemies":"3 Sentries","floor":7.0,"turns":6.0},{"damage":3.0,"enemies":"Lagavulin","floor":10.0,"turns":7.0},{"damage":6.0,"enemies":"Looter","floor":11.0,"turns":3.0},{"damage":28.0,"enemies":"Hexaghost","floor":16.0,"turns":8.0},{"damage":10.0,"enemies":"Shell Parasite","floor":18.0,"turns":6.0},{"damage":2.0,"enemies":"Chosen","floor":19.0,"turns":3.0},{"damage":13.0,"enemies":"Shelled Parasite and Fungi","floor":20.0,"turns":4.0},{"damage":6.0,"enemies":"3 Cultists","floor":24.0,"turns":5.0},{"damage":34.0,"enemies":"Slavers","floor":25.0,"turns":4.0},{"damage":14.0,"enemies":"Snake Plant","floor":28.0,"turns":3.0},{"damage":11.0,"enemies":"Snecko","floor":30.0,"turns":3.0},{"damage":21.0,"enemies":"Champ","floor":33.0,"turns":6.0},{"damage":4.0,"enemies":"Orb Walker","floor":35.0,"turns":3.0},{"damage":12.0,"enemies":"3 Darklings","floor":37.0,"turns":6.0},{"damage":17.0,"enemies":"Sphere and 2 Shapes","floor":38.0,"turns":4.0},{"damage":10.0,"enemies":"Spire Growth","floor":39.0,"turns":2.0},{"damage":15.0,"enemies":"Transient","floor":41.0,"turns":5.0},{"damage":0.0,"enemies":"Sphere and 2 Shapes","floor":44.0,"turns":4.0},{"damage":6.0,"enemies":"Spire Growth","floor":45.0,"turns":4.0},{"damage":2,"enemies":"Jaw Worm Horde","floor":47,"turns":4},{"damage":61,"enemies":"Time Eater","floor":50,"turns":12}],"seed_played":"-1855741147266956769","potions_obtained":[{"floor":10.0,"key":"Swift Potion"},{"floor":11.0,"key":"Swift Potion"},{"floor":25.0,"key":"StancePotion"},{"floor":28.0,"key":"Block Potion"},{"floor":33.0,"key":"Explosive Potion"}],"is_trial":false,"path_per_floor":["M","M","M","?","$","R","E","R","T","E","M","R","T","?","R","B",null,"M","M","M","$","?","R","M","E","T","R","M","R","M","?","R","B",null,"M","?","M","M","M","R","M","R","T","M","M","R","M","$","R","B",null],"character_chosen":"WATCHER","items_purchased":["MentalFortress","AttackPotion","FearNoEvil","Devotion","Letter Opener","Trip"],"campfire_rested":6,"item_purchase_floors":[5,5,21,48,48,48],"current_hp_per_floor":[50,48,48,36,36,36,17,34,34,38,32,32,32,54,54,38,66,56,54,41,41,41,41,35,1,1,20,6,25,14,14,33,37,66,62,62,50,33,23,23,8,27,27,27,21,21,19,19,38,2],"gold":30,"neow_bonus":"ONE_RARE_RELIC","is_prod":false,"is_daily":false,"chose_seed":false,"campfire_upgraded":6,"win_rate":0,"timestamp":1568123855,"path_taken":["M","M","M","?","$","R","E","R","T","E","M","R","?","?","R","BOSS","M","M","M","$","?","R","M","E","T","R","M","R","?","?","R","BOSS","M","?","M","M","?","R","M","R","T","M","M","R","M","$","R","BOSS"],"build_version":"2019-09-09v2","purchased_purges":2,"victory":true,"max_hp_per_floor":[59,59,59,59,59,59,59,59,59,66,66,66,66,66,66,66,66,66,66,66,66,66,66,66,66,66,66,66,66,66,66,66,66,66,66,66,66,66,66,66,66,66,66,66,66,66,66,66,66,66],"card_choices":[{"not_picked":["JustLucky","Halt"],"picked":"FlyingSleeves","floor":1.0},{"not_picked":["Weave","EmptyBody"],"picked":"Sanctity","floor":2.0},{"not_picked":["Crescendo","Consecrate"],"picked":"Halt","floor":3.0},{"not_picked":["EmptyBody","Omniscience"],"picked":"WreathOfFlame","floor":7.0},{"not_picked":["JustLucky","Protect"],"picked":"Collect","floor":10.0},{"not_picked":["EmptyFist","EmptyMind"],"picked":"CrushJoints","floor":11.0},{"not_picked":["Blasphemy","FlowState"],"picked":"ReachHeaven","floor":16.0},{"not_picked":["ClearTheMind"],"picked":"SKIP","floor":18.0},{"not_picked":[],"picked":"Perseverance+1","floor":19.0},{"not_picked":["Weave"],"picked":"SKIP","floor":20.0},{"not_picked":["Consecrate"],"picked":"SKIP","floor":24.0},{"not_picked":["CrushJoints"],"picked":"SKIP","floor":25.0},{"not_picked":["EmptyFist+1"],"picked":"SKIP","floor":28.0},{"not_picked":[],"picked":"Evaluate+1","floor":30.0},{"not_picked":[],"picked":"Wallop","floor":33.0},{"not_picked":[],"picked":"Wireheading+1","floor":35.0},{"not_picked":[],"picked":"Weave+1","floor":37.0},{"not_picked":["Evaluate"],"picked":"SKIP","floor":38.0},{"not_picked":["Crescendo"],"picked":"SKIP","floor":39.0},{"not_picked":["CarveReality"],"picked":"SKIP","floor":41.0},{"not_picked":[],"picked":"ThirdEye","floor":44.0},{"not_picked":["Vengeance+1"],"picked":"SKIP","floor":45.0},{"not_picked":[],"picked":"Swivel+1","floor":47}],"player_experience":588450,"relics_obtained":[{"floor":7.0,"key":"Melange"},{"floor":9.0,"key":"Shuriken"},{"floor":10.0,"key":"Strawberry"},{"floor":13.0,"key":"Pantograph"},{"floor":25.0,"key":"Vajra"},{"floor":26.0,"key":"Centennial Puzzle"},{"floor":43.0,"key":"Gremlin Horn"}],"event_choices":[{"damage_healed":0.0,"max_hp_gain":0.0,"max_hp_loss":0.0,"gold_gain":0.0,"event_name":"Shining Light","player_choice":"Entered Light","floor":4.0,"gold_loss":0.0,"damage_taken":12.0,"cards_upgraded":["Defend_P","Eruption"]},{"damage_healed":22.0,"max_hp_gain":0.0,"max_hp_loss":0.0,"gold_gain":0.0,"event_name":"Big Fish","player_choice":"Banana","floor":14.0,"gold_loss":0.0,"damage_taken":0.0},{"cards_removed":["Strike_P"],"damage_healed":0.0,"max_hp_gain":0.0,"max_hp_loss":0.0,"gold_gain":0.0,"event_name":"Purifier","player_choice":"Purged","floor":22.0,"gold_loss":0.0,"damage_taken":0.0},{"damage_healed":0.0,"max_hp_gain":0.0,"max_hp_loss":0.0,"gold_gain":0.0,"event_name":"Cursed Tome","player_choice":"Ignored","floor":31.0,"gold_loss":0.0,"damage_taken":0.0},{"damage_healed":0.0,"max_hp_gain":0.0,"max_hp_loss":0.0,"gold_gain":0.0,"event_name":"Match and Keep!","player_choice":"0 cards matched","floor":36.0,"gold_loss":0.0,"damage_taken":0.0,"cards_obtained":[]}],"is_beta":true,"boss_relics":[{"not_picked":["SlaversCollar","Calling Bell"],"picked":"Busted Crown"},{"not_picked":["Fusion Hammer","Empty Cage"],"picked":"Sozu"}],"items_purged_floors":[21,48],"is_endless":false,"potions_floor_spawned":[10,11,25,28,33,39,41,45],"ascension_level":2}