{"gold_per_floor":[368,543,556,556,556,556,582,594,594,117,117],"floor_reached":11,"playtime":248,"items_purged":[],"score":98,"play_id":"33ad1862-b520-4a6f-ba30-eeb09adb9381","local_time":"20190414005652","is_ascension_mode":true,"campfire_choices":[{"data":"Backstab","floor":6,"key":"SMITH"}],"neow_cost":"CURSE","seed_source_timestamp":194029845141265,"circlet_count":0,"master_deck":["AscendersBane","Defend_G","Defend_G","Defend_G","Defend_G","Defend_G","Strike_G","Strike_G","Strike_G","Strike_G","Strike_G","Survivor","Neutralize","Catalyst","Backstab+1","Backflip","Well Laid Plans"],"relics":["Ring of the Snake","Odd Mushroom","Juzu Bracelet","Ginger"],"potions_floor_usage":[7,7,11],"damage_taken":[{"damage":4,"enemies":"Small Slimes","floor":1,"turns":5},{"damage":4,"enemies":"2 Louse","floor":3,"turns":5},{"damage":15,"enemies":"The Mushroom Lair","floor":7,"turns":6},{"damage":1,"enemies":"Cultist","floor":8,"turns":4},{"damage":23,"enemies":"Gremlin Nob","floor":11,"turns":5}],"seed_played":"-8186412927279765146","potions_obtained":[{"floor":1,"key":"Poison Potion"},{"floor":3,"key":"SkillPotion"}],"is_trial":false,"path_per_floor":["M","?","M","?","?","R","?","M","T","$","E"],"character_chosen":"THE_SILENT","items_purchased":["Ginger","Well Laid Plans","Fruit Juice"],"campfire_rested":0,"item_purchase_floors":[10,10,10],"current_hp_per_floor":[59,59,55,55,48,48,33,32,32,32,14],"gold":117,"neow_bonus":"TWO_FIFTY_GOLD","is_prod":false,"is_daily":false,"chose_seed":false,"campfire_upgraded":1,"win_rate":0,"timestamp":1555225012,"path_taken":["M","?","M","?","?","R","?","M","T","$","E"],"build_version":"2019-01-23","purchased_purges":0,"victory":false,"max_hp_per_floor":[70,70,70,70,70,70,70,70,70,70,75],"card_choices":[{"not_picked":["Underhanded Strike","Eviscerate"],"picked":"Catalyst","floor":1},{"not_picked":["Acrobatics","Deflect"],"picked":"Backstab","floor":3},{"not_picked":["Dodge and Roll","Flying Knee"],"picked":"Backflip","floor":7},{"not_picked":["Calculated Gamble","Deflect","Slice"],"picked":"SKIP","floor":8}],"player_experience":506153,"relics_obtained":[{"floor":7,"key":"Odd Mushroom"},{"floor":9,"key":"Juzu Bracelet"}],"event_choices":[{"damage_healed":0,"gold_gain":175,"player_choice":"AGREE","damage_taken":0,"max_hp_gain":0,"max_hp_loss":0,"event_name":"Liars Game","floor":2,"gold_loss":0,"cards_obtained":["Doubt"]},{"cards_removed":["Doubt"],"damage_healed":0,"gold_gain":0,"player_choice":"Forget","damage_taken":0,"max_hp_gain":0,"max_hp_loss":0,"event_name":"Living Wall","floor":4,"gold_loss":0},{"cards_removed":["Writhe"],"damage_healed":0,"gold_gain":0,"player_choice":"Card Removal","damage_taken":7,"max_hp_gain":0,"max_hp_loss":0,"event_name":"Golden Wing","floor":5,"gold_loss":0},{"damage_healed":0,"gold_gain":0,"player_choice":"Fought Mushrooms","damage_taken":0,"max_hp_gain":0,"max_hp_loss":0,"event_name":"Mushrooms","floor":7,"gold_loss":0}],"is_beta":false,"boss_relics":[],"items_purged_floors":[],"is_endless":false,"potions_floor_spawned":[1,3],"killed_by":"Gremlin Nob","ascension_level":12}