{"gold_per_floor":[111,111,111,124,135,135,135,135,187,197,197],"floor_reached":11,"playtime":340,"items_purged":[],"score":142,"play_id":"101726dd-b5d1-4ddc-a024-eb67d8037424","local_time":"20190217180148","is_ascension_mode":true,"campfire_choices":[{"floor":8,"key":"REST"}],"neow_cost":"NONE","seed_source_timestamp":495113842463600,"circlet_count":0,"master_deck":["AscendersBane","Strike_B","Strike_B","Strike_B+1","Defend_B","Defend_B","Defend_B+1","Defend_B","Zap","Dualcast","BootSequence","Sweeping Beam","Consume"],"special_seed":0,"relics":["Cracked Core","Blood Vial","CultistMask","Omamori"],"potions_floor_usage":[6],"damage_taken":[{"damage":15.0,"enemies":"Small Slimes","floor":1.0,"turns":5.0},{"damage":0.0,"enemies":"Jaw Worm","floor":4.0,"turns":3.0},{"damage":3.0,"enemies":"2 Louse","floor":5.0,"turns":4.0},{"damage":0,"enemies":"Gremlin Nob","floor":6,"turns":1},{"damage":22,"enemies":"Exordium Thugs","floor":10,"turns":4},{"damage":39,"enemies":"Lagavulin","floor":11,"turns":7}],"seed_played":"-20068421871425572","potions_obtained":[{"floor":5.0,"key":"SmokeBomb"}],"is_trial":false,"path_per_floor":["M","?","?","M","M","E","?","R","T","M","E"],"character_chosen":"DEFECT","items_purchased":[],"campfire_rested":1,"item_purchase_floors":[],"current_hp_per_floor":[51,44,23,25,24,26,26,47,47,27,0],"gold":197,"neow_bonus":"RANDOM_COMMON_RELIC","is_prod":false,"is_daily":false,"chose_seed":false,"campfire_upgraded":0,"win_rate":0,"timestamp":1550455308,"path_taken":["M","?","?","M","M","E","?","R","T","?","E"],"build_version":"2019-01-23","purchased_purges":0,"victory":false,"max_hp_per_floor":[71,71,71,71,71,71,71,71,71,71,71],"card_choices":[{"not_picked":["Hologram","Leap"],"picked":"BootSequence","floor":1.0},{"not_picked":["Stack","Reprogram"],"picked":"Sweeping Beam","floor":4.0},{"not_picked":["Turbo","Rebound","Scrape"],"picked":"SKIP","floor":5.0},{"not_picked":["Gash","Steam"],"picked":"Consume","floor":10}],"player_experience":992949,"relics_obtained":[{"floor":9,"key":"Omamori"}],"event_choices":[{"cards_removed":["Strike_B"],"damage_healed":0.0,"max_hp_gain":0.0,"max_hp_loss":0.0,"gold_gain":0.0,"event_name":"Golden Wing","player_choice":"Card Removal","floor":2.0,"gold_loss":0.0,"damage_taken":7.0},{"damage_healed":0.0,"max_hp_gain":0.0,"max_hp_loss":0.0,"gold_gain":0.0,"event_name":"Shining Light","player_choice":"Entered Light","floor":3.0,"gold_loss":0.0,"damage_taken":21.0,"cards_upgraded":["Strike_B","Defend_B"]},{"damage_healed":0,"gold_gain":0,"player_choice":"Trade","damage_taken":0,"relics_obtained":["CultistMask"],"max_hp_gain":0,"max_hp_loss":0,"event_name":"FaceTrader","floor":7,"gold_loss":0}],"is_beta":false,"boss_relics":[],"items_purged_floors":[],"is_endless":false,"potions_floor_spawned":[5,6],"killed_by":"Lagavulin","ascension_level":19}