{"gold_per_floor":[116,128,142,142,60,93,93,118,118,29,42,52,65,65],"floor_reached":14,"playtime":434,"items_purged":[],"score":163,"play_id":"6d348fbd-e735-4e4f-b7eb-18fad439ff15","local_time":"20190408235547","is_ascension_mode":true,"campfire_choices":[{"data":"After Image","floor":7,"key":"SMITH"}],"neow_cost":"TEN_PERCENT_HP_LOSS","seed_source_timestamp":267758422310680,"circlet_count":0,"master_deck":["AscendersBane","Defend_G","Defend_G","Defend_G","Defend_G","Defend_G","Strike_G","Strike_G","Strike_G","Strike_G","Strike_G","Survivor","Neutralize","After Image+1","Prepared","Blade Dance","Poisoned Stab","Footwork","Dodge and Roll","Leg Sweep","Dagger Throw+1","Caltrops","Sucker Punch+1","Cloak And Dagger","Flying Knee+1"],"relics":["Ring of the Snake","CultistMask","PreservedInsect","Pocketwatch","Molten Egg 2"],"potions_floor_usage":[6,11],"damage_taken":[{"damage":0,"enemies":"Cultist","floor":1,"turns":5},{"damage":3,"enemies":"2 Louse","floor":2,"turns":7},{"damage":4,"enemies":"Small Slimes","floor":3,"turns":4},{"damage":23,"enemies":"Gremlin Nob","floor":6,"turns":6},{"damage":17,"enemies":"Lagavulin","floor":8,"turns":10},{"damage":0,"enemies":"Looter","floor":11,"turns":4},{"damage":2,"enemies":"Blue Slaver","floor":12,"turns":4},{"damage":0,"enemies":"Exordium Wildlife","floor":13,"turns":4},{"damage":9,"enemies":"Gremlin Gang","floor":14,"turns":1}],"seed_played":"-49914746585470381","potions_obtained":[{"floor":2,"key":"Explosive Potion"},{"floor":3,"key":"Block Potion"},{"floor":6,"key":"Swift Potion"},{"floor":8,"key":"Weak Potion"}],"is_trial":false,"path_per_floor":["M","M","M","?","$","E","R","E","T","$","M","M","M","M"],"character_chosen":"THE_SILENT","items_purchased":["Footwork","Dagger Throw+1","Caltrops"],"campfire_rested":0,"item_purchase_floors":[5,10,10],"current_hp_per_floor":[63,60,56,56,56,33,33,16,16,16,16,14,14,5],"gold":65,"neow_bonus":"THREE_RARE_CARDS","is_prod":false,"is_daily":false,"chose_seed":false,"campfire_upgraded":1,"win_rate":0,"timestamp":1554789347,"path_taken":["M","M","?","?","$","E","R","E","T","?","M","M","M","M"],"build_version":"2019-01-23","purchased_purges":0,"victory":false,"max_hp_per_floor":[63,63,63,63,63,63,63,63,63,63,63,63,63,63],"card_choices":[{"not_picked":["Venomology","Glass Knife"],"picked":"After Image","floor":0},{"not_picked":["Underhanded Strike","Setup"],"picked":"Prepared","floor":1},{"not_picked":["All Out Attack","Flying Knee"],"picked":"Blade Dance","floor":2},{"not_picked":["Finisher","Outmaneuver"],"picked":"Poisoned Stab","floor":3},{"not_picked":["Catalyst","Distraction"],"picked":"Dodge and Roll","floor":6},{"not_picked":["After Image","Escape Plan"],"picked":"Leg Sweep","floor":8},{"not_picked":["Flechettes+1","Skewer+1"],"picked":"Sucker Punch+1","floor":11},{"not_picked":["Dagger Spray+1","Distraction"],"picked":"Cloak And Dagger","floor":12},{"not_picked":["Deflect","Quick Slash+1"],"picked":"Flying Knee+1","floor":13}],"player_experience":504957,"relics_obtained":[{"floor":6,"key":"PreservedInsect"},{"floor":8,"key":"Pocketwatch"},{"floor":9,"key":"Molten Egg 2"}],"event_choices":[{"damage_healed":0,"gold_gain":0,"player_choice":"Trade","damage_taken":0,"relics_obtained":["CultistMask"],"max_hp_gain":0,"max_hp_loss":0,"event_name":"FaceTrader","floor":4,"gold_loss":0}],"is_beta":false,"boss_relics":[],"items_purged_floors":[],"is_endless":false,"potions_floor_spawned":[2,3,6,8],"killed_by":"Gremlin Gang","ascension_level":12}