{"gold_per_floor":[109,109,109,109,128,188,199,199,199,249,263,263,19,32,32,32],"floor_reached":16,"playtime":351,"items_purged":["Strike_R"],"score":92,"play_id":"d2f08c8b-976e-4328-921c-2475992b9964","local_time":"20190405232031","is_ascension_mode":false,"campfire_choices":[{"data":"Uppercut","floor":8,"key":"SMITH"},{"floor":12,"key":"REST"},{"floor":15,"key":"REST"}],"neow_cost":"NONE","seed_source_timestamp":426832356104200,"circlet_count":0,"master_deck":["Strike_R","Strike_R","Strike_R+1","Defend_R","Defend_R+1","Defend_R+1","Defend_R","Bash","Shockwave+1","Clothesline","Uppercut+1","Pommel Strike","True Grit"],"relics":["Burning Blood","Smiling Mask","SsserpentHead","Bottled Flame","War Paint"],"potions_floor_usage":[16],"damage_taken":[{"damage":6,"enemies":"Jaw Worm","floor":1,"turns":3},{"damage":10,"enemies":"2 Louse","floor":5,"turns":4},{"damage":2,"enemies":"Small Slimes","floor":6,"turns":4},{"damage":8,"enemies":"Red Slaver","floor":7,"turns":5},{"damage":9,"enemies":"Large Slime","floor":11,"turns":5},{"damage":18,"enemies":"Blue Slaver","floor":14,"turns":3},{"damage":65,"enemies":"Slime Boss","floor":16,"turns":12}],"seed_played":"7566619673271293514","potions_obtained":[{"floor":1,"key":"Weak Potion"},{"floor":7,"key":"Weak Potion"},{"floor":14,"key":"FearPotion"}],"is_trial":false,"path_per_floor":["M","?","?","?","M","M","M","R","T","?","M","R","$","M","R","B"],"character_chosen":"IRONCLAD","items_purchased":["War Paint","True Grit"],"campfire_rested":2,"item_purchase_floors":[13,13],"current_hp_per_floor":[88,81,48,48,44,48,46,46,46,28,25,51,51,39,65,0],"gold":32,"neow_bonus":"TEN_PERCENT_HP_BONUS","is_prod":false,"is_daily":false,"chose_seed":false,"campfire_upgraded":1,"win_rate":0,"timestamp":1554531631,"path_taken":["M","?","?","?","M","?","M","R","T","?","M","R","$","M","R","BOSS"],"build_version":"2019-01-23","purchased_purges":1,"victory":false,"max_hp_per_floor":[88,88,88,88,88,88,88,88,88,88,88,88,88,88,88,88],"card_choices":[{"not_picked":["Rampage","Sword Boomerang"],"picked":"Shockwave","floor":1},{"not_picked":["Body Slam","Second Wind","Power Through"],"picked":"SKIP","floor":5},{"not_picked":["Entrench","Shockwave"],"picked":"Clothesline","floor":6},{"not_picked":["Burning Pact","Sword Boomerang"],"picked":"Uppercut","floor":7},{"not_picked":["Warcry","Corruption"],"picked":"Pommel Strike","floor":11},{"not_picked":["Dual Wield","Flex","Clothesline"],"picked":"SKIP","floor":14}],"player_experience":1145748,"relics_obtained":[{"floor":9,"key":"Bottled Flame"}],"event_choices":[{"cards_removed":["Strike_R"],"damage_healed":0,"gold_gain":0,"player_choice":"Card Removal","damage_taken":7,"max_hp_gain":0,"max_hp_loss":0,"event_name":"Golden Wing","floor":2,"gold_loss":0},{"damage_healed":0,"gold_gain":0,"player_choice":"Success","damage_taken":33,"relics_obtained":["Smiling Mask"],"max_hp_gain":0,"max_hp_loss":0,"event_name":"Scrap Ooze","floor":3,"gold_loss":0},{"damage_healed":0,"gold_gain":0,"player_choice":"Trade","damage_taken":0,"relics_obtained":["SsserpentHead"],"max_hp_gain":0,"max_hp_loss":0,"event_name":"FaceTrader","floor":4,"gold_loss":0},{"damage_healed":0,"gold_gain":0,"player_choice":"Entered Light","damage_taken":18,"max_hp_gain":0,"max_hp_loss":0,"event_name":"Shining Light","floor":10,"gold_loss":0,"cards_upgraded":["Strike_R","Shockwave"]}],"is_beta":false,"boss_relics":[],"items_purged_floors":[13],"is_endless":false,"potions_floor_spawned":[1,7,14],"killed_by":"Slime Boss","ascension_level":0}