{"gold_per_floor":[116,131,131,148,158,186,186,186,186,186,212,212,225,238,238,343,343,356,356,271,4,23,23,48,48,99,126,149,175,207,237,249,364,376,398,410,434,546,572,584,631,669,681,703,715,17,47,67,67,67],"floor_reached":51,"playtime":2686,"items_purged":[],"score":1328,"play_id":"66ea2e42-7990-4ba1-901c-f1d7a1f664e8","local_time":"20190825150712","is_ascension_mode":true,"campfire_choices":[{"data":"Pommel Strike","floor":8.0,"key":"SMITH"},{"data":"Iron Wave","floor":10.0,"key":"SMITH"},{"data":"Corruption","floor":15.0,"key":"SMITH"},{"data":"Demon Form","floor":23.0,"key":"SMITH"},{"data":"Bash","floor":25.0,"key":"SMITH"},{"data":"Demon Form","floor":32.0,"key":"SMITH"},{"floor":40.0,"key":"REST"},{"floor":45,"key":"REST"},{"data":"Clothesline","floor":49,"key":"SMITH"}],"neow_cost":"NONE","seed_source_timestamp":931739269777900,"circlet_count":0,"master_deck":["AscendersBane","Strike_R","Strike_R","Defend_R","Defend_R","Defend_R+1","Defend_R+1","Bash+1","Disarm","Iron Wave+1","Pommel Strike+1","Anger+1","Corruption+1","Demon Form+1","Inflame+1","Carnage+1","Clothesline+1","Feel No Pain","Blood for Blood+1","Demon Form+1","Limit Break+1","Sentinel+1","Shrug It Off+1","Carnage+1","Exhume+1","Armaments+1","Parasite","Ghostly Armor+1","Infernal Blade+1","Warcry+1","Uppercut+1"],"special_seed":0,"relics":["Burning Blood","Singing Bowl","The Courier","Potion Belt","Ornamental Fan","Snecko Eye","Boot","Toxic Egg 2","Bronze Scales","MawBank","Philosopher\u0027s Stone","WingedGreaves","Meat on the Bone","Vajra","Dodecahedron","Lee\u0027s Waffle","War Paint","Shuriken","Whetstone","Dream Catcher"],"potions_floor_usage":[44,50,50],"damage_taken":[{"damage":2.0,"enemies":"2 Louse","floor":1.0,"turns":4.0},{"damage":5.0,"enemies":"Jaw Worm","floor":2.0,"turns":5.0},{"damage":0.0,"enemies":"Small Slimes","floor":4.0,"turns":4.0},{"damage":13.0,"enemies":"Looter","floor":5.0,"turns":3.0},{"damage":35.0,"enemies":"3 Sentries","floor":6.0,"turns":9.0},{"damage":14.0,"enemies":"Lagavulin","floor":11.0,"turns":7.0},{"damage":0.0,"enemies":"2 Fungi Beasts","floor":13.0,"turns":4.0},{"damage":3.0,"enemies":"Blue Slaver","floor":14.0,"turns":5.0},{"damage":72.0,"enemies":"The Guardian","floor":16.0,"turns":11.0},{"damage":0.0,"enemies":"Shell Parasite","floor":18.0,"turns":3.0},{"damage":1.0,"enemies":"3 Byrds","floor":22.0,"turns":5.0},{"damage":15.0,"enemies":"Sentry and Sphere","floor":27.0,"turns":4.0},{"damage":29.0,"enemies":"Centurion and Healer","floor":28.0,"turns":5.0},{"damage":0.0,"enemies":"Snake Plant","floor":29.0,"turns":4.0},{"damage":0.0,"enemies":"3 Cultists","floor":30.0,"turns":4.0},{"damage":6.0,"enemies":"Cultist and Chosen","floor":31.0,"turns":5.0},{"damage":67.0,"enemies":"Champ","floor":33.0,"turns":8.0},{"damage":18.0,"enemies":"3 Darklings","floor":35.0,"turns":4.0},{"damage":5.0,"enemies":"Orb Walker","floor":37.0,"turns":3.0},{"damage":16.0,"enemies":"Mind Bloom Boss Battle","floor":38.0,"turns":5.0},{"damage":26.0,"enemies":"Jaw Worm Horde","floor":39.0,"turns":4.0},{"damage":19.0,"enemies":"Nemesis","floor":41.0,"turns":5.0},{"damage":0.0,"enemies":"Giant Head","floor":42.0,"turns":5.0},{"damage":32,"enemies":"Writhing Mass","floor":44,"turns":5},{"damage":0,"enemies":"Nemesis","floor":47,"turns":6},{"damage":9,"enemies":"Sphere and 2 Shapes","floor":48,"turns":5},{"damage":41,"enemies":"Time Eater","floor":50,"turns":9}],"seed_played":"4543699139681697748","potions_obtained":[{"floor":1.0,"key":"BloodPotion"},{"floor":4.0,"key":"PowerPotion"},{"floor":18.0,"key":"EssenceOfSteel"},{"floor":29.0,"key":"Energy Potion"},{"floor":33.0,"key":"Dexterity Potion"},{"floor":35.0,"key":"Fruit Juice"},{"floor":39.0,"key":"SteroidPotion"},{"floor":47,"key":"FairyPotion"},{"floor":48,"key":"Strength Potion"}],"is_trial":false,"path_per_floor":["M","M","?","M","M","E","T","R","T","R","E","?","M","M","R","B",null,"M","?","?","$","M","R","T","R","T","M","M","M","M","M","R","B",null,"M","?","M","?","M","R","E","E","T","M","R","$","E","M","R","B",null],"character_chosen":"IRONCLAD","items_purchased":["Toxic Egg 2","Carnage","Lee\u0027s Waffle","Infernal Blade+1","War Paint","Shuriken","Whetstone","Warcry+1","AttackPotion"],"campfire_rested":2,"item_purchase_floors":[21,21,46,46,46,46,46,46,46],"current_hp_per_floor":[84,85,78,84,77,70,70,70,70,70,64,64,72,77,77,11,73,79,79,79,79,84,84,84,84,84,75,52,60,68,68,68,7,75,63,63,66,56,41,72,59,65,65,51,82,112,112,111,111,76],"gold":67,"neow_bonus":"TEN_PERCENT_HP_BONUS","is_prod":false,"is_daily":false,"chose_seed":false,"campfire_upgraded":7,"win_rate":0,"timestamp":1566770832,"path_taken":["M","M","?","M","M","E","?","R","T","R","E","?","?","M","R","BOSS","M","?","?","$","M","R","?","R","T","M","M","?","M","M","R","BOSS","M","?","M","?","M","R","E","E","T","M","R","$","E","M","R","BOSS"],"build_version":"2019-07-17","purchased_purges":0,"victory":true,"max_hp_per_floor":[88,88,88,88,88,88,88,88,88,88,90,90,92,94,94,94,94,94,94,94,94,94,94,94,94,94,94,94,96,98,98,98,98,98,98,98,100,100,105,105,105,105,105,105,105,112,112,114,114,114],"card_choices":[{"not_picked":["Thunderclap","Warcry"],"picked":"Disarm","floor":1.0},{"not_picked":["Hemokinesis","Clash"],"picked":"Iron Wave","floor":2.0},{"not_picked":["Sentinel","Searing Blow","Barricade"],"picked":"SKIP","floor":4.0},{"not_picked":["Twin Strike","Heavy Blade"],"picked":"Pommel Strike","floor":5.0},{"not_picked":["Heavy Blade","Juggernaut"],"picked":"Anger","floor":6.0},{"not_picked":["Warcry","Clash","Corruption"],"picked":"Singing Bowl","floor":11.0},{"not_picked":["Armaments","Iron Wave","Heavy Blade"],"picked":"Singing Bowl","floor":13.0},{"not_picked":["Berserk","Armaments","Infernal Blade"],"picked":"Singing Bowl","floor":14.0},{"not_picked":["Limit Break","Dark Embrace"],"picked":"Demon Form","floor":16.0},{"not_picked":["Wild Strike","Iron Wave"],"picked":"Inflame+1","floor":18.0},{"not_picked":["Dropkick","Pommel Strike"],"picked":"Clothesline","floor":22.0},{"not_picked":["Combust","Iron Wave"],"picked":"Feel No Pain","floor":27.0},{"not_picked":["Heavy Blade","Havoc+1"],"picked":"Blood for Blood+1","floor":28.0},{"not_picked":["Flex+1","Perfected Strike","Body Slam"],"picked":"Singing Bowl","floor":29.0},{"not_picked":["Anger","Clash","Bloodletting+1"],"picked":"Singing Bowl","floor":30.0},{"not_picked":["Second Wind+1","Inflame"],"picked":"Demon Form","floor":31.0},{"not_picked":["Double Tap+1","Barricade"],"picked":"Limit Break+1","floor":33.0},{"not_picked":["Clothesline","Sever Soul"],"picked":"Sentinel+1","floor":35.0},{"not_picked":["Body Slam","Rupture","Anger"],"picked":"Singing Bowl","floor":37.0},{"not_picked":["Havoc+1","Clothesline+1"],"picked":"Shrug It Off+1","floor":38.0},{"not_picked":["Clash+1","Sword Boomerang+1"],"picked":"Carnage+1","floor":39.0},{"not_picked":["Iron Wave","Sword Boomerang+1"],"picked":"Exhume+1","floor":41.0},{"not_picked":["Body Slam","Thunderclap"],"picked":"Armaments+1","floor":42.0},{"not_picked":["Armaments+1","Havoc+1"],"picked":"Ghostly Armor+1","floor":44},{"not_picked":["Clothesline","Cleave+1"],"picked":"Uppercut+1","floor":47},{"not_picked":["Clash","Battle Trance+1","Evolve+1"],"picked":"Singing Bowl","floor":48}],"player_experience":1330435,"relics_obtained":[{"floor":6.0,"key":"Singing Bowl"},{"floor":7.0,"key":"The Courier"},{"floor":9.0,"key":"Potion Belt"},{"floor":11.0,"key":"Ornamental Fan"},{"floor":24.0,"key":"Bronze Scales"},{"floor":26.0,"key":"MawBank"},{"floor":38.0,"key":"WingedGreaves"},{"floor":41.0,"key":"Meat on the Bone"},{"floor":42.0,"key":"Vajra"},{"floor":43.0,"key":"Dodecahedron"},{"floor":47,"key":"Dream Catcher"}],"event_choices":[{"cards_removed":["Strike_R"],"damage_healed":0.0,"max_hp_gain":0.0,"max_hp_loss":0.0,"gold_gain":0.0,"event_name":"Golden Wing","player_choice":"Card Removal","floor":3.0,"gold_loss":0.0,"damage_taken":7.0},{"damage_healed":0.0,"max_hp_gain":0.0,"max_hp_loss":0.0,"gold_gain":0.0,"cards_transformed":["Strike_R"],"event_name":"Transmorgrifier","player_choice":"Transformed","floor":12.0,"gold_loss":0.0,"damage_taken":0.0,"cards_obtained":["Corruption"]},{"damage_healed":0.0,"max_hp_gain":0.0,"max_hp_loss":0.0,"gold_gain":0.0,"event_name":"Ghosts","player_choice":"Ignored","floor":19.0,"gold_loss":0.0,"damage_taken":0.0},{"damage_healed":0.0,"max_hp_gain":0.0,"max_hp_loss":0.0,"gold_gain":0.0,"event_name":"Addict","player_choice":"Obtained Relic","floor":20.0,"gold_loss":85.0,"damage_taken":0.0,"relics_obtained":["Boot"]},{"cards_removed":["Strike_R"],"damage_healed":0.0,"max_hp_gain":0.0,"max_hp_loss":0.0,"gold_gain":0.0,"event_name":"Falling","player_choice":"Removed Attack","floor":36.0,"gold_loss":0.0,"damage_taken":0.0},{"damage_healed":0.0,"max_hp_gain":0.0,"max_hp_loss":0.0,"gold_gain":0.0,"event_name":"MindBloom","player_choice":"Fight","floor":38.0,"gold_loss":0.0,"damage_taken":0.0}],"is_beta":false,"boss_relics":[{"not_picked":["Calling Bell","Lizard Tail"],"picked":"Snecko Eye"},{"not_picked":["Tiny House","Black Blood"],"picked":"Philosopher\u0027s Stone"}],"items_purged_floors":[],"is_endless":false,"potions_floor_spawned":[1,4,5,18,29,33,35,39,47,48],"ascension_level":11}