{"gold_per_floor":[117,33,46,58,69,69,82,82,131,157,157,177,212,212,212,308,308,319,101,151,171,185,185,196,196,251,289,318,341,353,382,394,507,519,543,573,137,150,150,150,150],"floor_reached":41,"playtime":2947,"items_purged":["Strike_R","Strike_R"],"score":468,"play_id":"255683c7-c429-4011-b2c4-e4efe0710395","local_time":"20190824121333","is_ascension_mode":true,"campfire_choices":[{"data":"Armaments","floor":6,"key":"SMITH"},{"data":"Whirlwind","floor":8,"key":"SMITH"},{"floor":15,"key":"REST"},{"data":"True Grit","floor":23,"key":"SMITH"},{"data":"Spot Weakness","floor":25,"key":"SMITH"},{"data":"Flame Barrier","floor":32,"key":"SMITH"},{"floor":40,"key":"REST"}],"neow_cost":"NONE","seed_source_timestamp":4406349280500,"circlet_count":0,"master_deck":["Strike_R","Strike_R","Defend_R","Defend_R","Defend_R","Defend_R","Bash","Headbutt","Armaments+1","Whirlwind+1","Shrug It Off","Ghostly Armor","Intimidate","Spot Weakness+1","Whirlwind","Bludgeon","Clothesline+1","True Grit+1","Uppercut","Power Through","Disarm+1","Pommel Strike","Flame Barrier+1","Impervious","Shrug It Off","Secret Weapon"],"relics":["Burning Blood","Lantern","Strawberry","Bottled Flame","Boot","Mark of Pain","Ancient Tea Set","MawBank","Red Mask","Cursed Key","Art of War"],"potions_floor_usage":[10,13,27,31,33,41],"damage_taken":[{"damage":10,"enemies":"2 Louse","floor":1,"turns":3},{"damage":0,"enemies":"Small Slimes","floor":3,"turns":3},{"damage":0,"enemies":"Jaw Worm","floor":4,"turns":3},{"damage":0,"enemies":"Lots of Slimes","floor":5,"turns":1},{"damage":1,"enemies":"Large Slime","floor":7,"turns":6},{"damage":10,"enemies":"3 Sentries","floor":10,"turns":4},{"damage":11,"enemies":"Looter","floor":12,"turns":3},{"damage":34,"enemies":"Lagavulin","floor":13,"turns":7},{"damage":25,"enemies":"Slime Boss","floor":16,"turns":9},{"damage":0,"enemies":"3 Byrds","floor":18,"turns":3},{"damage":0,"enemies":"Chosen","floor":21,"turns":3},{"damage":1,"enemies":"Snecko","floor":22,"turns":5},{"damage":18,"enemies":"Shelled Parasite and Fungi","floor":24,"turns":3},{"damage":0,"enemies":"Masked Bandits","floor":27,"turns":1},{"damage":0,"enemies":"3 Cultists","floor":28,"turns":4},{"damage":18,"enemies":"Chosen and Byrds","floor":29,"turns":5},{"damage":5,"enemies":"Snecko","floor":31,"turns":4},{"damage":74,"enemies":"Collector","floor":33,"turns":11},{"damage":15,"enemies":"3 Shapes","floor":35,"turns":2},{"damage":22,"enemies":"3 Darklings","floor":36,"turns":5},{"damage":58,"enemies":"Transient","floor":38,"turns":5},{"damage":47,"enemies":"Giant Head","floor":41,"turns":7}],"seed_played":"-5753195801085963447","potions_obtained":[{"floor":3,"key":"Ancient Potion"},{"floor":5,"key":"PowerPotion"},{"floor":7,"key":"Ancient Potion"},{"floor":16,"key":"Ancient Potion"},{"floor":21,"key":"SteroidPotion"},{"floor":24,"key":"SkillPotion"},{"floor":27,"key":"Regen Potion"},{"floor":35,"key":"LiquidBronze"}],"is_trial":false,"path_per_floor":["M","$","M","M","M","R","M","R","T","E","?","M","E","?","R","B",null,"M","$","?","M","M","R","M","R","T","?","M","M","?","M","R","B",null,"M","M","$","M","?","R","E"],"character_chosen":"IRONCLAD","items_purchased":["Armaments","Whirlwind","Ancient Tea Set","Art of War","Secret Weapon"],"campfire_rested":2,"item_purchase_floors":[2,2,19,37,37],"current_hp_per_floor":[76,76,80,80,80,80,80,80,87,83,83,78,50,50,76,57,87,87,87,87,87,87,87,75,75,75,81,87,75,75,87,87,19,87,78,62,62,10,10,34,0],"gold":150,"neow_bonus":"RANDOM_COMMON_RELIC","is_prod":false,"is_daily":false,"chose_seed":false,"campfire_upgraded":5,"win_rate":0,"timestamp":1566645213,"path_taken":["M","$","M","M","M","R","M","R","T","E","?","M","E","?","R","BOSS","M","$","?","M","?","R","M","R","T","?","M","M","?","M","R","BOSS","M","?","$","M","?","R","E"],"build_version":"2019-07-17","purchased_purges":2,"victory":false,"max_hp_per_floor":[80,80,80,80,80,80,80,80,87,87,87,87,87,87,87,87,87,87,87,87,87,87,87,87,87,87,87,87,87,87,87,87,87,87,87,87,87,87,83,83,83],"card_choices":[{"not_picked":["True Grit","Wild Strike"],"picked":"Headbutt","floor":1},{"not_picked":["Body Slam","Pommel Strike"],"picked":"Shrug It Off","floor":3},{"not_picked":["Infernal Blade","Sword Boomerang"],"picked":"Ghostly Armor","floor":4},{"not_picked":["True Grit","Sentinel"],"picked":"Intimidate","floor":5},{"not_picked":["Evolve","Twin Strike","Clash"],"picked":"SKIP","floor":7},{"not_picked":["Pummel","Brutality"],"picked":"Spot Weakness","floor":10},{"not_picked":["Heavy Blade","Thunderclap","Flex"],"picked":"SKIP","floor":12},{"not_picked":["Feel No Pain","Heavy Blade"],"picked":"Whirlwind","floor":13},{"not_picked":["Offering","Berserk"],"picked":"Bludgeon","floor":16},{"not_picked":["Hemokinesis","Wild Strike"],"picked":"Clothesline+1","floor":18},{"not_picked":["Havoc","Second Wind+1"],"picked":"True Grit","floor":21},{"not_picked":["Havoc","Anger"],"picked":"Uppercut","floor":22},{"not_picked":["Feel No Pain","Warcry","Anger+1"],"picked":"SKIP","floor":24},{"not_picked":["Twin Strike","Reckless Charge"],"picked":"Power Through","floor":27},{"not_picked":["Sword Boomerang","Clash"],"picked":"Disarm+1","floor":28},{"not_picked":["Power Through","Headbutt+1"],"picked":"Pommel Strike","floor":29},{"not_picked":["Seeing Red+1","Heavy Blade"],"picked":"Flame Barrier","floor":31},{"not_picked":["Berserk","Feed"],"picked":"Impervious","floor":33},{"not_picked":["Cleave+1","Bloodletting","Corruption"],"picked":"SKIP","floor":35},{"not_picked":["Flex+1","Searing Blow"],"picked":"Shrug It Off","floor":36},{"not_picked":["Twin Strike+1","Perfected Strike+1","Headbutt+1"],"picked":"SKIP","floor":38}],"player_experience":160031,"relics_obtained":[{"floor":9,"key":"Strawberry"},{"floor":10,"key":"Bottled Flame"},{"floor":13,"key":"Boot"},{"floor":26,"key":"MawBank"},{"floor":27,"key":"Red Mask"}],"event_choices":[{"damage_healed":0,"gold_gain":0,"player_choice":"Searched \u00270\u0027 times","damage_taken":0,"max_hp_gain":0,"max_hp_loss":0,"event_name":"Dead Adventurer","floor":11,"gold_loss":0},{"damage_healed":0,"gold_gain":0,"player_choice":"Ignored","damage_taken":0,"max_hp_gain":0,"max_hp_loss":0,"event_name":"Liars Game","floor":14,"gold_loss":0},{"damage_healed":0,"gold_gain":100,"player_choice":"Bet on Murderer","damage_taken":0,"max_hp_gain":0,"max_hp_loss":0,"event_name":"The Joust","floor":20,"gold_loss":50},{"damage_healed":0,"gold_gain":0,"player_choice":"Fought Bandits","damage_taken":0,"max_hp_gain":0,"max_hp_loss":0,"event_name":"Masked Bandits","floor":27,"gold_loss":0},{"cards_removed":["Strike_R"],"damage_healed":0,"gold_gain":0,"player_choice":"Offered Basic","damage_taken":0,"max_hp_gain":0,"max_hp_loss":0,"event_name":"Bonfire Elementals","floor":30,"gold_loss":0},{"damage_healed":0,"gold_gain":0,"player_choice":"Max HP","damage_taken":0,"max_hp_gain":0,"max_hp_loss":4,"event_name":"Winding Halls","floor":39,"gold_loss":0}],"is_beta":false,"boss_relics":[{"not_picked":["Calling Bell","Pandora\u0027s Box"],"picked":"Mark of Pain"},{"not_picked":["Empty Cage","Black Star"],"picked":"Cursed Key"}],"items_purged_floors":[19,37],"is_endless":false,"potions_floor_spawned":[3,5,7,16,21,24,27,35],"killed_by":"Giant Head","ascension_level":3}