{"gold_per_floor":[111,111,125,136,154,184,199,199,199,231,231,264,25,41,41,142,142,156,176,206,219,229,258,258,291,291,291,7,25,55,73,73,178,178,196,196,196,208,228,228,228,228,228,228,247,260,14,45,45,45,45,45,12,41,41],"floor_reached":55,"playtime":2851,"items_purged":["Decay"],"score":884,"play_id":"2aef0ac5-82ab-49b0-83fb-93be719b1357","local_time":"20181126204426","is_ascension_mode":false,"campfire_choices":[{"floor":8.0,"key":"REST"},{"floor":11.0,"key":"REST"},{"floor":15.0,"key":"RECALL"},{"floor":24.0,"key":"REST"},{"data":"Buffer","floor":32.0,"key":"SMITH"},{"data":"Dramatic Entrance","floor":40.0,"key":"SMITH"},{"data":"Go for the Eyes","floor":42.0,"key":"SMITH"},{"floor":49.0,"key":"REST"},{"data":"BootSequence","floor":52.0,"key":"SMITH"}],"neow_cost":"NONE","seed_source_timestamp":0,"circlet_count":0,"master_deck":["Strike_B","Strike_B","Strike_B","Strike_B","Defend_B","Defend_B","Defend_B","Defend_B","Zap","Dualcast","BootSequence+1","Ball Lightning","Go for the Eyes+1","Fusion","Sunder","Sweeping Beam","Hologram","Apotheosis+1","Beam Cell","Buffer+1","Compile Driver","Streamline+1","Cold Snap","Multi-Cast","Loop","Melter","Ball Lightning","Streamline+1","Biased Cognition","Go for the Eyes","Zap","Trip","Dramatic Entrance+1","Madness","Madness","Redo","Leap","Doom and Gloom+1","Double Energy"],"special_seed":0,"relics":["Cracked Core","PreservedInsect","Happy Flower","DataDisk","Shuriken","Snecko Eye","Tiny Chest","Symbiotic Virus","Mango","Bottled Lightning","Pantograph","Juzu Bracelet","Busted Crown","Anchor","StoneCalendar","The Courier"],"potions_floor_usage":[55],"damage_taken":[{"damage":1.0,"enemies":"Jaw Worm","floor":1.0,"turns":3.0},{"damage":7.0,"enemies":"Cultist","floor":3.0,"turns":4.0},{"damage":1.0,"enemies":"2 Louse","floor":4.0,"turns":2.0},{"damage":9.0,"enemies":"2 Fungi Beasts","floor":5.0,"turns":4.0},{"damage":28.0,"enemies":"3 Sentries","floor":6.0,"turns":6.0},{"damage":12.0,"enemies":"Gremlin Gang","floor":7.0,"turns":3.0},{"damage":33.0,"enemies":"Lagavulin","floor":10.0,"turns":4.0},{"damage":8.0,"enemies":"Gremlin Nob","floor":12.0,"turns":3.0},{"damage":0.0,"enemies":"Looter","floor":14.0,"turns":2.0},{"damage":9.0,"enemies":"Hexaghost","floor":16.0,"turns":7.0},{"damage":0.0,"enemies":"Shell Parasite","floor":18.0,"turns":3.0},{"damage":0.0,"enemies":"Chosen","floor":19.0,"turns":3.0},{"damage":9.0,"enemies":"Centurion and Healer","floor":21.0,"turns":4.0},{"damage":15.0,"enemies":"Snake Plant","floor":22.0,"turns":4.0},{"damage":30.0,"enemies":"Book of Stabbing","floor":23.0,"turns":4.0},{"damage":0.0,"enemies":"Slavers","floor":25.0,"turns":2.0},{"damage":3.0,"enemies":"3 Cultists","floor":29.0,"turns":4.0},{"damage":0.0,"enemies":"Book of Stabbing","floor":30.0,"turns":2.0},{"damage":12.0,"enemies":"Shelled Parasite and Fungi","floor":31.0,"turns":3.0},{"damage":23.0,"enemies":"Champ","floor":33.0,"turns":7.0},{"damage":19.0,"enemies":"Orb Walker","floor":35.0,"turns":3.0},{"damage":0.0,"enemies":"3 Shapes","floor":38.0,"turns":3.0},{"damage":5.0,"enemies":"Sphere and 2 Shapes","floor":39.0,"turns":3.0},{"damage":7.0,"enemies":"3 Darklings","floor":45.0,"turns":3.0},{"damage":0.0,"enemies":"Spire Growth","floor":46.0,"turns":3.0},{"damage":0.0,"enemies":"Reptomancer","floor":48.0,"turns":3.0},{"damage":48.0,"enemies":"Donu and Deca","floor":50.0,"turns":5.0},{"damage":21.0,"enemies":"Shield and Spear","floor":54.0,"turns":4.0},{"damage":96,"enemies":"The Heart","floor":55,"turns":5}],"seed_played":"8085884879878769609","potions_obtained":[{"floor":3.0,"key":"Block Potion"},{"floor":4.0,"key":"Swift Potion"},{"floor":12.0,"key":"Fire Potion"},{"floor":14.0,"key":"Ancient Potion"},{"floor":21.0,"key":"SkillPotion"},{"floor":22.0,"key":"PowerPotion"},{"floor":29.0,"key":"Explosive Potion"},{"floor":30.0,"key":"Weak Potion"},{"floor":33.0,"key":"Energy Potion"},{"floor":48.0,"key":"Swift Potion"},{"floor":54.0,"key":"Strength Potion"}],"is_trial":false,"path_per_floor":["M","?","M","M","M","E","M","R","T","E","R","E","$","M","R","B",null,"M","M","?","M","M","E","R","E","T","?","$","M","E","M","R","B",null,"M","?","?","M","M","R","?","R","T","?","M","M","$","E","R","B",null,"R","$","E","B"],"character_chosen":"DEFECT","items_purchased":["Apotheosis","Melter","Pantograph","Leap","Anchor","Block Potion","Double Energy"],"campfire_rested":4,"item_purchase_floors":[13,28,28,47,47,47,53],"current_hp_per_floor":[81,81,74,73,64,36,24,48,48,15,39,31,31,31,31,22,82,82,82,82,73,58,28,52,66,66,66,66,63,63,51,51,53,96,77,77,77,77,72,72,72,72,72,60,53,53,53,53,81,48,96,96,96,75,0],"gold":41,"neow_bonus":"TEN_PERCENT_HP_BONUS","is_prod":false,"is_daily":false,"chose_seed":false,"campfire_upgraded":4,"win_rate":0,"timestamp":1543293866,"path_taken":["M","?","M","M","M","E","M","R","T","E","R","E","$","M","R","BOSS","M","?","?","M","M","E","R","E","T","?","$","?","E","M","R","BOSS","M","?","?","M","M","R","?","R","T","?","M","M","$","E","R","BOSS","R","$","E","BOSS"],"build_version":"2018-11-15","purchased_purges":1,"victory":false,"max_hp_per_floor":[82,82,82,82,82,82,82,82,82,82,82,82,82,82,82,82,82,82,82,82,82,82,82,82,96,96,96,96,96,96,96,96,96,96,96,96,96,96,96,96,96,96,96,96,96,96,96,96,96,96,96,96,96,96,96],"card_choices":[{"not_picked":["Compile Driver","Glacier"],"picked":"BootSequence","floor":1.0},{"not_picked":["Rebound","Hologram"],"picked":"Ball Lightning","floor":3.0},{"not_picked":["Compile Driver","Conserve Battery"],"picked":"Go for the Eyes","floor":4.0},{"not_picked":["Creative AI","Stack"],"picked":"Fusion","floor":5.0},{"not_picked":["Hyperbeam","Compile Driver"],"picked":"Sunder","floor":6.0},{"not_picked":["Turbo","Hello World"],"picked":"Sweeping Beam","floor":7.0},{"not_picked":["Tempest","Chaos","Scrape"],"picked":"SKIP","floor":10.0},{"not_picked":["Aggregate","Stack"],"picked":"Hologram","floor":12.0},{"not_picked":["Lockon","Force Field"],"picked":"Beam Cell","floor":14.0},{"not_picked":["Reboot","Creative AI"],"picked":"Buffer","floor":16.0},{"not_picked":["Go for the Eyes","Blizzard+1"],"picked":"Compile Driver","floor":18.0},{"not_picked":["Go for the Eyes","Scrape+1"],"picked":"Streamline+1","floor":19.0},{"not_picked":["Conserve Battery","Sunder"],"picked":"Cold Snap","floor":21.0},{"not_picked":["Thunder Strike","Beam Cell"],"picked":"Darkness+1","floor":22.0},{"not_picked":["Streamline","Tempest"],"picked":"Multi-Cast","floor":23.0},{"not_picked":["Reprogram","Doom and Gloom"],"picked":"Loop","floor":25.0},{"not_picked":["Compile Driver","Steam+1"],"picked":"Ball Lightning","floor":29.0},{"not_picked":["Stack+1","Turbo+1"],"picked":"Streamline+1","floor":30.0},{"not_picked":["Gash","Barrage","Scrape"],"picked":"SKIP","floor":31.0},{"not_picked":["Fission","Reboot"],"picked":"Biased Cognition","floor":33.0},{"not_picked":[],"picked":"Go for the Eyes","floor":35.0},{"not_picked":[],"picked":"Dramatic Entrance","floor":37.0},{"not_picked":["Blizzard"],"picked":"SKIP","floor":38.0},{"not_picked":["Melter"],"picked":"SKIP","floor":39.0},{"not_picked":["Scrape+1"],"picked":"SKIP","floor":45.0},{"not_picked":[],"picked":"Redo","floor":46.0},{"not_picked":[],"picked":"Doom and Gloom+1","floor":48.0},{"not_picked":["Skim"],"picked":"SKIP","floor":54.0}],"player_experience":676016,"relics_obtained":[{"floor":6.0,"key":"PreservedInsect"},{"floor":9.0,"key":"Happy Flower"},{"floor":10.0,"key":"DataDisk"},{"floor":12.0,"key":"Shuriken"},{"floor":23.0,"key":"Symbiotic Virus"},{"floor":25.0,"key":"Mango"},{"floor":26.0,"key":"Bottled Lightning"},{"floor":30.0,"key":"Juzu Bracelet"},{"floor":48.0,"key":"StoneCalendar"},{"floor":54.0,"key":"The Courier"}],"event_choices":[{"damage_healed":0.0,"max_hp_gain":0.0,"max_hp_loss":0.0,"gold_gain":0.0,"event_name":"Wheel of Change","player_choice":"Cursed","floor":2.0,"gold_loss":0.0,"damage_taken":0.0,"cards_obtained":["Decay"]},{"damage_healed":0.0,"max_hp_gain":0.0,"max_hp_loss":0.0,"gold_gain":0.0,"event_name":"The Mausoleum","player_choice":"Opened","floor":20.0,"gold_loss":0.0,"damage_taken":0.0,"relics_obtained":["Tiny Chest"]},{"damage_healed":0.0,"max_hp_gain":0.0,"max_hp_loss":0.0,"gold_gain":0.0,"event_name":"Upgrade Shrine","player_choice":"Upgraded","floor":27.0,"gold_loss":0.0,"damage_taken":0.0,"cards_upgraded":["Apotheosis"]},{"damage_healed":0.0,"max_hp_gain":0.0,"max_hp_loss":0.0,"gold_gain":0.0,"event_name":"Match and Keep!","player_choice":"2 cards matched","floor":36.0,"gold_loss":0.0,"damage_taken":0.0,"cards_obtained":["Zap","Trip"]},{"damage_healed":0.0,"max_hp_gain":0.0,"max_hp_loss":0.0,"gold_gain":0.0,"event_name":"SensoryStone","player_choice":"Memory 1","floor":37.0,"gold_loss":0.0,"damage_taken":0.0},{"cards_removed":["Darkness"],"damage_healed":0.0,"max_hp_gain":0.0,"max_hp_loss":0.0,"gold_gain":0.0,"event_name":"Falling","player_choice":"Removed Skill","floor":41.0,"gold_loss":0.0,"damage_taken":0.0},{"damage_healed":0.0,"max_hp_gain":0.0,"max_hp_loss":0.0,"gold_gain":0.0,"event_name":"Winding Halls","player_choice":"Embrace Madness","floor":44.0,"gold_loss":0.0,"damage_taken":12.0,"cards_obtained":["Madness","Madness"]}],"is_beta":false,"boss_relics":[{"not_picked":["Lizard Tail","Runic Dome"],"picked":"Snecko Eye"},{"not_picked":["Philosopher\u0027s Stone","Empty Cage"],"picked":"Busted Crown"}],"items_purged_floors":[13],"is_endless":false,"potions_floor_spawned":[3,4,12,14,21,22,29,30,33,35,45,48,54],"killed_by":"The Heart","ascension_level":0}