{"path_per_floor":["M","?","?","?","M","R","E","R","T","$","M","R","M","E","R","B",null,"M","M","?","$","T","R","E","?","T","?","$","R","M"],"character_chosen":"DEFECT","items_purchased":["Impulse","Strawberry","FTL","Leap","Regal Pillow"],"gold_per_floor":[111,111,286,286,298,298,328,328,354,227,247,247,266,300,300,401,401,415,427,427,172,172,172,205,120,193,193,37,37,55,55],"floor_reached":31,"campfire_rested":4,"playtime":1141,"current_hp_per_floor":[69,62,62,62,61,61,30,52,52,52,39,61,58,43,43,21,77,22,3,3,10,12,37,26,26,28,28,28,69,46,0],"items_purged":["Doubt"],"gold":55,"score":311,"play_id":"20b60333-13f8-43a8-bf40-f7bdf34c506e","local_time":"20180505170413","is_prod":false,"is_daily":false,"chose_seed":false,"is_ascension_mode":true,"campfire_upgraded":2,"timestamp":1525554253,"path_taken":["M","?","?","?","M","R","E","R","T","$","?","R","M","E","R","BOSS","M","M","?","$","?","R","E","?","T","?","$","R","M","E"],"build_version":"2018-05-03","seed_source_timestamp":0,"purchased_purges":1,"victory":false,"master_deck":["Strike_B","Strike_B","Strike_B","Defend_B","Defend_B","Defend_B","Defend_B","Zap","Dualcast+1","Static Discharge+1","Buffer","Impulse","Barrage","Hologram+1","Thunder Strike","Leap","Capacitor","FTL","Leap","Writhe","Auto Shields","Ball Lightning"],"max_hp_per_floor":[75,75,75,75,75,75,75,75,75,75,75,75,77,77,77,77,77,77,77,77,84,86,86,86,86,88,88,88,88,88,88],"relics":["Lizard Tail","Singing Bowl","Prayer Wheel","Blood Vial","Cursed Key","Strawberry","Omamori","Vajra","Emotion Chip","Toxic Egg 2","Sundial","Regal Pillow"],"card_choices":[{"not_picked":["Loop","Coolheaded"],"picked":"Static Discharge","floor":1.0},{"not_picked":["Aggregate","Undo"],"picked":"Buffer","floor":7.0},{"not_picked":["Impulse","Coolheaded"],"picked":"Barrage","floor":11.0},{"not_picked":["Doom and Gloom","Stack"],"picked":"Hologram","floor":14.0},{"not_picked":["Meteor Strike","Seek"],"picked":"Thunder Strike","floor":16.0},{"not_picked":["Axe Kick","Impulse"],"picked":"Leap","floor":18.0},{"not_picked":["Rebound","Impulse"],"picked":"Capacitor","floor":19.0},{"not_picked":["Sunder","Stack"],"picked":"Auto Shields","floor":24.0},{"not_picked":["Turbo","Hologram"],"picked":"Ball Lightning","floor":30}],"player_experience":717026,"potions_floor_usage":[31],"damage_taken":[{"damage":6.0,"enemies":"Jaw Worm","floor":1.0,"turns":5.0},{"damage":1.0,"enemies":"2 Louse","floor":5.0,"turns":4.0},{"damage":31.0,"enemies":"3 Sentries","floor":7.0,"turns":5.0},{"damage":13.0,"enemies":"Small Slimes","floor":11.0,"turns":2.0},{"damage":5.0,"enemies":"Looter","floor":13.0,"turns":4.0},{"damage":15.0,"enemies":"Lagavulin","floor":14.0,"turns":7.0},{"damage":24.0,"enemies":"Slime Boss","floor":16.0,"turns":10.0},{"damage":55.0,"enemies":"2 Thieves","floor":18.0,"turns":4.0},{"damage":21.0,"enemies":"Chosen","floor":19.0,"turns":6.0},{"damage":57.0,"enemies":"Slavers","floor":24.0,"turns":5.0},{"damage":25,"enemies":"Centurion and Healer","floor":30,"turns":5},{"damage":55,"enemies":"Gremlin Leader","floor":31,"turns":4}],"event_choices":[{"event_name":"Golden Wing","player_choice":"Card Removal","floor":2.0,"damage_taken":0.0},{"event_name":"Liars Game","player_choice":"agreed","floor":3.0,"damage_taken":0.0},{"event_name":"Upgrade Shrine","player_choice":"Upgraded","floor":4.0,"damage_taken":0.0},{"event_name":"Cursed Tome","player_choice":"Ignored","floor":20.0,"damage_taken":0.0},{"event_name":"Addict","player_choice":"Obtained Relic","floor":25.0,"damage_taken":0.0},{"event_name":"The Mausoleum","player_choice":"Yes","floor":27.0,"damage_taken":0.0}],"boss_relics":[],"potions_floor_spawned":[1,7,14,24,30],"seed_played":"1597168432010474854","killed_by":"Gremlin Leader","ascension_level":4,"is_trial":false}