{"gold_per_floor":[114,128,140,154,166,199,219,219,244,254,309,309,328,328,328,426,426,439,283,309,327,327,327,360,69,95,95,146,146,146,162,162,257,257,291,302,347,347,361,361,378,378,405,420,36,53,72,72,72,72],"floor_reached":51,"playtime":2249,"items_purged":["Zap","Dualcast","Pain"],"score":671,"play_id":"87b4b004-49ca-4f1c-8105-fc808576e3cc","local_time":"20190110204017","is_ascension_mode":false,"campfire_choices":[{"floor":8,"key":"REST"},{"floor":12,"key":"REST"},{"data":"White Noise","floor":15,"key":"SMITH"},{"data":"Hyperbeam","floor":23,"key":"SMITH"},{"floor":27,"key":"REST"},{"floor":30,"key":"REST"},{"data":"Beam Cell","floor":32,"key":"SMITH"},{"data":"Seek","floor":40,"key":"SMITH"},{"data":"Machine Learning","floor":42,"key":"SMITH"},{"floor":49,"key":"REST"}],"neow_cost":"NONE","seed_source_timestamp":75142541209730,"circlet_count":0,"master_deck":["Strike_B+1","Strike_B+1","Strike_B+1","Strike_B+1","Defend_B+1","Defend_B+1","Defend_B+1","Defend_B+1","Sweeping Beam","Ball Lightning","White Noise+1","Leap","Seek+1","Conserve Battery","Leap","Go for the Eyes","Hyperbeam+1","Auto Shields","Core Surge","Fusion","Beam Cell+1","FTL","Steam+1","Capacitor","Beam Cell+1","Machine Learning+1","Sunder+1"],"relics":["Cracked Core","Prayer Wheel","Boot","Tiny Chest","WarpedTongs","Lizard Tail","Pen Nib","Ancient Tea Set","Toolbox","Lantern","Bag of Marbles","The Courier","Nuclear Battery","Thread and Needle","Nunchaku","Art of War","Toy Ornithopter","Anchor"],"potions_floor_usage":[7,7,33,33,50,50,50,50],"damage_taken":[{"damage":1,"enemies":"Cultist","floor":1,"turns":3},{"damage":7,"enemies":"Small Slimes","floor":2,"turns":2},{"damage":6,"enemies":"Jaw Worm","floor":3,"turns":3},{"damage":9,"enemies":"Blue Slaver","floor":4,"turns":4},{"damage":11,"enemies":"Looter","floor":5,"turns":3},{"damage":31,"enemies":"Lagavulin","floor":6,"turns":4},{"damage":5,"enemies":"Lots of Slimes","floor":7,"turns":4},{"damage":0,"enemies":"Blue Slaver","floor":10,"turns":4},{"damage":1,"enemies":"Looter","floor":13,"turns":3},{"damage":39,"enemies":"Hexaghost","floor":16,"turns":11},{"damage":17,"enemies":"2 Thieves","floor":18,"turns":4},{"damage":8,"enemies":"Chosen","floor":21,"turns":4},{"damage":24,"enemies":"Book of Stabbing","floor":24,"turns":5},{"damage":15,"enemies":"Centurion and Healer","floor":31,"turns":5},{"damage":48,"enemies":"Champ","floor":33,"turns":11},{"damage":0,"enemies":"3 Shapes","floor":35,"turns":1},{"damage":0,"enemies":"3 Darklings","floor":36,"turns":1},{"damage":20,"enemies":"2 Orb Walkers","floor":37,"turns":4},{"damage":5,"enemies":"Transient","floor":39,"turns":5},{"damage":7,"enemies":"Spire Growth","floor":41,"turns":4},{"damage":4,"enemies":"Jaw Worm Horde","floor":44,"turns":2},{"damage":0,"enemies":"Maw","floor":46,"turns":7},{"damage":3,"enemies":"4 Shapes","floor":47,"turns":5},{"damage":19,"enemies":"Awakened One","floor":50,"turns":16}],"seed_played":"7885356693643968535","potions_obtained":[{"floor":1,"key":"Dexterity Potion"},{"floor":2,"key":"SteroidPotion"},{"floor":4,"key":"SteroidPotion"},{"floor":6,"key":"SkillPotion"},{"floor":10,"key":"Block Potion"},{"floor":24,"key":"SpeedPotion"},{"floor":35,"key":"SpeedPotion"},{"floor":39,"key":"EntropicBrew"}],"is_trial":false,"path_per_floor":["M","M","M","M","M","E","M","R","T","M","T","R","M","?","R","B",null,"M","$","T","M","?","R","E","$","T","R","T","T","R","M","R","B",null,"M","M","?","T","M","R","M","R","T","M","$","M","M","?","R","B",null],"character_chosen":"DEFECT","items_purchased":["FTL","Toolbox","Toy Ornithopter","Anchor"],"campfire_rested":5,"item_purchase_floors":[19,25,45,45],"current_hp_per_floor":[74,67,61,52,41,10,5,27,27,27,27,49,48,48,48,9,75,58,58,58,50,50,50,26,26,26,48,48,48,70,55,55,7,75,75,75,55,55,50,50,43,43,43,39,39,39,36,36,57,58],"gold":72,"neow_bonus":"THREE_CARDS","is_prod":false,"is_daily":false,"chose_seed":false,"campfire_upgraded":5,"win_rate":0,"timestamp":1547170817,"path_taken":["M","M","M","M","M","E","M","R","T","M","?","R","M","?","R","BOSS","M","$","?","M","?","R","E","$","T","R","?","?","R","M","R","BOSS","M","?","?","?","M","R","M","R","T","M","$","M","M","?","R","BOSS"],"build_version":"2019-01-09","purchased_purges":3,"victory":true,"max_hp_per_floor":[75,75,75,75,75,75,75,75,75,75,75,75,75,75,75,75,75,75,75,75,75,75,75,75,75,75,75,75,75,75,75,75,75,75,75,75,75,75,75,75,75,75,75,75,75,75,75,71,71,71],"card_choices":[{"not_picked":["Leap","Barrage"],"picked":"Sweeping Beam","floor":0},{"not_picked":["Barrage","Leap"],"picked":"Ball Lightning","floor":1},{"not_picked":["Sweeping Beam","Streamline"],"picked":"White Noise","floor":2},{"not_picked":["Streamline","Skim"],"picked":"Leap","floor":3},{"not_picked":["Steam","Reprogram","Compile Driver"],"picked":"SKIP","floor":4},{"not_picked":["Streamline","Loop"],"picked":"Seek","floor":5},{"not_picked":["Melter","Lockon"],"picked":"Conserve Battery","floor":6},{"not_picked":["Compile Driver","Sweeping Beam"],"picked":"Leap","floor":7},{"not_picked":["Coolheaded","Stack","Streamline"],"picked":"SKIP","floor":7},{"not_picked":["Force Field","Compile Driver"],"picked":"Go for the Eyes","floor":10},{"not_picked":["Barrage","Conserve Battery","Aggregate"],"picked":"SKIP","floor":10},{"not_picked":["Coolheaded","Turbo"],"picked":"Hyperbeam","floor":13},{"not_picked":["Conserve Battery","Ball Lightning"],"picked":"Auto Shields","floor":13},{"not_picked":["Multi-Cast","Reboot"],"picked":"Core Surge","floor":16},{"not_picked":["Chill","Coolheaded"],"picked":"Fusion","floor":18},{"not_picked":["Turbo","Cold Snap"],"picked":"Beam Cell","floor":18},{"not_picked":["Doom and Gloom","Leap","Heatsinks"],"picked":"SKIP","floor":21},{"not_picked":["Doom and Gloom","Defragment","Compile Driver+1"],"picked":"SKIP","floor":21},{"not_picked":["Compile Driver","Conserve Battery","Amplify"],"picked":"SKIP","floor":24},{"not_picked":["Ball Lightning","Rebound","Leap"],"picked":"SKIP","floor":31},{"not_picked":["Scrape+1","Sweeping Beam","Rebound"],"picked":"SKIP","floor":31},{"not_picked":["Beam Cell+1","Ball Lightning+1"],"picked":"Steam+1","floor":35},{"not_picked":["Chill+1","Turbo"],"picked":"Capacitor","floor":35},{"not_picked":["Tempest","Auto Shields+1","Recycle"],"picked":"SKIP","floor":36},{"not_picked":["Glacier+1","Chill","Sweeping Beam"],"picked":"SKIP","floor":36},{"not_picked":["Cold Snap+1","Scrape"],"picked":"Beam Cell+1","floor":39},{"not_picked":["Reinforced Body","Beam Cell","Coolheaded+1"],"picked":"SKIP","floor":39},{"not_picked":["Static Discharge","Darkness"],"picked":"Machine Learning","floor":41},{"not_picked":["Redo","Defragment+1","Compile Driver+1"],"picked":"SKIP","floor":41},{"not_picked":["Fusion","Steam","Stack"],"picked":"SKIP","floor":44},{"not_picked":["Hologram","Undo","Leap+1"],"picked":"SKIP","floor":44},{"not_picked":["Force Field","Lockon"],"picked":"Sunder+1","floor":46},{"not_picked":["Barrage+1","Rebound+1","Defragment"],"picked":"SKIP","floor":46},{"not_picked":["Conserve Battery+1","Loop","Sweeping Beam"],"picked":"SKIP","floor":47},{"not_picked":["Turbo","Redo","Sweeping Beam+1"],"picked":"SKIP","floor":47}],"player_experience":889142,"relics_obtained":[{"floor":6,"key":"Prayer Wheel"},{"floor":9,"key":"Boot"},{"floor":11,"key":"Tiny Chest"},{"floor":20,"key":"Pen Nib"},{"floor":24,"key":"Ancient Tea Set"},{"floor":26,"key":"Lantern"},{"floor":28,"key":"Bag of Marbles"},{"floor":29,"key":"The Courier"},{"floor":37,"key":"Thread and Needle"},{"floor":38,"key":"Nunchaku"},{"floor":43,"key":"Art of War"}],"event_choices":[{"damage_healed":0,"gold_gain":0,"player_choice":"Rummage","damage_taken":0,"relics_obtained":["WarpedTongs"],"max_hp_gain":0,"max_hp_loss":0,"event_name":"Accursed Blacksmith","floor":14,"gold_loss":0,"cards_obtained":["Pain"]},{"damage_healed":0,"gold_gain":0,"player_choice":"Simplicity","damage_taken":0,"max_hp_gain":0,"max_hp_loss":0,"event_name":"Back to Basics","floor":22,"gold_loss":0,"cards_upgraded":["Strike_B","Strike_B","Strike_B","Strike_B","Defend_B","Defend_B","Defend_B","Defend_B"]},{"damage_healed":0,"gold_gain":0,"player_choice":"Fight","damage_taken":0,"max_hp_gain":0,"max_hp_loss":0,"event_name":"Mysterious Sphere","floor":37,"gold_loss":0},{"damage_healed":0,"gold_gain":0,"player_choice":"Max HP","damage_taken":0,"max_hp_gain":0,"max_hp_loss":4,"event_name":"Winding Halls","floor":48,"gold_loss":0}],"is_beta":true,"boss_relics":[{"not_picked":["Inserter","Calling Bell"],"picked":"Lizard Tail"},{"not_picked":["Runic Dome","Astrolabe"],"picked":"Nuclear Battery"}],"items_purged_floors":[19,25,45],"is_endless":false,"potions_floor_spawned":[1,2,4,6,10,24,35,39,44],"ascension_level":0}