{"path_per_floor":["M","?","M","$","M","R","?","R","T","$","?","R","M","T","R","B",null,"M","?","?","M","M","R","?","M","T","$","R","M","?","$","R","B",null,"M","?","M","?","M","R","M","R","T","?","T","M","R","M","R","B"],"character_chosen":"DEFECT","items_purchased":[],"gold_per_floor":[10,10,30,30,50,50,15,15,15,15,15,15,27,27,27,130,130,130,53,53,53,53,53,3,3,3,3,3,3,3,3,3,3,3,3,3,3,3,3,3,3,3,3,3,3,3,3,3,3,3],"floor_reached":51,"campfire_rested":3,"playtime":1569,"current_hp_per_floor":[65,65,65,65,65,65,75,75,75,75,75,75,69,69,69,14,60,60,60,60,40,30,52,52,42,42,42,64,55,55,55,55,14,60,57,47,44,44,41,63,61,61,61,75,75,74,74,66,66,8],"items_purged":[],"gold":3,"score":906,"play_id":"5de39f65-03b6-40db-8e22-447b272184b0","local_time":"20180506164636","is_prod":false,"is_daily":false,"chose_seed":false,"is_ascension_mode":true,"campfire_upgraded":5,"timestamp":1525639596,"path_taken":["BOSS","M","?","?","$","M","R","?","R","T","?","?","R","M","?","R","BOSS","M","?","?","M","?","R","?","M","T","$","R","?","?","$","R","BOSS","M","?","M","?","?","R","M","R","T","?","?","M","R","M","R","BOSS"],"build_version":"2018-05-03","seed_source_timestamp":0,"purchased_purges":0,"victory":true,"master_deck":["Strike_B","Strike_B","Strike_B","Strike_B","Defend_B","Defend_B","Defend_B","Zap+1","Dualcast+1","Beam Cell+1","Axe Kick","All For One","Glacier","J.A.X.","Zap+1","Go for the Eyes","White Noise+1","Auto Shields","Seek","Leap","Mind Blast+1","Finesse","Apotheosis","Steam Power+1","Sunder+1","Turbo","Ball Lightning+1","Defragment+1"],"max_hp_per_floor":[75,75,75,75,75,75,75,75,75,75,75,75,75,75,75,75,75,75,75,75,75,75,75,75,75,75,75,75,75,75,75,75,75,75,75,75,75,75,75,75,75,75,75,75,75,75,75,75,75,75],"relics":["Cracked Core","Girya","Question Card","Gremlin Horn","Ectoplasm","Smiling Mask","Nuclear Battery","Orichalcum","Darkstone Periapt"],"card_choices":[{"not_picked":["Reinforced Body","Ball Lightning"],"picked":"Beam Cell","floor":1},{"not_picked":["Chill","Turbo","Multi-Cast"],"picked":"Axe Kick","floor":13},{"not_picked":["Amplify","Fission","Reboot"],"picked":"All For One","floor":16},{"not_picked":["Leap","Turbo","Chill"],"picked":"Glacier","floor":18},{"not_picked":["Static Discharge","Skim","Buffer"],"picked":"Go for the Eyes","floor":21},{"not_picked":["Axe Kick","Barrage","Coolheaded"],"picked":"White Noise","floor":22},{"not_picked":["Capacitor","Glacier","Lockon"],"picked":"Auto Shields","floor":25},{"not_picked":["Reinforced Body","Rainbow","Hologram"],"picked":"Go for the Eyes","floor":29},{"not_picked":["Amplify","Rainbow","Fission"],"picked":"Seek","floor":33},{"not_picked":["Streamline","Go for the Eyes","Hologram"],"picked":"Leap","floor":35},{"not_picked":["Trip","Sadistic Nature","Master of Strategy"],"picked":"Mind Blast","floor":36},{"not_picked":["Jack Of All Trades","Madness","Dramatic Entrance"],"picked":"Finesse","floor":36},{"not_picked":["Panache","Master of Strategy","Trip"],"picked":"Apotheosis","floor":36},{"not_picked":["Leap","Auto Shields","Reinforced Body"],"picked":"Steam Power","floor":37},{"not_picked":["Rip and Tear","Melter","Chaos"],"picked":"Sunder","floor":39},{"not_picked":["Streamline","Sweeping Beam","Leap"],"picked":"Turbo","floor":41},{"not_picked":["Leap","Sweeping Beam","Go for the Eyes"],"picked":"Ball Lightning","floor":46},{"not_picked":["Streamline","Chaos","Leap"],"picked":"Defragment","floor":48}],"player_experience":722327,"potions_floor_usage":[16,33,33,50,50,50],"damage_taken":[{"damage":10,"enemies":"Small Slimes","floor":1,"turns":3},{"damage":0,"enemies":"2 Louse","floor":3,"turns":2},{"damage":0,"enemies":"Cultist","floor":5,"turns":2},{"damage":6,"enemies":"Exordium Wildlife","floor":13,"turns":3},{"damage":55,"enemies":"Hexaghost","floor":16,"turns":8},{"damage":0,"enemies":"Chosen","floor":18,"turns":2},{"damage":20,"enemies":"3 Byrds","floor":21,"turns":4},{"damage":10,"enemies":"Cultist and Chosen","floor":22,"turns":6},{"damage":10,"enemies":"Centurion and Healer","floor":25,"turns":3},{"damage":9,"enemies":"Snecko","floor":29,"turns":6},{"damage":41,"enemies":"Champ","floor":33,"turns":12},{"damage":3,"enemies":"Orb Walker","floor":35,"turns":3},{"damage":3,"enemies":"Flame Bruiser 1 Orb","floor":37,"turns":5},{"damage":3,"enemies":"Sphere and 2 Shapes","floor":39,"turns":3},{"damage":2,"enemies":"Flame Bruiser 2 Orb","floor":41,"turns":3},{"damage":1,"enemies":"Spire Growth","floor":46,"turns":3},{"damage":8,"enemies":"Sphere and 2 Shapes","floor":48,"turns":3},{"damage":73,"enemies":"Awakened One","floor":50,"turns":10}],"event_choices":[{"event_name":"Living Wall","player_choice":"Grow","floor":2,"damage_taken":0},{"event_name":"The Cleric","player_choice":"Healed","floor":7,"damage_taken":0},{"event_name":"Purifier","player_choice":"One Purge","floor":11,"damage_taken":0},{"event_name":"Drug Dealer","player_choice":"Got JAXXED","floor":19,"damage_taken":0},{"event_name":"Match and Keep!","player_choice":"1 cards matched","floor":20,"damage_taken":0},{"event_name":"The Joust","player_choice":"Bet on Owner","floor":24,"damage_taken":0},{"event_name":"Beggar","player_choice":"Ignored","floor":30,"damage_taken":0},{"event_name":"SensoryStone","player_choice":"Memory 3","floor":36,"damage_taken":0},{"event_name":"Wheel of Change","player_choice":"Full Heal","floor":44,"damage_taken":0}],"boss_relics":[{"not_picked":["Philosopher\u0027s Stone","Lizard Tail"],"picked":"Ectoplasm"},{"not_picked":["Runic Pyramid","Velvet Choker"],"picked":"Nuclear Battery"}],"potions_floor_spawned":[13,16,21,29,33,39,46],"seed_played":"-9107541891588665083","ascension_level":5,"is_trial":false}