{"path_per_floor":["M","M","?","M","M","R","E","?","T","E","M","M","E","?","R","B",null,"M","M","$","M","?","R"],"character_chosen":"IRONCLAD","items_purchased":["Rupture","Champion Belt"],"gold_per_floor":[112,128,128,141,157,157,184,184,232,268,283,299,330,330,330,453,453,474,495,114,139,139,139],"floor_reached":24,"campfire_rested":1,"playtime":2123,"current_hp_per_floor":[75,80,85,81,81,81,49,49,49,49,49,57,50,50,50,25,71,63,40,40,34,34,55],"items_purged":[],"gold":139,"play_id":"86d1aecd-76af-4dd6-8f7a-d225579b1945","is_prod":false,"is_daily":false,"campfire_rituals":0,"campfire_upgraded":2,"is_hardmode":false,"path_taken":["M","M","?","M","M","R","E","?","T","E","M","M","E","?","R","BOSS","M","?","$","M","?","R","E"],"build_version":"2017-12-21-BETA1","purchased_purges":0,"victory":false,"master_deck":["Strike_R","Strike_R","Strike_R","Strike_R","Strike_R","Defend_R","Defend_R","Defend_R","Defend_R","Bash","Impervious","Armaments","Rage","Rampage","Injury","Shockwave","Body Slam","Berserk","Inflame","Rupture","Twin Strike"],"max_hp_per_floor":[80,80,85,85,85,85,85,85,85,85,85,87,89,89,89,89,71,73,73,73,73,73,73],"relics":["Burning Blood","Singing Bowl","Bloody Idol","Vajra","Self Forming Clay","Magic Flower","Blue Candle","Runic Cube","Champion Belt"],"campfire_meditates":0,"card_choices":[{"not_picked":["Reckless Charge","Shrug It Off"],"picked":"Impervious"},{"not_picked":["Twin Strike","Second Wind"],"picked":"Armaments"},{"not_picked":["Intimidate","Anger"],"picked":"Rage"},{"not_picked":["Reckless Charge","Sword Boomerang"],"picked":"Rampage"},{"not_picked":["Intimidate","Offering"],"picked":"Shockwave"},{"not_picked":["Inflame","Wild Strike"],"picked":"Body Slam"},{"not_picked":["Impervious","Exhume"],"picked":"Berserk"},{"not_picked":["Sword Boomerang","Cleave"],"picked":"Inflame"},{"not_picked":["Perfected Strike","Clothesline"],"picked":"Twin Strike"}],"player_experience":297669,"potions_floor_usage":[7,10,16,24,24],"damage_taken":[{"damage":11,"enemies":"Blue Slaver","floor":1,"turns":4},{"damage":1,"enemies":"Cultist","floor":2,"turns":3},{"damage":10,"enemies":"Looter","floor":4,"turns":5},{"damage":6,"enemies":"3 Louse","floor":5,"turns":5},{"damage":38,"enemies":"3 Sentries","floor":7,"turns":8},{"damage":6,"enemies":"Gremlin Nob","floor":10,"turns":4},{"damage":6,"enemies":"Lots of Slimes","floor":11,"turns":6},{"damage":0,"enemies":"Large Slime","floor":12,"turns":6},{"damage":15,"enemies":"Lagavulin","floor":13,"turns":9},{"damage":34,"enemies":"Slime Boss","floor":16,"turns":11},{"damage":19,"enemies":"3 Byrds","floor":18,"turns":7},{"damage":32,"enemies":"Spheric Guardian","floor":19,"turns":8},{"damage":15,"enemies":"Snecko","floor":21,"turns":5},{"damage":57,"enemies":"Book of Stabbing","floor":24,"turns":7}],"event_choices":[{"event_name":"Big Fish","player_choice":"Donut","floor":3,"damage_taken":0},{"event_name":"Golden Idol","player_choice":"Take Wound","floor":8,"damage_taken":0},{"event_name":"Wheel of Change","player_choice":"Relic","floor":14,"damage_taken":0},{"event_name":"Forgotten Altar","player_choice":"Gave Idol","floor":22,"damage_taken":0}],"boss_relics":[{"not_picked":["Eternal Feather","Philosopher\u0027s Stone"],"picked":"Runic Cube"}],"potions_floor_spawned":[2,4,11,13,16,21],"seed_played":"-1096067669714179728","killed_by":"Book of Stabbing","is_trial":false}