{"path_per_floor":["M","?","$","M","M","R","E","M","T","?","?","E","$","M","R","B",null,"M","$","?","$","M","R","E","?","T","R","M","M"],"character_chosen":"IRONCLAD","items_purchased":["Shrug It Off","Frozen Egg","Pummel","Armaments"],"gold_per_floor":[112,112,64,84,94,94,126,139,139,139,139,171,14,27,27,125,125,137,137,137,14,0,0,33,33,33,33,51,64],"floor_reached":30,"campfire_rested":2,"playtime":2760,"current_hp_per_floor":[76,76,76,80,74,74,60,37,37,37,63,15,15,33,57,41,80,59,59,59,59,54,64,11,11,18,54,42,15],"items_purged":[],"gold":64,"play_id":"c1a715e4-1eae-4673-a377-eca975e17b2c","is_prod":false,"is_daily":false,"campfire_rituals":0,"campfire_upgraded":2,"is_hardmode":false,"path_taken":["M","?","$","M","M","R","E","M","T","?","?","E","$","?","R","BOSS","M","?","?","$","M","R","E","?","T","R","?","M","M"],"build_version":"2017-12-14-PROD1","purchased_purges":0,"victory":false,"master_deck":["Strike_R","Strike_R","Strike_R","Strike_R","Strike_R","Defend_R","Defend_R","Defend_R","Defend_R","Bash","Rampage","Shrug It Off","Perfected Strike","Flame Barrier","Demon Form","Second Wind","Normality","Whirlwind","Metallicize","Reaper","Armaments","Writhe","Pummel","Armaments","Headbutt","Anger","Pommel Strike","Juggernaut"],"max_hp_per_floor":[80,80,80,80,80,80,80,80,80,80,80,80,80,80,80,80,80,80,80,80,80,80,80,80,80,87,87,87,87],"relics":["Burning Blood","Bag of Preparation","Frozen Eye","Toolbox","Whetstone","Frozen Egg","Eternal Feather","Kunai","Matryoshka","Strawberry","War Paint"],"campfire_meditates":0,"card_choices":[{"not_picked":["True Grit","Dual Wield"],"picked":"Rampage"},{"not_picked":["Hemokinesis","Uppercut"],"picked":"Perfected Strike"},{"not_picked":["Corruption","Clothesline"],"picked":"Flame Barrier"},{"not_picked":["Feed","Brutality"],"picked":"Demon Form"},{"not_picked":["Flex","Pommel Strike"],"picked":"Second Wind"},{"not_picked":["Power Through","Shrug It Off"],"picked":"Whirlwind"},{"not_picked":["Shockwave","Blood for Blood"],"picked":"Metallicize"},{"not_picked":["Barricade","Offering"],"picked":"Reaper"},{"not_picked":["Seeing Red","Warcry"],"picked":"Armaments"},{"not_picked":["Dual Wield","Clash"],"picked":"Headbutt"},{"not_picked":["Armaments","Hemokinesis"],"picked":"Anger"},{"not_picked":["Clothesline","Armaments"],"picked":"Pommel Strike"},{"not_picked":["Intimidate","Reckless Charge"],"picked":"Juggernaut"}],"player_experience":0,"potions_floor_usage":[14,14,16],"damage_taken":[{"damage":10.0,"enemies":"Jaw Worm","floor":1.0,"turns":4.0},{"damage":0.0,"enemies":"Cultist","floor":4.0,"turns":3.0},{"damage":12,"enemies":"Looter","floor":5,"turns":4},{"damage":20,"enemies":"Gremlin Nob","floor":7,"turns":4},{"damage":29,"enemies":"Gremlin Gang","floor":8,"turns":5},{"damage":54,"enemies":"3 Sentries","floor":12,"turns":6},{"damage":0,"enemies":"2 Fungi Beasts","floor":14,"turns":5},{"damage":22,"enemies":"The Guardian","floor":16,"turns":9},{"damage":27,"enemies":"Chosen","floor":18,"turns":6},{"damage":11,"enemies":"2 Thieves","floor":22,"turns":5},{"damage":83,"enemies":"Slavers","floor":24,"turns":5},{"damage":35,"enemies":"Centurion and Healer","floor":28,"turns":8},{"damage":34,"enemies":"Snake Plant","floor":29,"turns":5},{"damage":28,"enemies":"Snecko","floor":30,"turns":4}],"event_choices":[{"event_name":"The Cleric","player_choice":"Leave","floor":2.0,"damage_taken":0.0},{"event_name":"Accursed Blacksmith","player_choice":"Rummage","floor":10,"damage_taken":0},{"event_name":"Big Fish","player_choice":"Banana","floor":11,"damage_taken":0},{"event_name":"The Mausoleum","player_choice":"Yes","floor":20,"damage_taken":0},{"event_name":"Beggar","player_choice":"Ignored","floor":25,"damage_taken":0}],"boss_relics":[{"not_picked":["Black Blood","Snecko Eye"],"picked":"Eternal Feather"}],"potions_floor_spawned":[1,4,12,24,29],"seed_played":"7700576838317739626","killed_by":"Snecko","is_trial":false}