{"gold_per_floor":[116,126,146,8,24,49,49,67,67,96,96,96,110,143,143,247,247,233,251,251,251,264,264,290,310,310,310,310],"floor_reached":28,"playtime":1349,"items_purged":[],"score":310,"play_id":"710c602e-aef7-4813-9abc-58f721a8d23c","local_time":"20190912195606","is_ascension_mode":false,"campfire_choices":[{"data":"LessonLearned","floor":7.0,"key":"SMITH"},{"data":"JustLucky","floor":11.0,"key":"SMITH"},{"data":"SandsOfTime","floor":15.0,"key":"SMITH"},{"data":"Adaptation","floor":23.0,"key":"SMITH"}],"neow_cost":"NONE","seed_source_timestamp":5825210293100,"circlet_count":0,"master_deck":["Strike_P+1","Strike_P+1","Defend_P+1","Defend_P+1","Defend_P+1","Defend_P+1","Eruption","Vigilance+1","SandsOfTime+1","BowlingBash+1","Conclude","LessonLearned+1","ClearTheMind+1","PathToVictory","EmptyFist+1","JustLucky+1","ForeignInfluence+1","ThirdEye+1","DeusExMachina","Crescendo","JustLucky","InnerPeace","Adaptation+1","EmptyMind+1","EmptyMind","Pray","Halt"],"special_seed":0,"relics":["PureWater","Ginger","Meat on the Bone","Pantograph","Ornamental Fan","Black Star","Matryoshka","Kunai","Omamori","Singing Bowl"],"potions_floor_usage":[28,28],"damage_taken":[{"damage":1.0,"enemies":"Cultist","floor":1.0,"turns":4.0},{"damage":0.0,"enemies":"Small Slimes","floor":2.0,"turns":4.0},{"damage":1.0,"enemies":"Jaw Worm","floor":3.0,"turns":3.0},{"damage":13.0,"enemies":"Exordium Wildlife","floor":5.0,"turns":4.0},{"damage":1.0,"enemies":"3 Sentries","floor":6.0,"turns":3.0},{"damage":0.0,"enemies":"Looter","floor":8.0,"turns":4.0},{"damage":31.0,"enemies":"Gremlin Nob","floor":10.0,"turns":5.0},{"damage":0.0,"enemies":"2 Fungi Beasts","floor":13.0,"turns":2.0},{"damage":6.0,"enemies":"3 Sentries","floor":14.0,"turns":4.0},{"damage":0.0,"enemies":"Slime Boss","floor":16.0,"turns":6.0},{"damage":8.0,"enemies":"2 Thieves","floor":18.0,"turns":4.0},{"damage":4.0,"enemies":"Shell Parasite","floor":19.0,"turns":4.0},{"damage":16.0,"enemies":"Centurion and Healer","floor":22.0,"turns":5.0},{"damage":27,"enemies":"Slavers","floor":24,"turns":5},{"damage":4,"enemies":"Snake Plant","floor":25,"turns":4},{"damage":40,"enemies":"Gremlin Leader","floor":28,"turns":7}],"seed_played":"6661945414815000221","potions_obtained":[{"floor":1.0,"key":"SpeedPotion"},{"floor":3.0,"key":"EssenceOfSteel"},{"floor":13.0,"key":"SpeedPotion"},{"floor":14.0,"key":"Dexterity Potion"},{"floor":18.0,"key":"FearPotion"},{"floor":19.0,"key":"PowerPotion"},{"floor":22.0,"key":"DuplicationPotion"}],"is_trial":false,"path_per_floor":["M","M","M","$","M","E","R","M","T","E","R","?","M","E","R","B",null,"M","M","?","?","M","R","E","M","T","?","E"],"character_chosen":"WATCHER","items_purchased":["LessonLearned"],"campfire_rested":0,"item_purchase_floors":[4],"current_hp_per_floor":[70,70,69,69,56,55,55,55,55,36,36,36,36,42,42,67,71,63,59,59,59,43,43,28,36,36,36,0],"gold":310,"neow_bonus":"TEN_PERCENT_HP_BONUS","is_prod":false,"is_daily":false,"chose_seed":false,"campfire_upgraded":4,"win_rate":0.0,"timestamp":1568332566,"path_taken":["M","M","M","?","M","E","R","M","T","E","R","?","M","E","R","BOSS","M","M","?","?","M","R","E","M","T","?","E"],"build_version":"2019-09-11v2","purchased_purges":0,"victory":false,"max_hp_per_floor":[71,71,71,71,71,71,71,71,71,71,71,71,71,71,71,71,71,71,71,71,71,71,71,71,71,71,71,71],"card_choices":[{"not_picked":["Evaluate","WaveOfTheHand"],"picked":"SandsOfTime","floor":1.0},{"not_picked":["Halt","FearNoEvil"],"picked":"BowlingBash","floor":2.0},{"not_picked":["Crescendo","Evaluate"],"picked":"Conclude","floor":3.0},{"not_picked":["FollowUp","JustLucky"],"picked":"ClearTheMind","floor":5.0},{"not_picked":["Unraveling","ClearTheMind"],"picked":"PathToVictory","floor":6.0},{"not_picked":["Weave","CleanseEvil"],"picked":"EmptyFist","floor":8.0},{"not_picked":["FlyingSleeves","Swivel"],"picked":"JustLucky","floor":10.0},{"not_picked":["Omniscience","CrushJoints"],"picked":"ForeignInfluence","floor":13.0},{"not_picked":["Scrawl","Nirvana"],"picked":"ThirdEye","floor":14.0},{"not_picked":["Ragnarok","SignatureMove"],"picked":"DeusExMachina","floor":16.0},{"not_picked":["FollowUp+1","FlyingSleeves"],"picked":"Crescendo","floor":18.0},{"not_picked":["Sanctity+1","Halt"],"picked":"JustLucky","floor":19.0},{"not_picked":["BowlingBash","CutThroughFate+1"],"picked":"Adaptation","floor":22.0},{"not_picked":["FlurryOfBlows","ThirdEye"],"picked":"EmptyMind+1","floor":24},{"not_picked":["Crescendo","Fasting"],"picked":"EmptyMind","floor":25}],"player_experience":772488,"relics_obtained":[{"floor":6.0,"key":"Ginger"},{"floor":9.0,"key":"Meat on the Bone"},{"floor":10.0,"key":"Pantograph"},{"floor":14.0,"key":"Ornamental Fan"},{"floor":24,"key":"Matryoshka"},{"floor":24,"key":"Kunai"},{"floor":26,"key":"Omamori"},{"floor":26,"key":"Singing Bowl"}],"event_choices":[{"damage_healed":0.0,"max_hp_gain":0.0,"max_hp_loss":0.0,"gold_gain":0.0,"event_name":"Liars Game","player_choice":"Ignored","floor":12.0,"gold_loss":0.0,"damage_taken":0.0},{"damage_healed":0.0,"max_hp_gain":0.0,"max_hp_loss":0.0,"gold_gain":0.0,"event_name":"Back to Basics","player_choice":"Simplicity","floor":20.0,"gold_loss":0.0,"damage_taken":0.0,"cards_upgraded":["Strike_P","Strike_P","Strike_P","Strike_P","Defend_P","Defend_P","Defend_P"]},{"damage_healed":0.0,"max_hp_gain":0.0,"max_hp_loss":0.0,"gold_gain":0.0,"event_name":"The Library","player_choice":"Read","floor":21.0,"gold_loss":0.0,"damage_taken":0.0,"cards_obtained":["InnerPeace"]},{"damage_healed":0,"gold_gain":0,"cards_transformed":["Strike_P","Strike_P"],"player_choice":"Became Test Subject","damage_taken":0,"max_hp_gain":0,"max_hp_loss":0,"event_name":"Drug Dealer","floor":27,"gold_loss":0,"cards_obtained":["Pray","Halt"]}],"is_beta":true,"boss_relics":[{"not_picked":["VioletLotus","Tiny House"],"picked":"Black Star"}],"items_purged_floors":[],"is_endless":false,"potions_floor_spawned":[1,3,13,14,18,19,22],"killed_by":"Gremlin Leader","ascension_level":0}