{"gold_per_floor":[115,129,146,72,147,174,174,188,188,188,201,201,231,249,249,322,322,339,350,350,101,115,115,131,131],"floor_reached":25,"playtime":1086,"items_purged":["Strike_G"],"score":355,"play_id":"e3506b78-2888-4593-aa0a-011a9ca75ade","local_time":"20190918005113","is_ascension_mode":true,"campfire_choices":[{"data":"Well Laid Plans","floor":7.0,"key":"SMITH"},{"data":"Dash","floor":10.0,"key":"SMITH"},{"floor":12.0,"key":"REST"},{"floor":15.0,"key":"REST"},{"floor":23,"key":"REST"}],"neow_cost":"NONE","seed_source_timestamp":329364673341325,"circlet_count":0,"master_deck":["AscendersBane","Strike_G","Strike_G","Strike_G","Strike_G","Defend_G","Defend_G","Defend_G","Defend_G","Defend_G","Survivor","Neutralize+1","Slice","Well Laid Plans+1","Slice","Corpse Explosion","Dash+1","Backstab","Cloak And Dagger","Calculated Gamble","Cloak And Dagger","Storm of Steel","CurseOfTheBell","Backflip+1","Backflip+1","Footwork","Cloak And Dagger+1","Terror+1"],"special_seed":0,"relics":["Ring of the Snake","Boot","Anchor","Bottled Flame","Calling Bell","Smiling Mask","Toxic Egg 2","Lizard Tail"],"potions_floor_usage":[22,22],"damage_taken":[{"damage":2.0,"enemies":"Small Slimes","floor":1.0,"turns":5.0},{"damage":7.0,"enemies":"Cultist","floor":2.0,"turns":4.0},{"damage":1.0,"enemies":"Jaw Worm","floor":3.0,"turns":4.0},{"damage":17.0,"enemies":"3 Sentries","floor":6.0,"turns":4.0},{"damage":7.0,"enemies":"2 Fungi Beasts","floor":8.0,"turns":3.0},{"damage":0.0,"enemies":"Looter","floor":11.0,"turns":2.0},{"damage":20.0,"enemies":"Lagavulin","floor":13.0,"turns":6.0},{"damage":0.0,"enemies":"Large Slime","floor":14.0,"turns":4.0},{"damage":11.0,"enemies":"The Guardian","floor":16.0,"turns":15.0},{"damage":4.0,"enemies":"3 Byrds","floor":18.0,"turns":3.0},{"damage":21,"enemies":"Spheric Guardian","floor":19,"turns":6},{"damage":12,"enemies":"Snake Plant","floor":22,"turns":6},{"damage":34,"enemies":"Sentry and Sphere","floor":24,"turns":10},{"damage":29,"enemies":"Gremlin Leader","floor":25,"turns":8}],"seed_played":"-6490252199029503486","potions_obtained":[{"floor":1.0,"key":"DuplicationPotion"},{"floor":2.0,"key":"SteroidPotion"},{"floor":11.0,"key":"Weak Potion"},{"floor":19,"key":"AttackPotion"}],"is_trial":false,"path_per_floor":["M","M","M","$","?","E","R","M","T","R","M","R","E","M","R","B",null,"M","M","?","$","M","R","M","E"],"character_chosen":"THE_SILENT","items_purchased":["Corpse Explosion","Footwork","GhostInAJar","Cloak And Dagger+1"],"campfire_rested":3,"item_purchase_floors":[4,21,21,21],"current_hp_per_floor":[61,54,53,53,42,25,25,18,18,18,18,39,19,19,40,29,60,56,35,35,35,23,44,10,21],"gold":131,"neow_bonus":"UPGRADE_CARD","is_prod":false,"is_daily":false,"chose_seed":false,"campfire_upgraded":2,"win_rate":0,"timestamp":1568793073,"path_taken":["M","M","M","$","?","E","R","M","T","R","M","R","E","M","R","BOSS","M","M","?","$","M","R","M","E"],"build_version":"2019-09-17","purchased_purges":1,"victory":false,"max_hp_per_floor":[70,70,70,70,70,70,70,70,70,70,70,70,70,70,70,70,70,70,70,70,70,70,70,70,70],"card_choices":[{"not_picked":["Expertise","Acrobatics"],"picked":"Slice","floor":1.0},{"not_picked":["Underhanded Strike","Concentrate"],"picked":"Well Laid Plans","floor":2.0},{"not_picked":["Caltrops","Backflip"],"picked":"Slice","floor":3.0},{"not_picked":["Well Laid Plans","Acrobatics"],"picked":"Dash","floor":6.0},{"not_picked":["Blade Dance","PiercingWail"],"picked":"Backstab","floor":8.0},{"not_picked":["Bane","Prepared"],"picked":"Cloak And Dagger","floor":11.0},{"not_picked":["Endless Agony","Backstab"],"picked":"Calculated Gamble","floor":13.0},{"not_picked":["PiercingWail","Outmaneuver"],"picked":"Cloak And Dagger","floor":14.0},{"not_picked":["Burst","Tools of the Trade"],"picked":"Storm of Steel","floor":16.0},{"not_picked":["Skewer","Finisher"],"picked":"Backflip+1","floor":18.0},{"not_picked":["Sucker Punch","Blade Dance+1"],"picked":"Backflip+1","floor":19},{"not_picked":["Outmaneuver+1","Quick Slash","Caltrops"],"picked":"SKIP","floor":22},{"not_picked":["Acrobatics+1","Deflect+1"],"picked":"Terror+1","floor":24}],"player_experience":659771,"relics_obtained":[{"floor":6.0,"key":"Boot"},{"floor":9.0,"key":"Anchor"},{"floor":13.0,"key":"Bottled Flame"},{"floor":17.0,"key":"Smiling Mask"},{"floor":17.0,"key":"Toxic Egg 2"},{"floor":17.0,"key":"Lizard Tail"}],"event_choices":[{"damage_healed":0.0,"max_hp_gain":0.0,"max_hp_loss":0.0,"gold_gain":75.0,"event_name":"World of Goop","player_choice":"Gather Gold","floor":5.0,"gold_loss":0.0,"damage_taken":11.0},{"damage_healed":0,"gold_gain":0,"player_choice":"Leave","damage_taken":0,"max_hp_gain":0,"max_hp_loss":0,"event_name":"FaceTrader","floor":20,"gold_loss":0}],"is_beta":true,"boss_relics":[{"not_picked":["Runic Pyramid","SlaversCollar"],"picked":"Calling Bell"}],"items_purged_floors":[21],"is_endless":false,"potions_floor_spawned":[1,2,3,11,19],"killed_by":"Gremlin Leader","ascension_level":13}