{"gold_per_floor":[119,67,82,82,94,108,108,128,128,128,128,139,139,199,199,199,199],"floor_reached":17,"playtime":738,"items_purged":[],"score":112,"play_id":"37fc499e-933d-43ba-987a-493db60e9697","local_time":"20190911202747","is_ascension_mode":true,"campfire_choices":[{"data":"FlyingSleeves","floor":7.0,"key":"SMITH"},{"data":"Consecrate","floor":9,"key":"SMITH"},{"data":"EmptyFist","floor":11,"key":"SMITH"},{"floor":13,"key":"REST"},{"floor":16,"key":"REST"}],"neow_cost":"PERCENT_DAMAGE","seed_source_timestamp":129722817544858,"circlet_count":0,"master_deck":["Strike_P","Strike_P","Strike_P","Defend_P","Defend_P","Defend_P","Defend_P","Scrawl","Fasting","Consecrate+1","EmptyFist+1","ThirdEye","FlyingSleeves+1","Meditate","ThirdEye","Wallop","Judgement"],"special_seed":0,"relics":["PureWater","Prayer Wheel","Ornamental Fan"],"potions_floor_usage":[14,14,17],"damage_taken":[{"damage":0.0,"enemies":"Small Slimes","floor":1.0,"turns":3.0},{"damage":6.0,"enemies":"Cultist","floor":3.0,"turns":3.0},{"damage":4.0,"enemies":"Red Slaver","floor":5.0,"turns":5.0},{"damage":1.0,"enemies":"2 Fungi Beasts","floor":6.0,"turns":4.0},{"damage":18,"enemies":"Gremlin Gang","floor":8,"turns":5},{"damage":5,"enemies":"Blue Slaver","floor":12,"turns":4},{"damage":12,"enemies":"Gremlin Nob","floor":14,"turns":4},{"damage":60,"enemies":"The Guardian","floor":17,"turns":10}],"seed_played":"6517002403882436353","potions_obtained":[{"floor":1.0,"key":"Weak Potion"},{"floor":3.0,"key":"SpeedPotion"},{"floor":12,"key":"Strength Potion"}],"is_trial":false,"path_per_floor":["M","$","M","M","M","M","R","M","R","T","R","M","R","?","?","R","B"],"character_chosen":"WATCHER","items_purchased":["EmptyFist"],"campfire_rested":2,"item_purchase_floors":[2],"current_hp_per_floor":[47,47,41,41,37,36,36,18,18,18,18,13,32,20,20,39,0],"gold":199,"neow_bonus":"TRANSFORM_TWO_CARDS","is_prod":false,"is_daily":false,"chose_seed":false,"campfire_upgraded":3,"win_rate":0,"timestamp":1568201267,"path_taken":["M","$","M","M","M","M","R","M","R","T","R","M","R","?","?","R","BOSS"],"build_version":"2019-09-10","purchased_purges":0,"victory":false,"max_hp_per_floor":[65,65,65,65,65,65,65,65,65,65,65,65,65,65,65,65,65],"card_choices":[{"not_picked":["Scrawl","Sanctity"],"picked":"Consecrate","floor":1.0},{"not_picked":["StepAndStrike","EmptyFist"],"picked":"ThirdEye","floor":3.0},{"not_picked":["Consecrate","FollowUp"],"picked":"FlyingSleeves","floor":5.0},{"not_picked":["Sanctity","ForeignInfluence"],"picked":"Meditate","floor":6.0},{"not_picked":["JustLucky","EmptyFist"],"picked":"ThirdEye","floor":8},{"not_picked":["Crescendo","CleanseEvil"],"picked":"Wallop","floor":12},{"not_picked":["Meditate","EmptyFist","SpiritShield"],"picked":"SKIP","floor":12}],"player_experience":596927,"relics_obtained":[{"floor":10,"key":"Prayer Wheel"},{"floor":14,"key":"Ornamental Fan"}],"event_choices":[{"damage_healed":0,"gold_gain":0,"player_choice":"Searched \u00271\u0027 times","damage_taken":0,"max_hp_gain":0,"max_hp_loss":0,"event_name":"Dead Adventurer","floor":14,"gold_loss":0},{"damage_healed":0,"gold_gain":0,"cards_transformed":["Strike_P"],"player_choice":"Transformed","damage_taken":0,"max_hp_gain":0,"max_hp_loss":0,"event_name":"Transmorgrifier","floor":15,"gold_loss":0,"cards_obtained":["Judgement"]}],"is_beta":true,"boss_relics":[],"items_purged_floors":[],"is_endless":false,"potions_floor_spawned":[1,3,12],"killed_by":"The Guardian","ascension_level":3}