{"gold_per_floor":[109,184,22,22,42,42,42,71,95,112,126,150,2,2],"floor_reached":14,"playtime":300,"items_purged":["Regret"],"score":119,"play_id":"b66a469e-bec8-4774-874b-64167cd5478b","local_time":"20190226225257","is_ascension_mode":true,"campfire_choices":[{"data":"Envenom","floor":6,"key":"SMITH"}],"neow_cost":"CURSE","seed_source_timestamp":1043744083603204,"circlet_count":0,"master_deck":["Defend_G","Defend_G","Defend_G","Defend_G","Defend_G","Strike_G","Strike_G","Strike_G","Strike_G","Survivor","Neutralize","Envenom+1","Quick Slash","Footwork","Poisoned Stab","Crippling Poison","PiercingWail","Sucker Punch","Dagger Spray","Dash"],"relics":["Ring of the Snake","Mercury Hourglass","Vajra","Orichalcum"],"potions_floor_usage":[8,14],"damage_taken":[{"damage":11,"enemies":"Small Slimes","floor":1,"turns":6},{"damage":5,"enemies":"Jaw Worm","floor":5,"turns":6},{"damage":32,"enemies":"Lagavulin","floor":8,"turns":7},{"damage":0,"enemies":"Cultist","floor":10,"turns":3},{"damage":0,"enemies":"Exordium Thugs","floor":11,"turns":4},{"damage":0,"enemies":"Exordium Wildlife","floor":14,"turns":1}],"seed_played":"-1533793582678530022","potions_obtained":[{"floor":5,"key":"AttackPotion"},{"floor":8,"key":"Strength Potion"},{"floor":11,"key":"SkillPotion"}],"is_trial":false,"path_per_floor":["M","?","$","?","M","R","$","E","T","M","M","T","$","M"],"character_chosen":"THE_SILENT","items_purchased":["Footwork","Poisoned Stab","Orichalcum"],"campfire_rested":0,"item_purchase_floors":[3,3,13],"current_hp_per_floor":[52,41,41,41,36,36,36,4,4,4,4,4,4,4],"gold":2,"neow_bonus":"THREE_RARE_CARDS","is_prod":false,"is_daily":false,"chose_seed":false,"campfire_upgraded":1,"win_rate":0,"timestamp":1551246777,"path_taken":["M","?","$","?","?","R","?","E","T","M","M","?","$","M"],"build_version":"2019-01-23","purchased_purges":1,"victory":false,"max_hp_per_floor":[70,70,70,70,70,70,70,70,70,70,70,70,70,70],"card_choices":[{"not_picked":["Burst","Tools of the Trade"],"picked":"Envenom","floor":0},{"not_picked":["Slice","Predator"],"picked":"Quick Slash","floor":1},{"not_picked":["Dagger Throw","Masterful Stab"],"picked":"PiercingWail","floor":5},{"not_picked":["Masterful Stab","Reflex"],"picked":"Sucker Punch","floor":8},{"not_picked":["Sucker Punch","Underhanded Strike"],"picked":"Dagger Spray","floor":10},{"not_picked":["Outmaneuver","Tools of the Trade"],"picked":"Dash","floor":11}],"player_experience":374768,"relics_obtained":[{"floor":8,"key":"Mercury Hourglass"},{"floor":12,"key":"Vajra"}],"event_choices":[{"damage_healed":0,"gold_gain":75,"player_choice":"Gather Gold","damage_taken":11,"max_hp_gain":0,"max_hp_loss":0,"event_name":"World of Goop","floor":2,"gold_loss":0},{"damage_healed":0,"gold_gain":0,"cards_transformed":["Strike_G"],"player_choice":"Transformed","damage_taken":0,"max_hp_gain":0,"max_hp_loss":0,"event_name":"Transmorgrifier","floor":4,"gold_loss":0,"cards_obtained":["Crippling Poison"]}],"is_beta":false,"boss_relics":[],"items_purged_floors":[3],"is_endless":false,"potions_floor_spawned":[5,8,11],"killed_by":"Exordium Wildlife","ascension_level":7}