{"gold_per_floor":[363,383,395,365,384,384,411,411,434,444,142,160,160,50,50,150,150,160,172,184,184,84,119,52,52,52,52,0,19,54,68,68,68],"floor_reached":33,"playtime":1320,"items_purged":["Strike_G","Strike_G"],"score":445,"play_id":"2b913b8c-75ca-4cce-90a0-245b94fef4e7","local_time":"20190328215258","is_ascension_mode":true,"campfire_choices":[{"data":"Crippling Poison","floor":6,"key":"SMITH"},{"floor":13,"key":"REST"},{"data":"Neutralize","floor":15,"key":"SMITH"},{"data":"Wraith Form v2","floor":27,"key":"SMITH"},{"floor":32,"key":"REST"}],"neow_cost":"PERCENT_DAMAGE","seed_source_timestamp":183411097112909,"circlet_count":0,"master_deck":["AscendersBane","Defend_G","Defend_G","Defend_G","Defend_G","Defend_G","Survivor","Neutralize+1","Dodge and Roll","Crippling Poison+1","Cloak And Dagger","All Out Attack","Flying Knee","Quick Slash","Leg Sweep","Blur","Well Laid Plans","Wraith Form v2+1","Tactician+1","Leg Sweep+1","Blade Dance+1","Dagger Spray+1","Poisoned Stab","Cloak And Dagger","Crippling Poison+1","Footwork","Caltrops","Backstab","Endless Agony+1","Noxious Fumes"],"relics":["Ring of the Snake","Ancient Tea Set","Bronze Scales","Torii","Astrolabe","Bag of Marbles","Pear","Meat on the Bone","Juzu Bracelet"],"potions_floor_usage":[16,23,33,33],"damage_taken":[{"damage":5,"enemies":"Cultist","floor":1,"turns":5},{"damage":4,"enemies":"Jaw Worm","floor":2,"turns":6},{"damage":1,"enemies":"Small Slimes","floor":3,"turns":5},{"damage":2,"enemies":"Looter","floor":4,"turns":4},{"damage":0,"enemies":"Gremlin Gang","floor":5,"turns":4},{"damage":20,"enemies":"3 Sentries","floor":7,"turns":11},{"damage":1,"enemies":"Blue Slaver","floor":10,"turns":4},{"damage":6,"enemies":"2 Fungi Beasts","floor":12,"turns":3},{"damage":1,"enemies":"The Guardian","floor":16,"turns":16},{"damage":17,"enemies":"Spheric Guardian","floor":18,"turns":8},{"damage":0,"enemies":"3 Byrds","floor":19,"turns":3},{"damage":3,"enemies":"Snecko","floor":20,"turns":6},{"damage":26,"enemies":"Book of Stabbing","floor":23,"turns":7},{"damage":0,"enemies":"Shelled Parasite and Fungi","floor":29,"turns":5},{"damage":24,"enemies":"Gremlin Leader","floor":30,"turns":8},{"damage":6,"enemies":"Chosen and Byrds","floor":31,"turns":4},{"damage":51,"enemies":"Collector","floor":33,"turns":10}],"seed_played":"-8166362772157751172","potions_obtained":[{"floor":7,"key":"Swift Potion"},{"floor":10,"key":"Swift Potion"},{"floor":12,"key":"Energy Potion"},{"floor":20,"key":"SkillPotion"},{"floor":23,"key":"LiquidBronze"},{"floor":30,"key":"Energy Potion"}],"is_trial":false,"path_per_floor":["M","M","M","M","M","R","E","?","T","M","$","M","R","$","R","B",null,"M","M","M","?","$","E","$","T","T","R","?","M","E","M","R","B"],"character_chosen":"THE_SILENT","items_purchased":["Torii","Well Laid Plans","Caltrops"],"campfire_rested":2,"item_purchase_floors":[11,14,24],"current_hp_per_floor":[40,36,35,33,33,33,13,13,13,12,12,6,27,27,27,26,59,42,42,39,39,39,13,13,23,23,23,23,35,23,29,53,2],"gold":68,"neow_bonus":"TWO_FIFTY_GOLD","is_prod":false,"is_daily":false,"chose_seed":false,"campfire_upgraded":3,"win_rate":0,"timestamp":1553831578,"path_taken":["M","M","M","?","M","R","E","?","T","M","$","M","R","$","R","BOSS","M","M","M","?","?","E","$","?","T","R","?","M","E","M","R","BOSS"],"build_version":"2019-01-23","purchased_purges":2,"victory":false,"max_hp_per_floor":[70,70,70,70,70,70,70,70,70,70,70,70,70,70,70,70,70,70,70,70,70,70,70,70,80,80,80,80,80,80,80,80,80],"card_choices":[{"not_picked":["Acrobatics","Dagger Throw"],"picked":"Dodge and Roll","floor":1},{"not_picked":["Escape Plan","Underhanded Strike"],"picked":"Crippling Poison","floor":2},{"not_picked":["Predator","Dagger Throw"],"picked":"Cloak And Dagger","floor":3},{"not_picked":["Deflect","Dodge and Roll"],"picked":"All Out Attack","floor":4},{"not_picked":["Underhanded Strike","Dagger Throw"],"picked":"Flying Knee","floor":5},{"not_picked":["Eviscerate","Deflect"],"picked":"Quick Slash","floor":7},{"not_picked":["Cloak And Dagger","Prepared"],"picked":"Leg Sweep","floor":10},{"not_picked":["Slice","Phantasmal Killer"],"picked":"Blur","floor":12},{"not_picked":["Die Die Die","Burst"],"picked":"Wraith Form v2","floor":16},{"not_picked":["PiercingWail","Escape Plan"],"picked":"Dagger Spray+1","floor":18},{"not_picked":["PiercingWail","Underhanded Strike"],"picked":"Poisoned Stab","floor":19},{"not_picked":["Heel Hook","Blade Dance"],"picked":"Cloak And Dagger","floor":20},{"not_picked":["Well Laid Plans","Venomology"],"picked":"Footwork","floor":23},{"not_picked":["PiercingWail","Outmaneuver"],"picked":"Backstab","floor":29},{"not_picked":["Outmaneuver","Expertise+1"],"picked":"Endless Agony+1","floor":30},{"not_picked":["Accuracy","Calculated Gamble"],"picked":"Noxious Fumes","floor":31}],"player_experience":473025,"relics_obtained":[{"floor":7,"key":"Ancient Tea Set"},{"floor":9,"key":"Bronze Scales"},{"floor":23,"key":"Bag of Marbles"},{"floor":25,"key":"Pear"},{"floor":26,"key":"Meat on the Bone"},{"floor":30,"key":"Juzu Bracelet"}],"event_choices":[{"damage_healed":0,"gold_gain":0,"player_choice":"Fled","damage_taken":0,"max_hp_gain":0,"max_hp_loss":0,"event_name":"Scrap Ooze","floor":8,"gold_loss":0},{"damage_healed":0,"gold_gain":0,"player_choice":"Copied","damage_taken":0,"max_hp_gain":0,"max_hp_loss":0,"event_name":"Duplicator","floor":21,"gold_loss":0,"cards_obtained":["Crippling Poison"]},{"damage_healed":0,"gold_gain":0,"player_choice":"Paid Fearfully","damage_taken":0,"max_hp_gain":0,"max_hp_loss":0,"event_name":"Masked Bandits","floor":28,"gold_loss":52}],"is_beta":false,"boss_relics":[{"not_picked":["White Beast Statue","Sozu"],"picked":"Astrolabe"}],"items_purged_floors":[14,22],"is_endless":false,"potions_floor_spawned":[7,10,12,20,23,30,31],"killed_by":"Collector","ascension_level":11}