{"gold_per_floor":[215,226,246,246,118,145,145,145,145,157,157,188,33,59,59,59],"floor_reached":16,"playtime":954,"items_purged":["Defend_B","Strike_B"],"score":236,"play_id":"72b1f5d6-e0a1-475d-8891-50872885aafa","local_time":"20190927190325","is_ascension_mode":true,"campfire_choices":[{"data":"Glacier","floor":7.0,"key":"SMITH"},{"data":"Blizzard","floor":11.0,"key":"SMITH"},{"data":"Hologram","floor":15.0,"key":"SMITH"}],"neow_cost":"NONE","seed_source_timestamp":1631058094943083,"circlet_count":0,"master_deck":["AscendersBane","Strike_B","Defend_B","Defend_B","Defend_B","Zap","Dualcast","Blizzard+1","Glacier+1","Hologram+1","Echo Form","Cold Snap"],"special_seed":0,"relics":["Cracked Core","Pear","Omamori","Singing Bowl","Boot"],"potions_floor_usage":[],"damage_taken":[{"damage":4.0,"enemies":"2 Louse","floor":1.0,"turns":2.0},{"damage":2.0,"enemies":"Cultist","floor":2.0,"turns":4.0},{"damage":9.0,"enemies":"Jaw Worm","floor":3.0,"turns":4.0},{"damage":6.0,"enemies":"Gremlin Nob","floor":6.0,"turns":3.0},{"damage":5.0,"enemies":"Large Slime","floor":10.0,"turns":9.0},{"damage":6.0,"enemies":"Lagavulin","floor":12.0,"turns":8.0},{"damage":24.0,"enemies":"Gremlin Nob","floor":14.0,"turns":6.0},{"damage":45,"enemies":"Slime Boss","floor":16,"turns":6}],"seed_played":"-6847305010131804345","potions_obtained":[{"floor":3.0,"key":"AttackPotion"},{"floor":6.0,"key":"Weak Potion"},{"floor":10.0,"key":"Fruit Juice"}],"is_trial":false,"path_per_floor":["M","M","M","?","$","E","R","?","T","M","R","E","$","E","R","B"],"character_chosen":"DEFECT","items_purchased":["Fire Potion","Cold Snap"],"campfire_rested":0,"item_purchase_floors":[5,13],"current_hp_per_floor":[60,58,49,49,49,53,53,53,53,48,53,47,47,25,25,0],"gold":59,"neow_bonus":"HUNDRED_GOLD","is_prod":false,"is_daily":false,"chose_seed":false,"campfire_upgraded":3,"win_rate":0,"timestamp":1569625405,"path_taken":["M","M","M","?","$","E","R","?","T","M","R","E","$","E","R","BOSS"],"build_version":"2019-07-17","purchased_purges":2,"victory":false,"max_hp_per_floor":[71,71,71,71,71,81,81,81,81,81,86,86,86,88,88,88],"card_choices":[{"not_picked":["Redo","Hello World","Aggregate"],"picked":"SKIP","floor":1.0},{"not_picked":["Redo","Hello World","Aggregate"],"picked":"SKIP","floor":1.0},{"not_picked":["Double Energy","Leap"],"picked":"Blizzard","floor":2.0},{"not_picked":["Redo","Sweeping Beam","Beam Cell"],"picked":"SKIP","floor":3.0},{"not_picked":["White Noise","Coolheaded"],"picked":"Glacier","floor":6.0},{"not_picked":["Rip and Tear","Ball Lightning"],"picked":"Hologram","floor":10.0},{"not_picked":["Seek","Recycle"],"picked":"Echo Form","floor":12.0},{"not_picked":["Multi-Cast","Meteor Strike","Fusion"],"picked":"Singing Bowl","floor":14.0}],"player_experience":487455,"relics_obtained":[{"floor":6.0,"key":"Pear"},{"floor":9.0,"key":"Omamori"},{"floor":12.0,"key":"Singing Bowl"},{"floor":14.0,"key":"Boot"}],"event_choices":[{"cards_removed":["Strike_B"],"damage_healed":0.0,"max_hp_gain":0.0,"max_hp_loss":0.0,"gold_gain":0.0,"event_name":"Living Wall","player_choice":"Forget","floor":4.0,"gold_loss":0.0,"damage_taken":0.0},{"cards_removed":["Strike_B"],"damage_healed":0.0,"max_hp_gain":0.0,"max_hp_loss":0.0,"gold_gain":0.0,"event_name":"Purifier","player_choice":"Purged","floor":8.0,"gold_loss":0.0,"damage_taken":0.0}],"is_beta":false,"boss_relics":[],"items_purged_floors":[5,13],"is_endless":false,"potions_floor_spawned":[3,6,10],"killed_by":"Slime Boss","ascension_level":20}