{"gold_per_floor":[116,116,136,14,29,56,56,85,109,109,109,143,163,179,179,179],"floor_reached":16,"playtime":522,"items_purged":["Strike_R"],"score":186,"play_id":"3eda3b20-4776-4087-93e6-d577dd169f95","local_time":"20190825142047","is_ascension_mode":true,"campfire_choices":[{"data":"Uppercut","floor":7,"key":"SMITH"},{"data":"Bash","floor":10,"key":"SMITH"},{"data":"Whirlwind","floor":15,"key":"SMITH"}],"neow_cost":"NONE","seed_source_timestamp":931211303054000,"circlet_count":0,"master_deck":["AscendersBane","Strike_R","Strike_R","Strike_R","Strike_R","Defend_R","Defend_R","Defend_R","Defend_R","Bash+1","Carnage","Iron Wave","Cleave","Uppercut+1","Reaper","Shockwave","Whirlwind+1"],"relics":["Burning Blood","NeowsBlessing","Juzu Bracelet","Centennial Puzzle","Golden Idol","FossilizedHelix"],"potions_floor_usage":[8,13,16],"damage_taken":[{"damage":0,"enemies":"Small Slimes","floor":1,"turns":1},{"damage":0,"enemies":"Jaw Worm","floor":3,"turns":1},{"damage":0,"enemies":"Cultist","floor":5,"turns":1},{"damage":41,"enemies":"Lagavulin","floor":6,"turns":6},{"damage":35,"enemies":"Gremlin Nob","floor":8,"turns":5},{"damage":35,"enemies":"3 Sentries","floor":12,"turns":5},{"damage":12,"enemies":"Large Slime","floor":13,"turns":4},{"damage":18,"enemies":"Exordium Wildlife","floor":14,"turns":7},{"damage":37,"enemies":"Hexaghost","floor":16,"turns":9}],"seed_played":"-131384959669777089","potions_obtained":[{"floor":1,"key":"SpeedPotion"},{"floor":6,"key":"BloodPotion"},{"floor":8,"key":"GamblersBrew"},{"floor":12,"key":"BloodPotion"},{"floor":14,"key":"LiquidBronze"}],"is_trial":false,"path_per_floor":["M","?","M","$","M","E","R","E","T","R","?","E","M","M","R","B"],"character_chosen":"IRONCLAD","items_purchased":["Cleave"],"campfire_rested":0,"item_purchase_floors":[4],"current_hp_per_floor":[78,83,85,85,85,50,50,42,42,42,42,25,46,34,34,0],"gold":179,"neow_bonus":"THREE_ENEMY_KILL","is_prod":false,"is_daily":false,"chose_seed":false,"campfire_upgraded":3,"win_rate":0,"timestamp":1566768047,"path_taken":["M","?","M","?","?","E","R","E","T","R","?","E","M","M","R","BOSS"],"build_version":"2019-07-17","purchased_purges":1,"victory":false,"max_hp_per_floor":[80,85,85,85,85,85,85,85,85,85,79,79,79,79,79,79],"card_choices":[{"not_picked":["Sentinel","Havoc"],"picked":"Carnage","floor":1},{"not_picked":["Warcry","Sword Boomerang"],"picked":"Iron Wave","floor":3},{"not_picked":["Carnage","Thunderclap"],"picked":"Uppercut","floor":5},{"not_picked":["Rampage","Havoc","Perfected Strike"],"picked":"SKIP","floor":6},{"not_picked":["Ghostly Armor","Bludgeon"],"picked":"Reaper","floor":8},{"not_picked":["Twin Strike","Wild Strike","Armaments"],"picked":"SKIP","floor":12},{"not_picked":["Clash","Cleave"],"picked":"Shockwave","floor":13},{"not_picked":["Seeing Red","Shockwave"],"picked":"Whirlwind","floor":14}],"player_experience":1330435,"relics_obtained":[{"floor":6,"key":"Juzu Bracelet"},{"floor":8,"key":"Centennial Puzzle"},{"floor":12,"key":"FossilizedHelix"}],"event_choices":[{"damage_healed":0,"gold_gain":0,"player_choice":"Donut","damage_taken":0,"max_hp_gain":5,"max_hp_loss":0,"event_name":"Big Fish","floor":2,"gold_loss":0},{"damage_healed":0,"gold_gain":0,"player_choice":"Lose Max HP","damage_taken":0,"relics_obtained":["Golden Idol"],"max_hp_gain":0,"max_hp_loss":6,"event_name":"Golden Idol","floor":11,"gold_loss":0}],"is_beta":false,"boss_relics":[],"items_purged_floors":[4],"is_endless":false,"potions_floor_spawned":[1,6,8,12,14],"killed_by":"Hexaghost","ascension_level":11}