{"gold_per_floor":[114,3,20,36,54,89,89,118,165,185,145,156,191,210,210,210],"floor_reached":16,"playtime":674,"items_purged":["Normality"],"score":155,"play_id":"4a373313-c36d-4d2f-83ff-eea47a39c180","local_time":"20190429025627","is_ascension_mode":true,"campfire_choices":[{"floor":7.0,"key":"REST"},{"floor":15.0,"key":"REST"}],"neow_cost":"CURSE","seed_source_timestamp":120114764723111,"circlet_count":0,"master_deck":["Defend_G","Defend_G","Defend_G","Defend_G","Defend_G","Strike_G","Strike_G","Strike_G+1","Strike_G","Strike_G","Survivor","Neutralize","Backflip","Footwork","Predator","Poisoned Stab+1","Corpse Explosion","Backstab","Escape Plan","Noxious Fumes","Backflip","Catalyst"],"special_seed":0,"relics":["Ring of the Snake","Calipers","Omamori","Question Card","Whetstone","Tiny Chest","Molten Egg 2"],"potions_floor_usage":[16,16],"damage_taken":[{"damage":4.0,"enemies":"Small Slimes","floor":1.0,"turns":5.0},{"damage":3.0,"enemies":"Cultist","floor":3.0,"turns":5.0},{"damage":1.0,"enemies":"2 Louse","floor":4.0,"turns":3.0},{"damage":8.0,"enemies":"Gremlin Gang","floor":5.0,"turns":6.0},{"damage":23.0,"enemies":"Gremlin Nob","floor":6.0,"turns":4.0},{"damage":14.0,"enemies":"Lagavulin","floor":8.0,"turns":8.0},{"damage":0.0,"enemies":"Blue Slaver","floor":10.0,"turns":3.0},{"damage":0.0,"enemies":"Large Slime","floor":12.0,"turns":4.0},{"damage":11.0,"enemies":"Gremlin Nob","floor":13.0,"turns":4.0},{"damage":4.0,"enemies":"Red Slaver","floor":14.0,"turns":4.0},{"damage":46,"enemies":"Slime Boss","floor":16,"turns":7}],"seed_played":"1617734484673109742","potions_obtained":[{"floor":3.0,"key":"Fire Potion"},{"floor":4.0,"key":"EssenceOfSteel"},{"floor":12.0,"key":"EssenceOfSteel"},{"floor":13.0,"key":"Ancient Potion"},{"floor":14.0,"key":"Strength Potion"}],"is_trial":false,"path_per_floor":["M","$","M","M","M","E","R","E","T","M","?","M","E","M","R","B"],"character_chosen":"THE_SILENT","items_purchased":["Footwork"],"campfire_rested":2,"item_purchase_floors":[2],"current_hp_per_floor":[66,66,63,62,54,31,52,38,38,38,38,38,27,23,44,0],"gold":210,"neow_bonus":"ONE_RARE_RELIC","is_prod":false,"is_daily":false,"chose_seed":false,"campfire_upgraded":0,"win_rate":0,"timestamp":1556531787,"path_taken":["M","$","M","M","M","E","R","E","T","M","?","M","E","M","R","BOSS"],"build_version":"2019-01-23","purchased_purges":1,"victory":false,"max_hp_per_floor":[70,70,70,70,70,70,70,70,70,70,70,70,70,70,70,70],"card_choices":[{"not_picked":["Eviscerate","Setup"],"picked":"Backflip","floor":1.0},{"not_picked":["Finisher","Deflect"],"picked":"Predator","floor":3.0},{"not_picked":["Underhanded Strike","Crippling Poison"],"picked":"Poisoned Stab","floor":4.0},{"not_picked":["Skewer","Cloak And Dagger"],"picked":"Corpse Explosion","floor":5.0},{"not_picked":["Doppelganger","Eviscerate"],"picked":"Backstab","floor":6.0},{"not_picked":["Sucker Punch","Flechettes"],"picked":"Escape Plan","floor":8.0},{"not_picked":["Prepared","Crippling Poison","Dagger Throw"],"picked":"Noxious Fumes","floor":10.0},{"not_picked":["Heel Hook","Leg Sweep","Flying Knee"],"picked":"Backflip","floor":12.0},{"not_picked":["Riddle With Holes","Calculated Gamble","Endless Agony"],"picked":"Catalyst","floor":13.0},{"not_picked":["Flying Knee+1","Cloak And Dagger","Underhanded Strike+1","Outmaneuver"],"picked":"SKIP","floor":14.0}],"player_experience":320455,"relics_obtained":[{"floor":6.0,"key":"Omamori"},{"floor":8.0,"key":"Question Card"},{"floor":9.0,"key":"Whetstone"},{"floor":13.0,"key":"Molten Egg 2"}],"event_choices":[{"damage_healed":0.0,"max_hp_gain":0.0,"max_hp_loss":0.0,"gold_gain":0.0,"event_name":"WeMeetAgain","player_choice":"Paid Gold","floor":11.0,"gold_loss":70.0,"damage_taken":0.0,"relics_obtained":["Tiny Chest"]}],"is_beta":false,"boss_relics":[],"items_purged_floors":[2],"is_endless":false,"potions_floor_spawned":[3,4,12,13,14],"killed_by":"Slime Boss","ascension_level":5}