{"gold_per_floor":[144,144,189,4,49,49,49,49,49,94,169,214,259,304,304,604,604,649,649,694,315,315,315,315,360,360,360,281,281,326,78,78,378,378,423,423,468,43,88,88,88,88,113,113,113,2,302,347,347,347],"floor_reached":51,"playtime":2828,"items_purged":["Armaments","Armaments+1"],"score":660,"play_id":"71a311d2-6916-4475-9339-393c6bfa0b12","local_time":"20190630223210","daily_mods":["SealedDeck","Flight","Midas"],"is_ascension_mode":false,"campfire_choices":[{"floor":6,"key":"REST"},{"floor":8,"key":"REST"},{"floor":15,"key":"REST"},{"floor":23,"key":"REST"},{"floor":32,"key":"REST"},{"floor":40,"key":"REST"},{"floor":42,"key":"REST"},{"floor":49,"key":"REST"}],"neow_cost":"","seed_source_timestamp":0,"circlet_count":0,"master_deck":["Headbutt","Rage","Iron Wave","Anger","Heavy Blade","Rampage","Iron Wave","Shockwave","Whirlwind","Shrug It Off","Pommel Strike","Metallicize","Battle Trance","Iron Wave","Limit Break+1","True Grit+1","Reaper","Entrench+1","Shrug It Off+1","J.A.X.+1","Rupture+1","Shockwave+1","Carnage+1","Metallicize","Shrug It Off+1","Demon Form","Bandage Up+1","Uppercut+1","Apotheosis+1","True Grit+1","Metallicize","Disarm+1","True Grit+1"],"special_seed":18077,"relics":["Burning Blood","Toxic Egg 2","Sozu","Molten Egg 2","Ornamental Fan","Mercury Hourglass","Sundial","DollysMirror","Mark of Pain","Happy Flower","Vajra","Orichalcum","Ice Cream"],"potions_floor_usage":[12,16,33,33],"damage_taken":[{"damage":10,"enemies":"Small Slimes","floor":1,"turns":2},{"damage":3,"enemies":"Jaw Worm","floor":3,"turns":3},{"damage":0,"enemies":"Cultist","floor":5,"turns":3},{"damage":0,"enemies":"Red Slaver","floor":10,"turns":4},{"damage":7,"enemies":"Large Slime","floor":12,"turns":3},{"damage":2,"enemies":"Looter","floor":13,"turns":3},{"damage":0,"enemies":"Blue Slaver","floor":14,"turns":3},{"damage":23,"enemies":"The Guardian","floor":16,"turns":10},{"damage":5,"enemies":"Chosen","floor":18,"turns":6},{"damage":2,"enemies":"Shell Parasite","floor":20,"turns":5},{"damage":3,"enemies":"Cultist and Chosen","floor":25,"turns":5},{"damage":5,"enemies":"Chosen and Byrds","floor":30,"turns":4},{"damage":16,"enemies":"Automaton","floor":33,"turns":6},{"damage":10,"enemies":"3 Darklings","floor":35,"turns":4},{"damage":7,"enemies":"Orb Walker","floor":37,"turns":5},{"damage":13,"enemies":"4 Shapes","floor":39,"turns":4},{"damage":3,"enemies":"Mind Bloom Boss Battle","floor":47,"turns":4},{"damage":13,"enemies":"Transient","floor":48,"turns":5},{"damage":35,"enemies":"Donu and Deca","floor":50,"turns":8}],"seed_played":"-5545824718059121764","potions_obtained":[{"floor":3,"key":"AttackPotion"},{"floor":10,"key":"Poison Potion"},{"floor":14,"key":"Block Potion"},{"floor":16,"key":"Weak Potion"}],"is_trial":false,"path_per_floor":["M","$","M","$","M","R","?","R","T","M","?","M","M","M","R","B",null,"M","?","M","$","?","R","?","M","T","T","$","$","M","$","R","B",null,"M","?","M","$","M","R","T","R","T","$","$","$","?","M","R","B",null],"character_chosen":"IRONCLAD","items_purchased":["Metallicize","Battle Trance","Armaments","Molten Egg 2","Shrug It Off+1","Shockwave+1","DollysMirror","Shrug It Off+1","Apotheosis+1","Happy Flower","Metallicize","Disarm+1"],"campfire_rested":8,"item_purchase_floors":[4,4,4,21,21,28,31,31,38,38,46,46],"current_hp_per_floor":[76,76,79,79,80,80,80,80,80,80,69,68,72,78,80,63,80,80,80,80,80,80,80,80,80,80,80,80,80,80,80,80,70,80,76,76,79,79,72,80,80,80,80,80,80,80,80,79,80,80],"gold":347,"neow_bonus":"","is_prod":false,"is_daily":true,"chose_seed":false,"campfire_upgraded":0,"win_rate":1,"timestamp":1561930330,"path_taken":["M","$","M","$","M","R","?","R","T","M","?","M","M","M","R","BOSS","M","?","?","?","?","R","?","M","T","?","$","$","?","$","R","BOSS","M","?","M","$","M","R","?","R","T","?","$","$","?","M","R","BOSS"],"build_version":"2019-01-23","purchased_purges":2,"victory":true,"max_hp_per_floor":[80,80,80,80,80,80,80,80,80,80,80,80,80,80,80,80,80,80,80,80,80,80,80,80,80,80,80,80,80,80,80,80,80,80,80,80,80,80,80,80,80,80,80,80,80,80,80,80,80,80],"card_choices":[{"not_picked":["Hemokinesis","Reckless Charge"],"picked":"Pommel Strike","floor":1},{"not_picked":["Evolve","Anger","Flex"],"picked":"SKIP","floor":3},{"not_picked":["Dual Wield","Armaments"],"picked":"Iron Wave","floor":5},{"not_picked":["Wild Strike","Thunderclap"],"picked":"Limit Break+1","floor":10},{"not_picked":["Body Slam","Anger"],"picked":"True Grit+1","floor":12},{"not_picked":["Iron Wave","True Grit+1","Dual Wield+1"],"picked":"SKIP","floor":13},{"not_picked":["Body Slam","Headbutt","Dual Wield+1"],"picked":"SKIP","floor":14},{"not_picked":["Feed","Juggernaut"],"picked":"Reaper","floor":16},{"not_picked":["Heavy Blade+1","Warcry+1"],"picked":"Entrench+1","floor":18},{"not_picked":["Pummel","Dropkick"],"picked":"Armaments+1","floor":20},{"not_picked":["Wild Strike+1","Flex+1"],"picked":"Rupture+1","floor":25},{"not_picked":["Pummel+1","Bloodletting+1"],"picked":"Carnage+1","floor":30},{"not_picked":["Immolate+1","Brutality"],"picked":"Demon Form","floor":33},{"not_picked":["Wild Strike+1","Flex+1","Clash+1"],"picked":"SKIP","floor":35},{"not_picked":["Magnetism","Swift Strike+1"],"picked":"Bandage Up+1","floor":36},{"not_picked":["Shrug It Off+1","Battle Trance+1"],"picked":"Uppercut+1","floor":37},{"not_picked":["Uppercut+1","Anger+1"],"picked":"True Grit+1","floor":39},{"not_picked":["Power Through+1","Wild Strike+1"],"picked":"True Grit+1","floor":47},{"not_picked":["Perfected Strike+1","Iron Wave+1","Thunderclap+1"],"picked":"SKIP","floor":48}],"player_experience":12446,"relics_obtained":[{"floor":9,"key":"Toxic Egg 2"},{"floor":26,"key":"Mercury Hourglass"},{"floor":27,"key":"Sundial"},{"floor":41,"key":"Vajra"},{"floor":43,"key":"Orichalcum"},{"floor":47,"key":"Ice Cream"}],"event_choices":[{"damage_healed":0,"gold_gain":0,"player_choice":"Leave","damage_taken":0,"max_hp_gain":0,"max_hp_loss":0,"event_name":"The Cleric","floor":7,"gold_loss":0},{"damage_healed":0,"gold_gain":75,"player_choice":"Gather Gold","damage_taken":11,"max_hp_gain":0,"max_hp_loss":0,"event_name":"World of Goop","floor":11,"gold_loss":0},{"damage_healed":0,"gold_gain":0,"player_choice":"Got Potions","damage_taken":0,"max_hp_gain":0,"max_hp_loss":0,"event_name":"Lab","floor":19,"gold_loss":0},{"damage_healed":0,"gold_gain":0,"player_choice":"Opened","damage_taken":0,"relics_obtained":["Ornamental Fan"],"max_hp_gain":0,"max_hp_loss":0,"event_name":"The Mausoleum","floor":22,"gold_loss":0},{"damage_healed":0,"gold_gain":0,"player_choice":"Obtain J.A.X.","damage_taken":0,"max_hp_gain":0,"max_hp_loss":0,"event_name":"Drug Dealer","floor":24,"gold_loss":0,"cards_obtained":["J.A.X."]},{"damage_healed":0,"gold_gain":0,"player_choice":"Memory 1","damage_taken":0,"max_hp_gain":0,"max_hp_loss":0,"event_name":"SensoryStone","floor":36,"gold_loss":0},{"damage_healed":0,"gold_gain":0,"player_choice":"Fight","damage_taken":0,"max_hp_gain":0,"max_hp_loss":0,"event_name":"MindBloom","floor":47,"gold_loss":0}],"is_beta":false,"boss_relics":[{"not_picked":["Tiny House","Astrolabe"],"picked":"Sozu"},{"not_picked":["Velvet Choker","Calling Bell"],"picked":"Mark of Pain"}],"items_purged_floors":[21,38],"is_endless":false,"potions_floor_spawned":[3,10,14,16,25,30,37,47,48],"ascension_level":0}