{"path_per_floor":["M","?","M","$","?","R","M","R","T","R","E","M","E","M","R","B",null,"M","?","$","M","M","E","R","M","T","M","M","?","R","M","R","B",null,"M","M","$","M","?","R","M","R","T","R","M","E","$","M","R","B"],"character_chosen":"IRONCLAD","items_purchased":["Flex","Bronze Scales","Shockwave","Bottled Flame","Mind Blast"],"gold_per_floor":[113,113,128,102,102,102,121,121,121,121,150,167,197,210,210,308,308,322,222,38,55,72,104,104,123,123,141,156,156,156,172,172,275,275,285,300,40,60,112,112,128,128,128,128,142,169,67,86,86,86],"floor_reached":51,"campfire_rested":7,"playtime":74109,"current_hp_per_floor":[75,75,70,70,52,76,80,80,80,80,77,77,59,64,64,30,87,87,87,87,87,85,24,50,33,33,27,19,19,45,51,77,55,87,75,68,68,48,31,57,74,74,74,87,87,86,86,44,70,34],"items_purged":[],"gold":86,"play_id":"36233e59-831c-47a7-a2fd-0a0c9de5f511","is_prod":false,"is_daily":false,"campfire_rituals":0,"campfire_upgraded":4,"is_hardmode":false,"path_taken":["M","?","M","$","?","R","M","R","T","R","E","M","E","?","R","BOSS","M","?","$","M","M","E","R","M","T","M","?","?","R","M","R","BOSS","M","M","$","M","?","R","M","R","T","R","M","E","$","M","R","BOSS"],"build_version":"2017-12-21-BETA1","purchased_purges":0,"victory":true,"master_deck":["Strike_R","Strike_R","Strike_R","Strike_R","Defend_R","Defend_R","Defend_R","Defend_R","Bash","Headbutt","Shrug It Off","Flex","Twin Strike","Whirlwind","Armaments","Clash","Limit Break","Blood for Blood","Metallicize","Uppercut","Searing Blow","Demon Form","Shockwave","Whirlwind","Pummel","Power Through","Double Tap","Flame Barrier","Reaper","Battle Trance","Heavy Blade","Demon Form","Uppercut","Twin Strike","Mind Blast"],"max_hp_per_floor":[80,80,80,80,80,80,80,80,80,80,87,87,87,87,87,87,87,87,87,87,87,87,87,87,87,87,87,87,87,87,87,87,87,87,87,87,87,87,87,87,87,87,87,87,87,87,87,87,87,87],"relics":["Burning Blood","Oddly Smooth Stone","Art of War","Strawberry","Whetstone","Orrery","Bronze Scales","Happy Flower","Charon\u0027s Ashes","Vajra","Snecko Eye","Bottled Flame","Calipers","Du-Vu Doll","Toolbox"],"campfire_meditates":0,"card_choices":[{"not_picked":["Pummel","Clothesline"],"picked":"Headbutt"},{"not_picked":["Thunderclap","Havoc"],"picked":"Shrug It Off"},{"not_picked":["Thunderclap","True Grit"],"picked":"Twin Strike"},{"not_picked":["Corruption","Intimidate"],"picked":"Whirlwind"},{"not_picked":["Intimidate","Cleave"],"picked":"Armaments"},{"not_picked":["Pommel Strike","Burning Pact"],"picked":"Clash"},{"not_picked":["Immolate","Dark Embrace"],"picked":"Limit Break"},{"not_picked":["Corruption","Clothesline"],"picked":"Blood for Blood"},{"not_picked":["Pommel Strike","Rage"],"picked":"Metallicize"},{"not_picked":["True Grit","Twin Strike"],"picked":"Uppercut"},{"not_picked":["Fire Breathing","Sever Soul"],"picked":"Searing Blow"},{"not_picked":["Power Through","Rampage"],"picked":"Demon Form"},{"not_picked":["Rage","Disarm"],"picked":"Whirlwind"},{"not_picked":["Body Slam","Perfected Strike"],"picked":"Pummel"},{"not_picked":["Warcry","Sword Boomerang"],"picked":"Power Through"},{"not_picked":["Combust","Blood for Blood"],"picked":"Double Tap"},{"not_picked":["Clothesline","Sever Soul"],"picked":"Flame Barrier"},{"not_picked":["Limit Break","Demon Form"],"picked":"Reaper"},{"not_picked":["Infernal Blade","Uppercut"],"picked":"Battle Trance"},{"not_picked":["Dual Wield","Sentinel"],"picked":"Heavy Blade"},{"not_picked":["Dual Wield","Heavy Blade"],"picked":"Demon Form"},{"not_picked":["Havoc","Power Through"],"picked":"Uppercut"},{"not_picked":["True Grit","Armaments"],"picked":"Twin Strike"}],"player_experience":309457,"potions_floor_usage":[28,31,33,39,50,50,50],"damage_taken":[{"damage":11,"enemies":"Blue Slaver","floor":1,"turns":4},{"damage":11,"enemies":"Jaw Worm","floor":3,"turns":2},{"damage":2,"enemies":"Looter","floor":7,"turns":3},{"damage":16,"enemies":"Gremlin Nob","floor":11,"turns":3},{"damage":6,"enemies":"3 Louse","floor":12,"turns":2},{"damage":24,"enemies":"Lagavulin","floor":13,"turns":6},{"damage":1,"enemies":"Red Slaver","floor":14,"turns":4},{"damage":40,"enemies":"Slime Boss","floor":16,"turns":11},{"damage":0,"enemies":"Chosen","floor":18,"turns":6},{"damage":0,"enemies":"3 Byrds","floor":21,"turns":5},{"damage":8,"enemies":"Snecko","floor":22,"turns":3},{"damage":67,"enemies":"Slavers","floor":23,"turns":6},{"damage":23,"enemies":"Centurion and Healer","floor":25,"turns":5},{"damage":12,"enemies":"3 Cultists","floor":27,"turns":3},{"damage":14,"enemies":"Sentry and Sphere","floor":28,"turns":5},{"damage":0,"enemies":"Snake Plant","floor":31,"turns":4},{"damage":28,"enemies":"Champ","floor":33,"turns":7},{"damage":18,"enemies":"3 Darklings","floor":35,"turns":3},{"damage":25,"enemies":"3 Shapes","floor":36,"turns":4},{"damage":26,"enemies":"Spire Growth","floor":38,"turns":3},{"damage":23,"enemies":"Mysterious Sphere","floor":39,"turns":7},{"damage":3,"enemies":"Sphere and 2 Shapes","floor":41,"turns":4},{"damage":15,"enemies":"Maw","floor":45,"turns":6},{"damage":7,"enemies":"Giant Head","floor":46,"turns":6},{"damage":48,"enemies":"Spire Growth","floor":48,"turns":4},{"damage":54,"enemies":"Donu and Deca","floor":50,"turns":6}],"event_choices":[{"event_name":"Purifier","player_choice":"One Purge","floor":2,"damage_taken":0},{"event_name":"Scrap Ooze","player_choice":"success","floor":5,"damage_taken":18},{"event_name":"Drug Dealer","player_choice":"Got JAXXED","floor":19,"damage_taken":0},{"event_name":"Addict","player_choice":"Gave JAX","floor":29,"damage_taken":0},{"event_name":"Mysterious Sphere","player_choice":"Fight","floor":39,"damage_taken":0}],"boss_relics":[{"not_picked":["Runic Dome","Tiny House"],"picked":"Orrery"},{"not_picked":["Question Card","Runic Cube"],"picked":"Snecko Eye"}],"potions_floor_spawned":[1,11,14,23,31,35,39,45,46],"seed_played":"7710090054196497121","is_trial":false}