{"path_per_floor":["M","M","?","M","M","E","R","E","T","R","E","$","?","?","R","B",null,"M","?","M","M","M","R","E","R","T","M","?","$","R","M","R","B",null,"M","?","M","?","$","R","T","R","T","?","$","M","M","M","R","B"],"character_chosen":"DEFECT","items_purchased":["Sunder","Sweeping Beam","Leap","Barrage","Flash of Steel","Barrage","Auto Shields"],"gold_per_floor":[109,123,83,99,119,147,147,176,176,176,202,103,124,124,124,220,220,233,233,244,254,272,272,307,307,307,322,245,69,69,89,89,187,187,202,0,15,67,44,44,44,44,44,44,7,25,45,58,58,58],"floor_reached":51,"campfire_rested":6,"playtime":2324,"current_hp_per_floor":[73,72,72,72,41,31,53,41,41,63,57,57,57,42,42,12,75,69,69,70,68,52,74,41,63,63,49,49,49,71,67,67,60,75,65,65,62,63,63,63,73,73,73,73,73,72,74,46,71,17],"items_purged":[],"gold":58,"score":862,"play_id":"29907626-68a4-452b-85e3-2dea279af450","local_time":"20180505182104","is_prod":false,"is_daily":false,"chose_seed":false,"is_ascension_mode":true,"campfire_upgraded":4,"timestamp":1525558864,"path_taken":["M","M","?","M","?","E","R","E","T","R","E","?","?","?","R","BOSS","M","?","?","M","M","R","E","R","T","?","?","$","R","M","R","BOSS","M","?","M","?","?","R","?","R","T","?","?","?","M","M","R","BOSS"],"build_version":"2018-05-03","seed_source_timestamp":2140186990124249,"purchased_purges":1,"victory":true,"master_deck":["Strike_B+1","Strike_B","Strike_B","Strike_B","Defend_B","Defend_B","Defend_B","Zap+1","Dualcast+1","Go for the Eyes+1","Hologram+1","Barrage","Auto Shields","Lockon+1","White Noise+1","Sunder+1","Sweeping Beam+1","Ball Lightning+1","Defragment+1","Static Discharge+1","BootSequence","Beam Cell+1","Steam Power+1","Parasite","FTL+1","J.A.X.","Leap","Barrage+1","Flash of Steel+1","Cold Snap+1","Reboot","Leap+1","Gash+1","Defragment+1","Barrage+1","Doubt","Injury","Auto Shields","Leap+1","Defragment+1","Cold Snap+1","Sunder+1"],"max_hp_per_floor":[75,75,75,75,75,75,75,75,75,75,75,75,75,75,75,75,75,75,75,75,75,75,75,75,75,75,75,75,75,75,75,75,75,75,75,75,75,75,75,75,85,85,85,85,85,85,85,85,85,85],"relics":["Cracked Core","Gambling Chip","Centennial Puzzle","Matryoshka","Molten Egg 2","Odd Mushroom","Cursed Key","Blood Vial","Letter Opener","Whetstone","Dream Catcher","Inserter","Red Mask","Ginger","Pear","Mercury Hourglass","Bottled Lightning"],"card_choices":[{"not_picked":["Cold Snap","Beam Cell"],"picked":"Go for the Eyes","floor":1},{"not_picked":["Capacitor","Go for the Eyes"],"picked":"Hologram","floor":2},{"not_picked":["Impulse","Amplify"],"picked":"Barrage","floor":4},{"not_picked":["Barrage","Go for the Eyes"],"picked":"Auto Shields","floor":5},{"not_picked":["Sweeping Beam","Auto Shields"],"picked":"Lockon","floor":6},{"not_picked":["Stack","Fusion"],"picked":"White Noise","floor":8},{"not_picked":["Rebound","Skim"],"picked":"Ball Lightning","floor":13},{"not_picked":["Axe Kick","Chill"],"picked":"Defragment","floor":18},{"not_picked":["Consume","Storm"],"picked":"Static Discharge","floor":20},{"not_picked":["Leap","Capacitor"],"picked":"BootSequence","floor":21},{"not_picked":["Barrage","Streamline"],"picked":"Beam Cell","floor":22},{"not_picked":["Turbo","Tempest"],"picked":"Steam Power","floor":24},{"not_picked":["Chaos","Sweeping Beam"],"picked":"FTL","floor":27},{"not_picked":["Rebound","Sweeping Beam"],"picked":"Cold Snap","floor":30},{"not_picked":["Thunder Strike","Multi-Cast"],"picked":"Reboot","floor":33},{"not_picked":["Capacitor","Melter"],"picked":"Leap","floor":35},{"not_picked":["Beam Cell","Static Discharge"],"picked":"Gash","floor":37},{"not_picked":["Darkness","Double Energy"],"picked":"Defragment","floor":38},{"not_picked":["Steam Power","Storm"],"picked":"Leap","floor":46},{"not_picked":["White Noise","Stack"],"picked":"Defragment","floor":47},{"not_picked":["Streamline","Capacitor"],"picked":"Cold Snap","floor":48},{"not_picked":["Coolheaded","Leap"],"picked":"Sunder","floor":49}],"player_experience":718167,"potions_floor_usage":[6,6,11,16,50],"damage_taken":[{"damage":2,"enemies":"2 Louse","floor":1,"turns":2},{"damage":1,"enemies":"Cultist","floor":2,"turns":3},{"damage":0,"enemies":"Small Slimes","floor":4,"turns":3},{"damage":31,"enemies":"Exordium Thugs","floor":5,"turns":5},{"damage":10,"enemies":"Lagavulin","floor":6,"turns":8},{"damage":12,"enemies":"3 Sentries","floor":8,"turns":7},{"damage":6,"enemies":"Gremlin Nob","floor":11,"turns":4},{"damage":0,"enemies":"The Mushroom Lair","floor":13,"turns":2},{"damage":30,"enemies":"The Guardian","floor":16,"turns":8},{"damage":6,"enemies":"Shell Parasite","floor":18,"turns":6},{"damage":1,"enemies":"Chosen","floor":20,"turns":3},{"damage":4,"enemies":"Slaver and Parasite","floor":21,"turns":6},{"damage":18,"enemies":"Snecko","floor":22,"turns":3},{"damage":34,"enemies":"Slavers","floor":24,"turns":4},{"damage":16,"enemies":"Chosen and Byrds","floor":27,"turns":3},{"damage":6,"enemies":"3 Cultists","floor":31,"turns":3},{"damage":16,"enemies":"Collector","floor":33,"turns":6},{"damage":10,"enemies":"Flame Bruiser 1 Orb","floor":35,"turns":3},{"damage":5,"enemies":"3 Darklings","floor":37,"turns":3},{"damage":8,"enemies":"Mysterious Sphere","floor":38,"turns":3},{"damage":3,"enemies":"Flame Bruiser 2 Orb","floor":46,"turns":4},{"damage":0,"enemies":"Sphere and 2 Shapes","floor":47,"turns":3},{"damage":30,"enemies":"Maw","floor":48,"turns":5},{"damage":56,"enemies":"Donu and Deca","floor":50,"turns":6}],"event_choices":[{"event_name":"The Woman in Blue","player_choice":"Bought 3 Potions","floor":3,"damage_taken":0},{"event_name":"Mushrooms","player_choice":"Fought Mushrooms","floor":13,"damage_taken":0},{"event_name":"Shining Light","player_choice":"Entered Light","floor":14,"damage_taken":0},{"event_name":"Wheel of Change","player_choice":"Relic","floor":19,"damage_taken":0},{"event_name":"Drug Dealer","player_choice":"Got JAXXED","floor":28,"damage_taken":0},{"event_name":"Tomb of Lord Red Mask","player_choice":"Paid","floor":36,"damage_taken":0},{"event_name":"Mysterious Sphere","player_choice":"Fight","floor":38,"damage_taken":0}],"boss_relics":[{"not_picked":["Orrery","White Beast Statue"],"picked":"Cursed Key"},{"not_picked":["Calling Bell","Philosopher\u0027s Stone"],"picked":"Inserter"}],"potions_floor_spawned":[6,8,13,16,22,24,31,33,37,47,48],"seed_played":"3245599450468559179","ascension_level":4,"is_trial":false}