{"gold_per_floor":[364,39,39,49,61,89,89,100,130,160,160,160,184,359,359,464,464,480,480,480,491,491,491,516,516,516,516,68,88,100,116,116,212,212,222,52,52,52,52,52,69,89,142,160,177,177,31,44,44,44],"floor_reached":51,"playtime":2965,"items_purged":["Parasite","Defend_P"],"score":1034,"play_id":"4dad3065-ff8b-435c-a252-6b53f7ce22b8","local_time":"20190928054009","is_ascension_mode":true,"campfire_choices":[{"floor":7.0,"key":"REST"},{"data":"ReachHeaven","floor":12.0,"key":"SMITH"},{"data":"ReachHeaven","floor":15.0,"key":"SMITH"},{"data":"Vigilance","floor":23.0,"key":"SMITH"},{"floor":25.0,"key":"REST"},{"data":"SashWhip","floor":27.0,"key":"SMITH"},{"floor":32.0,"key":"REST"},{"data":"Nirvana","floor":40.0,"key":"SMITH"},{"floor":46,"key":"REST"},{"floor":49,"key":"REST"}],"neow_cost":"PERCENT_DAMAGE","seed_source_timestamp":24770770330085,"circlet_count":0,"master_deck":["AscendersBane","Defend_P","Defend_P","Defend_P","Eruption","Vigilance+1","Conclude","ReachHeaven+1","ReachHeaven+1","BowlingBash","SashWhip+1","FearNoEvil","DeceiveReality","ThirdEye+1","CrushJoints","Brilliance+1","Wallop","Sanctity","Perseverance","ThirdEye","CutThroughFate","Nirvana+1","JustLucky+1","EmptyBody+1","Pray+1","Wireheading","Perseverance+1","Writhe","InnerPeace"],"special_seed":0,"relics":["PureWater","DollysMirror","Omamori","Tiny Chest","Odd Mushroom","Bag of Marbles","Cursed Key","War Paint","Shuriken","Mummified Hand","Pear","Astrolabe","InkBottle"],"potions_floor_usage":[50,50],"damage_taken":[{"damage":0.0,"enemies":"2 Louse","floor":1.0,"turns":3.0},{"damage":0.0,"enemies":"Small Slimes","floor":4.0,"turns":1.0},{"damage":12.0,"enemies":"Jaw Worm","floor":5.0,"turns":3.0},{"damage":29.0,"enemies":"Gremlin Nob","floor":6.0,"turns":4.0},{"damage":3.0,"enemies":"Blue Slaver","floor":8.0,"turns":3.0},{"damage":5.0,"enemies":"The Mushroom Lair","floor":10.0,"turns":4.0},{"damage":27.0,"enemies":"The Guardian","floor":16.0,"turns":8.0},{"damage":0.0,"enemies":"Chosen","floor":18.0,"turns":3.0},{"damage":9.0,"enemies":"Shell Parasite","floor":21.0,"turns":5.0},{"damage":43.0,"enemies":"Book of Stabbing","floor":24.0,"turns":6.0},{"damage":0.0,"enemies":"Chosen and Byrds","floor":29.0,"turns":4.0},{"damage":4.0,"enemies":"Snecko","floor":30.0,"turns":4.0},{"damage":16.0,"enemies":"Sentry and Sphere","floor":31.0,"turns":5.0},{"damage":25.0,"enemies":"Champ","floor":33.0,"turns":12.0},{"damage":9.0,"enemies":"3 Darklings","floor":35.0,"turns":3.0},{"damage":6.0,"enemies":"3 Shapes","floor":41.0,"turns":5.0},{"damage":4.0,"enemies":"Maw","floor":42.0,"turns":9.0},{"damage":1.0,"enemies":"Spire Growth","floor":44.0,"turns":7.0},{"damage":60,"enemies":"Transient","floor":45,"turns":5},{"damage":13,"enemies":"4 Shapes","floor":48,"turns":6},{"damage":46,"enemies":"Awakened One","floor":50,"turns":21}],"seed_played":"183550640554322387","potions_obtained":[{"floor":1.0,"key":"SpeedPotion"},{"floor":4.0,"key":"EntropicBrew"},{"floor":30.0,"key":"Ancient Potion"},{"floor":31.0,"key":"AttackPotion"},{"floor":35.0,"key":"Energy Potion"},{"floor":48,"key":"Explosive Potion"}],"is_trial":false,"path_per_floor":["M","$","?","M","M","E","R","M","T","?","?","R","T","?","R","B",null,"M","?","T","M","?","R","E","R","T","R","$","M","M","M","R","B",null,"M","$","?","T","$","R","M","M","T","M","M","R","$","M","R","B",null],"character_chosen":"WATCHER","items_purchased":["ReachHeaven","DollysMirror","BowlingBash","Pear","Perseverance","SpeedPotion","Wireheading","DuplicationPotion","InnerPeace"],"campfire_rested":5,"item_purchase_floors":[2,2,2,28,28,28,36,47,47],"current_hp_per_floor":[47,47,47,47,35,6,27,24,24,19,43,43,43,43,43,16,58,70,70,70,63,50,50,11,34,34,34,44,44,48,36,61,40,73,64,64,64,64,64,64,70,70,70,69,9,34,34,37,62,16],"gold":44,"neow_bonus":"TWO_FIFTY_GOLD","is_prod":false,"is_daily":false,"chose_seed":false,"campfire_upgraded":5,"win_rate":0,"timestamp":1569674409,"path_taken":["M","$","?","M","M","E","R","M","T","?","?","R","?","?","R","BOSS","M","?","?","M","?","R","E","R","T","R","$","M","M","M","R","BOSS","M","$","?","?","$","R","M","?","T","M","M","R","?","M","R","BOSS"],"build_version":"2019-09-27","purchased_purges":2,"victory":true,"max_hp_per_floor":[72,72,72,72,72,72,72,72,72,72,72,72,72,72,72,72,72,72,72,72,72,77,77,77,77,77,77,84,84,84,84,84,84,84,84,84,84,84,84,84,84,84,84,84,84,84,84,84,84,84],"card_choices":[{"not_picked":["PathToVictory","Weave"],"picked":"Conclude","floor":1.0},{"not_picked":["ForeignInfluence","FlyingSleeves"],"picked":"SashWhip","floor":4.0},{"not_picked":["InnerPeace","FlurryOfBlows"],"picked":"FearNoEvil","floor":5.0},{"not_picked":["Scrawl","JustLucky"],"picked":"DeceiveReality","floor":6.0},{"not_picked":["Crescendo","EmptyFist"],"picked":"ThirdEye","floor":8.0},{"not_picked":["WaveOfTheHand","Crescendo"],"picked":"CrushJoints","floor":10.0},{"not_picked":["SignatureMove","Ragnarok"],"picked":"Brilliance","floor":16.0},{"not_picked":["SashWhip+1","EmptyBody","BowlingBash"],"picked":"SKIP","floor":18.0},{"not_picked":["ClearTheMind","FlowState"],"picked":"Sanctity","floor":21.0},{"not_picked":["CrushJoints","EmptyFist","ForeignInfluence"],"picked":"SKIP","floor":24.0},{"not_picked":["FollowUp+1","JustLucky"],"picked":"ThirdEye","floor":29.0},{"not_picked":["Prostrate","Pray","Crescendo"],"picked":"SKIP","floor":30.0},{"not_picked":["Weave","Halt"],"picked":"CutThroughFate","floor":31.0},{"not_picked":["Brilliance","Omniscience"],"picked":"Nirvana","floor":33.0},{"not_picked":["FlyingSleeves","Sanctity","Crescendo"],"picked":"SKIP","floor":35.0},{"not_picked":["BattleHymn","Devotion"],"picked":"Perseverance+1","floor":41.0},{"not_picked":["Tantrum+1","EmptyFist","JustLucky"],"picked":"SKIP","floor":42.0},{"not_picked":["Vengeance","EmptyMind","Crescendo"],"picked":"SKIP","floor":44.0},{"not_picked":["TalkToTheHand","JustLucky+1","FlyingSleeves"],"picked":"SKIP","floor":45},{"not_picked":["Indignation","EmptyFist","Ragnarok"],"picked":"SKIP","floor":48}],"player_experience":696288,"relics_obtained":[{"floor":6.0,"key":"Omamori"},{"floor":9.0,"key":"Tiny Chest"},{"floor":10.0,"key":"Odd Mushroom"},{"floor":13.0,"key":"Bag of Marbles"},{"floor":20.0,"key":"War Paint"},{"floor":24.0,"key":"Shuriken"},{"floor":26.0,"key":"Mummified Hand"},{"floor":43.0,"key":"InkBottle"}],"event_choices":[{"cards_removed":["Strike_P"],"damage_healed":0.0,"max_hp_gain":0.0,"max_hp_loss":0.0,"gold_gain":0.0,"event_name":"Living Wall","player_choice":"Forget","floor":3.0,"gold_loss":0.0,"damage_taken":0.0},{"damage_healed":0.0,"max_hp_gain":0.0,"max_hp_loss":0.0,"gold_gain":0.0,"event_name":"Mushrooms","player_choice":"Fought Mushrooms","floor":10.0,"gold_loss":0.0,"damage_taken":0.0},{"damage_healed":24.0,"max_hp_gain":0.0,"max_hp_loss":0.0,"gold_gain":0.0,"event_name":"Big Fish","player_choice":"Banana","floor":11.0,"gold_loss":0.0,"damage_taken":0.0},{"damage_healed":0.0,"max_hp_gain":0.0,"max_hp_loss":0.0,"gold_gain":175.0,"event_name":"Liars Game","player_choice":"AGREE","floor":14.0,"gold_loss":0.0,"damage_taken":0.0,"cards_obtained":["Doubt"]},{"damage_healed":0.0,"max_hp_gain":0.0,"max_hp_loss":0.0,"gold_gain":0.0,"event_name":"The Library","player_choice":"Read","floor":19.0,"gold_loss":0.0,"damage_taken":0.0,"cards_obtained":["Wallop"]},{"damage_healed":0.0,"max_hp_gain":5.0,"max_hp_loss":0.0,"gold_gain":0.0,"event_name":"Forgotten Altar","player_choice":"Shed Blood","floor":22.0,"gold_loss":0.0,"damage_taken":18.0},{"damage_healed":0.0,"max_hp_gain":0.0,"max_hp_loss":0.0,"gold_gain":0.0,"event_name":"Mysterious Sphere","player_choice":"Ignored","floor":37.0,"gold_loss":0.0,"damage_taken":0.0}],"is_beta":true,"boss_relics":[{"not_picked":["Snecko Eye","VioletLotus"],"picked":"Cursed Key"},{"not_picked":["Tiny House","SlaversCollar"],"picked":"Astrolabe"}],"items_purged_floors":[28,36],"is_endless":false,"potions_floor_spawned":[1,4,6,16,21,30,31,35,48],"ascension_level":12}