{"gold_per_floor":[213,224,240,240,48,48,48,61,61,73,91,91,123,123],"floor_reached":14,"playtime":853,"items_purged":[],"score":92,"play_id":"719e7a6d-1767-4d61-a07f-0f21b36b33d4","local_time":"20190909210524","is_ascension_mode":false,"campfire_choices":[{"data":"Apotheosis","floor":6,"key":"SMITH"},{"floor":12,"key":"REST"}],"neow_cost":"NONE","seed_source_timestamp":25997272555100,"circlet_count":0,"master_deck":["Strike_P","Strike_P","Strike_P","Strike_P","Defend_P+1","Defend_P","Defend_P","Defend_P","Eruption","Vigilance+1","ClearTheMind","Crescendo","EmptyMind","Apotheosis+1","EmptyFist","JustLucky","Worship","Evaluate"],"relics":["PureWater","Vajra","White Beast Statue","PreservedInsect"],"potions_floor_usage":[10,13,13,13],"damage_taken":[{"damage":1,"enemies":"Jaw Worm","floor":1,"turns":3},{"damage":0,"enemies":"Small Slimes","floor":2,"turns":2},{"damage":0,"enemies":"2 Louse","floor":3,"turns":2},{"damage":12,"enemies":"Looter","floor":8,"turns":3},{"damage":7,"enemies":"Exordium Wildlife","floor":10,"turns":4},{"damage":8,"enemies":"Red Slaver","floor":11,"turns":4},{"damage":21,"enemies":"Lagavulin","floor":13,"turns":4},{"damage":8,"enemies":"3 Louse","floor":14,"turns":2}],"seed_played":"-9092163182273312880","potions_obtained":[{"floor":3,"key":"Poison Potion"},{"floor":8,"key":"LiquidBronze"},{"floor":10,"key":"Ancient Potion"},{"floor":11,"key":"Dexterity Potion"},{"floor":13,"key":"Ancient Potion"}],"is_trial":false,"path_per_floor":["M","M","M","?","$","R","?","M","T","M","M","R","E","M"],"character_chosen":"WATCHER","items_purchased":["Apotheosis"],"campfire_rested":1,"item_purchase_floors":[5],"current_hp_per_floor":[64,64,64,51,51,51,48,36,36,29,21,40,19,11],"gold":123,"neow_bonus":"HUNDRED_GOLD","is_prod":false,"is_daily":false,"chose_seed":false,"campfire_upgraded":1,"win_rate":0.0,"timestamp":1568059524,"path_taken":["M","M","M","?","$","R","?","M","T","M","M","R","E","M"],"build_version":"2019-09-09","purchased_purges":0,"victory":false,"max_hp_per_floor":[65,65,65,65,65,65,65,65,65,65,65,65,65,65],"card_choices":[{"not_picked":["BowlingBash","Sanctity"],"picked":"ClearTheMind","floor":1},{"not_picked":["EmptyBody","Fasting"],"picked":"Crescendo","floor":2},{"not_picked":["Weave","WaveOfTheHand"],"picked":"EmptyMind","floor":3},{"not_picked":["Establishment","CleanseEvil"],"picked":"EmptyFist","floor":8},{"not_picked":["EmptyFist","CarveReality"],"picked":"JustLucky","floor":10},{"not_picked":["CrushJoints","CutThroughFate"],"picked":"Worship","floor":11},{"not_picked":["EmptyMind","SandsOfTime"],"picked":"Evaluate","floor":13}],"player_experience":194887,"relics_obtained":[{"floor":9,"key":"White Beast Statue"},{"floor":13,"key":"PreservedInsect"}],"event_choices":[{"damage_healed":0,"gold_gain":0,"player_choice":"Entered Light","damage_taken":13,"max_hp_gain":0,"max_hp_loss":0,"event_name":"Shining Light","floor":4,"gold_loss":0,"cards_upgraded":["Vigilance","Defend_P"]},{"damage_healed":0,"gold_gain":0,"player_choice":"Success","damage_taken":3,"relics_obtained":["Vajra"],"max_hp_gain":0,"max_hp_loss":0,"event_name":"Scrap Ooze","floor":7,"gold_loss":0}],"is_beta":true,"boss_relics":[],"items_purged_floors":[],"is_endless":false,"potions_floor_spawned":[3,8,10,11,13],"killed_by":"3 Louse","ascension_level":0}