{"gold_per_floor":[117,135,149,149,166,166,184,184,208,222,249,199,230,247,247,347,347,358,358,358,11,26,26,26,45,126,126,126,138,152,3,3,102,102,119,134,134,134,148,148,158,158,212,231,241,253,253,7,7,7,7,7,7,7],"floor_reached":54,"playtime":3782,"items_purged":["Strike_B","Writhe"],"score":653,"play_id":"7bd939c4-23c1-4b81-b73f-33c690bd8b0d","local_time":"20181119230300","is_ascension_mode":false,"campfire_choices":[{"floor":6.0,"key":"RECALL"},{"data":"Go for the Eyes","floor":8.0,"key":"SMITH"},{"data":"Go for the Eyes","floor":15.0,"key":"SMITH"},{"data":"Dualcast","floor":23.0,"key":"SMITH"},{"data":"Loop","floor":27.0,"key":"SMITH"},{"floor":32.0,"key":"REST"},{"data":"Barrage","floor":40.0,"key":"SMITH"},{"data":"Streamline","floor":42.0,"key":"SMITH"},{"data":"Thunder Strike","floor":49.0,"key":"SMITH"},{"data":"Biased Cognition","floor":52.0,"key":"SMITH"}],"neow_cost":"NONE","seed_source_timestamp":1321473237386200,"circlet_count":0,"master_deck":["Strike_B","Strike_B","Defend_B+1","Defend_B+1","Defend_B","Defend_B","Zap+1","Dualcast+1","Ball Lightning","Ball Lightning","Go for the Eyes+1","Go for the Eyes+1","Cold Snap","Barrage+1","Sweeping Beam","Biased Cognition+1","Self Repair+1","Conserve Battery","Loop+1","Melter+1","Necronomicurse","Leap+1","Auto Shields+1","Core Surge","Multi-Cast+1","White Noise+1","Madness+1","Iron Wave","Reinforced Body+1","Streamline+1","Barrage","Glacier+1","Parasite","Conserve Battery+1","Thunder Strike+1"],"special_seed":0,"relics":["Cracked Core","Centennial Puzzle","Orichalcum","White Beast Statue","Runic Capacitor","Toxic Egg 2","Necronomicon","Cursed Key","War Paint"],"potions_floor_usage":[54],"damage_taken":[{"damage":1.0,"enemies":"Jaw Worm","floor":1.0,"turns":2.0},{"damage":0.0,"enemies":"2 Louse","floor":2.0,"turns":2.0},{"damage":0.0,"enemies":"Cultist","floor":3.0,"turns":3.0},{"damage":5.0,"enemies":"Looter","floor":5.0,"turns":2.0},{"damage":0.0,"enemies":"Large Slime","floor":7.0,"turns":3.0},{"damage":0.0,"enemies":"Exordium Wildlife","floor":10.0,"turns":4.0},{"damage":9.0,"enemies":"3 Sentries","floor":11.0,"turns":4.0},{"damage":14.0,"enemies":"Lagavulin","floor":13.0,"turns":5.0},{"damage":0.0,"enemies":"Blue Slaver","floor":14.0,"turns":2.0},{"damage":23.0,"enemies":"The Guardian","floor":16.0,"turns":8.0},{"damage":5.0,"enemies":"Chosen","floor":18.0,"turns":3.0},{"damage":4.0,"enemies":"Shell Parasite","floor":22.0,"turns":4.0},{"damage":3.0,"enemies":"Sentry and Sphere","floor":25.0,"turns":3.0},{"damage":10.0,"enemies":"Snake Plant","floor":29.0,"turns":3.0},{"damage":0.0,"enemies":"Cultist and Chosen","floor":30.0,"turns":4.0},{"damage":39.0,"enemies":"Collector","floor":33.0,"turns":9.0},{"damage":21.0,"enemies":"3 Darklings","floor":35.0,"turns":5.0},{"damage":0.0,"enemies":"3 Shapes","floor":36.0,"turns":6.0},{"damage":33.0,"enemies":"Jaw Worm Horde","floor":39.0,"turns":5.0},{"damage":2.0,"enemies":"Sphere and 2 Shapes","floor":41.0,"turns":6.0},{"damage":10.0,"enemies":"Spire Growth","floor":44.0,"turns":5.0},{"damage":34.0,"enemies":"Maw","floor":45.0,"turns":8.0},{"damage":5.0,"enemies":"Writhing Mass","floor":46.0,"turns":6.0},{"damage":24.0,"enemies":"Time Eater","floor":50.0,"turns":12.0},{"damage":80,"enemies":"Shield and Spear","floor":54,"turns":6}],"seed_played":"-8148436219479998956","potions_obtained":[{"floor":2.0,"key":"PowerPotion"},{"floor":3.0,"key":"Explosive Potion"},{"floor":10.0,"key":"PowerPotion"},{"floor":14.0,"key":"Ancient Potion"},{"floor":18.0,"key":"PowerPotion"},{"floor":22.0,"key":"EssenceOfSteel"},{"floor":25.0,"key":"Explosive Potion"},{"floor":29.0,"key":"LiquidBronze"},{"floor":30.0,"key":"EssenceOfSteel"},{"floor":33.0,"key":"AttackPotion"},{"floor":35.0,"key":"SneckoOil"},{"floor":36.0,"key":"EssenceOfSteel"},{"floor":39.0,"key":"Poison Potion"},{"floor":41.0,"key":"Poison Potion"},{"floor":44.0,"key":"Swift Potion"},{"floor":45.0,"key":"LiquidBronze"},{"floor":46.0,"key":"AttackPotion"}],"is_trial":false,"path_per_floor":["M","M","M","?","M","R","M","R","T","M","E","?","E","M","R","B",null,"M","?","?","$","M","R","?","M","T","R","?","M","M","$","R","B",null,"M","M","?","?","M","R","M","R","T","M","M","M","?","$","R","B",null,"R","$","E"],"character_chosen":"DEFECT","items_purchased":["Runic Capacitor","Loop","Core Surge","Thunder Strike"],"campfire_rested":1,"item_purchase_floors":[21,21,31,48],"current_hp_per_floor":[74,74,74,79,74,74,74,74,74,74,65,65,51,51,51,28,80,75,75,67,67,73,73,58,65,65,65,49,39,49,49,74,45,85,74,84,73,73,50,50,58,58,58,58,24,29,74,74,74,60,74,74,74,0],"gold":7,"neow_bonus":"UPGRADE_CARD","is_prod":false,"is_daily":false,"chose_seed":false,"campfire_upgraded":8,"win_rate":0,"timestamp":1542697380,"path_taken":["M","M","M","?","M","R","M","R","T","M","E","?","E","M","R","BOSS","M","?","?","$","?","R","?","M","T","R","?","M","M","$","R","BOSS","M","M","?","?","M","R","M","R","T","M","?","M","?","$","R","BOSS","R","$","E"],"build_version":"2018-11-15","purchased_purges":2,"victory":false,"max_hp_per_floor":[75,75,75,80,80,80,80,80,80,80,80,80,80,80,80,80,80,80,80,80,80,80,80,85,85,85,85,85,85,85,85,85,85,85,85,85,85,85,85,85,85,85,85,85,85,85,74,74,74,74,74,74,74,74],"card_choices":[{"not_picked":["Stack","Chaos"],"picked":"Ball Lightning","floor":1.0},{"not_picked":["Barrage","Force Field","Lockon"],"picked":"SKIP","floor":2.0},{"not_picked":["Coolheaded","Leap"],"picked":"Ball Lightning","floor":3.0},{"not_picked":["Glacier","Rebound"],"picked":"Go for the Eyes","floor":5.0},{"not_picked":["Double Energy","Beam Cell"],"picked":"Go for the Eyes","floor":7.0},{"not_picked":["Conserve Battery","Barrage"],"picked":"Cold Snap","floor":10.0},{"not_picked":["Reboot","Glacier"],"picked":"Barrage","floor":11.0},{"not_picked":["Gash","Melter"],"picked":"Sweeping Beam","floor":13.0},{"not_picked":["Sweeping Beam","Heatsinks","Steam Power"],"picked":"SKIP","floor":14.0},{"not_picked":["Rainbow","All For One"],"picked":"Biased Cognition","floor":16.0},{"not_picked":["Skim","Conserve Battery"],"picked":"Self Repair+1","floor":18.0},{"not_picked":["Sweeping Beam","Fusion"],"picked":"Melter+1","floor":22.0},{"not_picked":["Rip and Tear","Double Energy+1","Gash"],"picked":"SKIP","floor":25.0},{"not_picked":["Turbo+1","Rebound"],"picked":"Leap+1","floor":29.0},{"not_picked":["Cold Snap","Turbo+1"],"picked":"Auto Shields+1","floor":30.0},{"not_picked":["All For One","Buffer"],"picked":"Multi-Cast+1","floor":33.0},{"not_picked":["Redo+1","Gash","Sweeping Beam+1"],"picked":"SKIP","floor":35.0},{"not_picked":["Hologram+1","Darkness+1"],"picked":"White Noise+1","floor":36.0},{"not_picked":["Rebound+1","Stack+1"],"picked":"Reinforced Body+1","floor":39.0},{"not_picked":["Steam Power+1","Conserve Battery+1"],"picked":"Streamline","floor":41.0},{"not_picked":["Cold Snap+1","Turbo+1"],"picked":"Barrage","floor":44.0},{"not_picked":["Lockon","Reinforced Body+1"],"picked":"Glacier+1","floor":45.0},{"not_picked":["Hello World+1","Rebound+1"],"picked":"Conserve Battery+1","floor":46.0}],"player_experience":653436,"relics_obtained":[{"floor":11.0,"key":"Centennial Puzzle"},{"floor":13.0,"key":"Orichalcum"},{"floor":26.0,"key":"Toxic Egg 2"},{"floor":28.0,"key":"Necronomicon"},{"floor":43.0,"key":"War Paint"}],"event_choices":[{"damage_healed":0.0,"max_hp_gain":5.0,"max_hp_loss":0.0,"gold_gain":0.0,"event_name":"Big Fish","player_choice":"Donut","floor":4.0,"gold_loss":0.0,"damage_taken":0.0},{"cards_removed":["Strike_B"],"damage_healed":0.0,"max_hp_gain":0.0,"max_hp_loss":0.0,"gold_gain":0.0,"event_name":"The Cleric","player_choice":"Card Removal","floor":12.0,"gold_loss":50.0,"damage_taken":0.0},{"damage_healed":0.0,"max_hp_gain":0.0,"max_hp_loss":0.0,"gold_gain":0.0,"event_name":"The Library","player_choice":"Read","floor":19.0,"gold_loss":0.0,"damage_taken":0.0,"cards_obtained":["Conserve Battery"]},{"damage_healed":0.0,"max_hp_gain":0.0,"max_hp_loss":0.0,"gold_gain":0.0,"event_name":"Wheel of Change","player_choice":"Damaged","floor":20.0,"gold_loss":0.0,"damage_taken":8.0},{"damage_healed":0.0,"max_hp_gain":5.0,"max_hp_loss":0.0,"gold_gain":0.0,"event_name":"Forgotten Altar","player_choice":"Shed Blood","floor":24.0,"gold_loss":0.0,"damage_taken":20.0},{"damage_healed":0.0,"max_hp_gain":0.0,"max_hp_loss":0.0,"gold_gain":0.0,"event_name":"Cursed Tome","player_choice":"Obtained Book","floor":28.0,"gold_loss":0.0,"damage_taken":16.0},{"damage_healed":0.0,"max_hp_gain":0.0,"max_hp_loss":0.0,"gold_gain":0.0,"event_name":"Winding Halls","player_choice":"Embrace Madness","floor":37.0,"gold_loss":0.0,"damage_taken":11.0,"cards_obtained":["Madness","Madness"]},{"cards_removed":["Madness"],"damage_healed":0.0,"max_hp_gain":0.0,"max_hp_loss":0.0,"gold_gain":0.0,"event_name":"NoteForYourself","player_choice":"Took Card","floor":38.0,"gold_loss":0.0,"damage_taken":0.0,"cards_obtained":["Iron Wave"]},{"damage_healed":74.0,"max_hp_gain":0.0,"max_hp_loss":11.0,"gold_gain":0.0,"event_name":"The Moai Head","player_choice":"Heal","floor":47.0,"gold_loss":0.0,"damage_taken":0.0}],"is_beta":false,"boss_relics":[{"not_picked":["Sozu","Ectoplasm"],"picked":"White Beast Statue"},{"not_picked":["Orrery","Inserter"],"picked":"Cursed Key"}],"items_purged_floors":[21,48],"is_endless":false,"potions_floor_spawned":[2,3,10,14,18,22,25,29,30,33,35,36,39,41,44,45,46],"killed_by":"Shield and Spear","ascension_level":0}