{"gold_per_floor":[14,14,31,45,59,59,59,79,79,106,124,124],"floor_reached":12,"playtime":531,"items_purged":[],"score":131,"play_id":"bf98dacf-47a8-45ca-943c-1a01b91ed59f","local_time":"20190414221415","is_ascension_mode":true,"campfire_choices":[{"floor":6,"key":"REST"}],"neow_cost":"NO_GOLD","seed_source_timestamp":270388681162695,"circlet_count":0,"master_deck":["AscendersBane","Defend_G","Defend_G","Defend_G","Defend_G","Defend_G","Strike_G","Strike_G","Strike_G","Survivor","Neutralize+1","Poisoned Stab","Dodge and Roll","Catalyst","Dagger Throw","Noxious Fumes","Prepared","Cloak And Dagger"],"relics":["Ring of the Snake","Ice Cream","Tingsha"],"potions_floor_usage":[8,12,12],"damage_taken":[{"damage":0,"enemies":"Jaw Worm","floor":1,"turns":8},{"damage":0,"enemies":"Cultist","floor":3,"turns":4},{"damage":0,"enemies":"Small Slimes","floor":4,"turns":5},{"damage":54,"enemies":"Exordium Wildlife","floor":5,"turns":12},{"damage":21,"enemies":"Exordium Thugs","floor":8,"turns":8},{"damage":1,"enemies":"Lagavulin","floor":10,"turns":7},{"damage":0,"enemies":"3 Louse","floor":11,"turns":4},{"damage":5,"enemies":"Large Slime","floor":12,"turns":6}],"seed_played":"171490467423808160","potions_obtained":[{"floor":4,"key":"GhostInAJar"},{"floor":8,"key":"Explosive Potion"},{"floor":11,"key":"PowerPotion"}],"is_trial":false,"path_per_floor":["M","?","M","M","M","R","$","M","T","E","M","M"],"character_chosen":"THE_SILENT","items_purchased":[],"campfire_rested":1,"item_purchase_floors":[],"current_hp_per_floor":[63,63,63,63,9,30,30,9,9,8,8,3],"gold":124,"neow_bonus":"REMOVE_TWO","is_prod":false,"is_daily":false,"chose_seed":false,"campfire_upgraded":0,"win_rate":0,"timestamp":1555301655,"path_taken":["M","?","M","M","M","R","$","?","T","E","M","M"],"build_version":"2019-01-23","purchased_purges":0,"victory":false,"max_hp_per_floor":[70,70,70,70,70,70,70,70,70,70,70,70],"card_choices":[{"not_picked":["Cloak And Dagger","Infinite Blades"],"picked":"Poisoned Stab","floor":1},{"not_picked":["Backflip","Calculated Gamble"],"picked":"Dodge and Roll","floor":3},{"not_picked":["Acrobatics","Concentrate"],"picked":"Catalyst","floor":4},{"not_picked":["Prepared","Dagger Spray"],"picked":"Dagger Throw","floor":5},{"not_picked":["Poisoned Stab","Catalyst"],"picked":"Noxious Fumes","floor":8},{"not_picked":["Dash","Dagger Spray"],"picked":"Prepared","floor":10},{"not_picked":["PiercingWail","Masterful Stab"],"picked":"Cloak And Dagger","floor":11}],"player_experience":513279,"relics_obtained":[{"floor":9,"key":"Ice Cream"},{"floor":10,"key":"Tingsha"}],"event_choices":[{"damage_healed":0,"gold_gain":0,"player_choice":"Upgraded","damage_taken":0,"max_hp_gain":0,"max_hp_loss":0,"event_name":"Upgrade Shrine","floor":2,"gold_loss":0,"cards_upgraded":["Neutralize"]}],"is_beta":false,"boss_relics":[],"items_purged_floors":[],"is_endless":false,"potions_floor_spawned":[4,8,11],"killed_by":"Large Slime","ascension_level":12}