{"gold_per_floor":[17,17,17,35,53,85,85,110,133,1,1,19,54,54,54,132,132,145,155,169,2,2,0,0,0,0,0,0,19,50,62,62,140,140,159,173,190,190,208,235,235,249,273,273,273,27,27,38,38,38],"floor_reached":51,"playtime":2075,"items_purged":[],"score":1327,"play_id":"1ace863d-8d6a-4539-866c-50f84100265e","local_time":"20190919102601","is_ascension_mode":true,"campfire_choices":[{"data":"Neutralize","floor":7.0,"key":"SMITH"},{"floor":11.0,"key":"REST"},{"data":"Blade Dance","floor":15.0,"key":"SMITH"},{"data":"Dash","floor":25.0,"key":"SMITH"},{"floor":27.0,"key":"REST"},{"floor":32.0,"key":"REST"},{"data":"Choke","floor":41.0,"key":"SMITH"},{"data":"Noxious Fumes","floor":44.0,"key":"SMITH"},{"data":"Deadly Poison","floor":47.0,"key":"SMITH"},{"floor":49.0,"key":"REST"}],"neow_cost":"NO_GOLD","seed_source_timestamp":449116637685865,"circlet_count":0,"master_deck":["AscendersBane","Defend_G","Survivor","Neutralize+1","Sucker Punch","Flying Knee","Infinite Blades","Die Die Die","Blade Dance+1","Flash of Steel","Deadly Poison+1","Dagger Spray","Dash+1","Tools of the Trade","Bouncing Flask+1","Wraith Form v2+1","Night Terror+1","Backflip","Cloak And Dagger","Dodge and Roll+1","Backstab","Cloak And Dagger+1","Noxious Fumes+1","Corpse Explosion+1","Choke+1","Backflip+1","PanicButton+1","Well Laid Plans+1","Deadly Poison+1"],"special_seed":0,"relics":["Ring of the Snake","Vajra","Art of War","Toy Ornithopter","Bag of Preparation","Astrolabe","Lantern","Toxic Egg 2","Matryoshka","Philosopher\u0027s Stone","Frozen Egg 2","Letter Opener","Snake Skull","OrangePellets"],"potions_floor_usage":[50],"damage_taken":[{"damage":4.0,"enemies":"Cultist","floor":1.0,"turns":4.0},{"damage":1.0,"enemies":"Small Slimes","floor":4.0,"turns":4.0},{"damage":0.0,"enemies":"Jaw Worm","floor":5.0,"turns":6.0},{"damage":18.0,"enemies":"Gremlin Nob","floor":6.0,"turns":5.0},{"damage":27.0,"enemies":"3 Sentries","floor":8.0,"turns":7.0},{"damage":5.0,"enemies":"2 Fungi Beasts","floor":12.0,"turns":3.0},{"damage":3.0,"enemies":"Lagavulin","floor":13.0,"turns":5.0},{"damage":18.0,"enemies":"Hexaghost","floor":16.0,"turns":8.0},{"damage":13.0,"enemies":"Shell Parasite","floor":18.0,"turns":6.0},{"damage":13.0,"enemies":"2 Thieves","floor":19.0,"turns":4.0},{"damage":13.0,"enemies":"Snecko","floor":20.0,"turns":4.0},{"damage":12.0,"enemies":"Chosen and Byrds","floor":29.0,"turns":4.0},{"damage":5.0,"enemies":"Book of Stabbing","floor":30.0,"turns":5.0},{"damage":1.0,"enemies":"Snake Plant","floor":31.0,"turns":5.0},{"damage":14.0,"enemies":"Automaton","floor":33.0,"turns":12.0},{"damage":5.0,"enemies":"3 Shapes","floor":35.0,"turns":4.0},{"damage":1.0,"enemies":"Orb Walker","floor":36.0,"turns":3.0},{"damage":0.0,"enemies":"3 Darklings","floor":37.0,"turns":3.0},{"damage":0.0,"enemies":"Sphere and 2 Shapes","floor":39.0,"turns":6.0},{"damage":21.0,"enemies":"Giant Head","floor":40.0,"turns":9.0},{"damage":0.0,"enemies":"Maw","floor":42.0,"turns":8.0},{"damage":0.0,"enemies":"4 Shapes","floor":48.0,"turns":4.0},{"damage":26,"enemies":"Awakened One","floor":50,"turns":13}],"seed_played":"7520061770517364306","potions_obtained":[{"floor":1.0,"key":"GhostInAJar"},{"floor":5.0,"key":"Block Potion"},{"floor":12.0,"key":"Explosive Potion"},{"floor":13.0,"key":"Poison Potion"},{"floor":29.0,"key":"LiquidBronze"},{"floor":31.0,"key":"Energy Potion"},{"floor":33.0,"key":"Block Potion"},{"floor":39.0,"key":"GamblersBrew"},{"floor":40.0,"key":"Block Potion"},{"floor":48.0,"key":"PowerPotion"}],"is_trial":false,"path_per_floor":["M","?","?","M","M","E","R","E","T","$","R","M","E","$","R","B",null,"M","M","M","$","?","?","?","R","T","R","?","M","E","M","R","B",null,"M","M","M","?","M","E","R","M","T","R","?","$","R","M","R","B",null],"character_chosen":"THE_SILENT","items_purchased":["Flash of Steel","Deadly Poison","Lantern","Well Laid Plans+1","OrangePellets"],"campfire_rested":4,"item_purchase_floors":[10,10,21,46,46],"current_hp_per_floor":[55,55,55,54,54,36,36,9,9,9,28,23,25,25,25,12,53,40,32,19,19,19,19,19,19,19,38,38,26,26,25,44,35,58,53,52,52,52,52,36,36,41,41,41,41,41,41,41,60,39],"gold":38,"neow_bonus":"REMOVE_TWO","is_prod":false,"is_daily":false,"chose_seed":false,"campfire_upgraded":6,"win_rate":0,"timestamp":1568913961,"path_taken":["M","?","?","M","M","E","R","E","T","$","R","M","E","$","R","BOSS","M","M","M","?","?","?","?","R","T","R","?","M","E","M","R","BOSS","M","M","?","?","M","E","R","?","T","R","?","$","R","M","R","BOSS"],"build_version":"2019-09-18","purchased_purges":0,"victory":true,"max_hp_per_floor":[66,66,66,66,66,66,66,66,66,66,66,66,66,66,66,66,66,66,66,66,66,66,66,66,66,66,66,66,66,66,66,66,66,66,66,66,66,66,66,66,66,66,66,66,66,66,66,66,66,66],"card_choices":[{"not_picked":["Distraction","Flying Knee"],"picked":"Sucker Punch","floor":1.0},{"not_picked":["Backflip","Bane"],"picked":"Flying Knee","floor":4.0},{"not_picked":["Underhanded Strike","Well Laid Plans"],"picked":"Infinite Blades","floor":5.0},{"not_picked":["Phantasmal Killer","Sucker Punch"],"picked":"Die Die Die","floor":6.0},{"not_picked":["Prepared","PiercingWail"],"picked":"Blade Dance","floor":8.0},{"not_picked":["Dagger Throw","Sucker Punch"],"picked":"Dagger Spray","floor":12.0},{"not_picked":["Storm of Steel","Expertise"],"picked":"Dash","floor":13.0},{"not_picked":["Burst","Grand Finale"],"picked":"Tools of the Trade","floor":16.0},{"not_picked":["Bane","Outmaneuver"],"picked":"Backflip","floor":18.0},{"not_picked":["Sucker Punch","Backstab"],"picked":"Cloak And Dagger","floor":19.0},{"not_picked":["Noxious Fumes","Deadly Poison+1"],"picked":"Dodge and Roll+1","floor":20.0},{"not_picked":["Dagger Throw","Sucker Punch"],"picked":"Cloak And Dagger+1","floor":29.0},{"not_picked":["Reflex+1","Heel Hook"],"picked":"Noxious Fumes","floor":30.0},{"not_picked":["Distraction+1","Sucker Punch","Acrobatics+1"],"picked":"SKIP","floor":31.0},{"not_picked":["Grand Finale","Night Terror+1"],"picked":"Corpse Explosion+1","floor":33.0},{"not_picked":["Skewer+1","Cloak And Dagger+1","Concentrate+1"],"picked":"SKIP","floor":35.0},{"not_picked":["Quick Slash","Underhanded Strike","Caltrops"],"picked":"SKIP","floor":36.0},{"not_picked":["Choke","Distraction+1","Cloak And Dagger+1"],"picked":"SKIP","floor":37.0},{"not_picked":["Cloak And Dagger+1","Backstab"],"picked":"Choke","floor":39.0},{"not_picked":["Catalyst+1","Blade Dance+1"],"picked":"Backflip+1","floor":40.0},{"not_picked":["Prepared+1","Underhanded Strike+1","Deflect+1"],"picked":"SKIP","floor":42.0},{"not_picked":["Swift Strike","Jack Of All Trades+1"],"picked":"PanicButton+1","floor":45.0},{"not_picked":["Blur+1","PiercingWail+1"],"picked":"Deadly Poison+1","floor":48.0}],"player_experience":674568,"relics_obtained":[{"floor":6.0,"key":"Vajra"},{"floor":8.0,"key":"Art of War"},{"floor":9.0,"key":"Toy Ornithopter"},{"floor":13.0,"key":"Bag of Preparation"},{"floor":26.0,"key":"Toxic Egg 2"},{"floor":30.0,"key":"Matryoshka"},{"floor":40.0,"key":"Frozen Egg 2"},{"floor":43.0,"key":"Letter Opener"},{"floor":43.0,"key":"Snake Skull"}],"event_choices":[{"damage_healed":0.0,"max_hp_gain":0.0,"max_hp_loss":0.0,"gold_gain":0.0,"event_name":"Golden Idol","player_choice":"Ignored","floor":2.0,"gold_loss":0.0,"damage_taken":0.0},{"cards_removed":["Strike_G"],"damage_healed":0.0,"max_hp_gain":0.0,"max_hp_loss":0.0,"gold_gain":0.0,"event_name":"Bonfire Elementals","player_choice":"Offered Basic","floor":3.0,"gold_loss":0.0,"damage_taken":0.0},{"damage_healed":0.0,"max_hp_gain":0.0,"max_hp_loss":0.0,"gold_gain":0.0,"event_name":"Masked Bandits","player_choice":"Paid Fearfully","floor":23.0,"gold_loss":2.0,"damage_taken":0.0},{"cards_removed":["Defend_G"],"damage_healed":0.0,"max_hp_gain":0.0,"max_hp_loss":0.0,"gold_gain":0.0,"event_name":"Back to Basics","player_choice":"Elegance","floor":24.0,"gold_loss":0.0,"damage_taken":0.0},{"damage_healed":0.0,"max_hp_gain":0.0,"max_hp_loss":0.0,"gold_gain":0.0,"cards_transformed":["Defend_G"],"event_name":"Transmorgrifier","player_choice":"Transformed","floor":28.0,"gold_loss":0.0,"damage_taken":0.0,"cards_obtained":["Backstab"]},{"cards_removed":["Defend_G"],"damage_healed":0.0,"max_hp_gain":0.0,"max_hp_loss":0.0,"gold_gain":0.0,"event_name":"Purifier","player_choice":"Purged","floor":38.0,"gold_loss":0.0,"damage_taken":0.0},{"damage_healed":0.0,"max_hp_gain":0.0,"max_hp_loss":0.0,"gold_gain":0.0,"event_name":"SensoryStone","player_choice":"Memory 1","floor":45.0,"gold_loss":0.0,"damage_taken":0.0}],"is_beta":true,"boss_relics":[{"not_picked":["SacredBark","Ring of the Serpent"],"picked":"Astrolabe"},{"not_picked":["Black Star","Coffee Dripper"],"picked":"Philosopher\u0027s Stone"}],"items_purged_floors":[],"is_endless":false,"potions_floor_spawned":[1,5,12,13,29,31,33,39,40,48],"ascension_level":17}