{"gold_per_floor":[109,128,53,71,71,71,0,28,28,28,48,81,81,98,98,196,196,215,234,36,36,36,64,64,64,116,134,152,152],"floor_reached":29,"playtime":987,"items_purged":["Strike_G"],"score":485,"play_id":"416964a2-12d7-4d81-aefe-efdc021c6d9c","local_time":"20190404225617","is_ascension_mode":true,"campfire_choices":[{"data":"Survivor","floor":6,"key":"SMITH"},{"data":"Underhanded Strike","floor":10,"key":"SMITH"},{"data":"Eviscerate","floor":15,"key":"SMITH"},{"floor":24,"key":"REST"}],"neow_cost":"NONE","seed_source_timestamp":792371422139366,"circlet_count":0,"master_deck":["AscendersBane","Defend_G","Defend_G","Defend_G","Defend_G","Defend_G","Survivor+1","Neutralize","Crippling Poison+1","Phantasmal Killer","Underhanded Strike+1","Eviscerate+1","Poisoned Stab","Riddle With Holes","Accuracy","Choke","Riddle With Holes"],"relics":["Snecko Eye","Ornamental Fan","Lantern","Matryoshka","Empty Cage","Sling","Enchiridion","Kunai","Smiling Mask","Bag of Marbles"],"potions_floor_usage":[8,12,16,23,28,29],"damage_taken":[{"damage":0,"enemies":"Cultist","floor":1,"turns":5},{"damage":12,"enemies":"Jaw Worm","floor":2,"turns":8},{"damage":2,"enemies":"2 Louse","floor":4,"turns":6},{"damage":31,"enemies":"3 Sentries","floor":8,"turns":21},{"damage":4,"enemies":"Blue Slaver","floor":11,"turns":7},{"damage":2,"enemies":"Gremlin Nob","floor":12,"turns":4},{"damage":0,"enemies":"Red Slaver","floor":14,"turns":3},{"damage":0,"enemies":"Slime Boss","floor":16,"turns":3},{"damage":11,"enemies":"Spheric Guardian","floor":18,"turns":3},{"damage":2,"enemies":"3 Byrds","floor":19,"turns":5},{"damage":26,"enemies":"Book of Stabbing","floor":23,"turns":4},{"damage":15,"enemies":"3 Cultists","floor":27,"turns":5},{"damage":5,"enemies":"Centurion and Healer","floor":28,"turns":3},{"damage":0,"enemies":"Snake Plant","floor":29,"turns":1}],"seed_played":"-4672830785427141636","potions_obtained":[{"floor":1,"key":"FearPotion"},{"floor":2,"key":"EssenceOfSteel"},{"floor":8,"key":"SkillPotion"},{"floor":16,"key":"Block Potion"},{"floor":18,"key":"Fire Potion"},{"floor":27,"key":"Strength Potion"},{"floor":28,"key":"GamblersBrew"}],"is_trial":false,"path_per_floor":["M","M","$","M","?","R","$","E","T","R","M","E","T","M","R","B",null,"M","M","$","?","?","E","R","?","T","M","M","M"],"character_chosen":"THE_SILENT","items_purchased":["Phantasmal Killer","Sling"],"campfire_rested":1,"item_purchase_floors":[7,20],"current_hp_per_floor":[63,51,51,49,49,49,49,18,18,18,14,12,12,12,12,12,56,45,43,43,43,27,1,22,22,22,7,2,2],"gold":152,"neow_bonus":"BOSS_RELIC","is_prod":false,"is_daily":false,"chose_seed":false,"campfire_upgraded":3,"win_rate":0,"timestamp":1554440177,"path_taken":["M","?","$","M","?","R","?","E","T","R","M","E","?","?","R","BOSS","M","M","$","?","?","E","R","?","T","M","M","M"],"build_version":"2019-01-23","purchased_purges":1,"victory":false,"max_hp_per_floor":[70,70,70,70,70,70,70,70,70,70,70,70,70,70,70,70,70,70,70,70,70,70,70,70,70,70,70,70,70],"card_choices":[{"not_picked":["Reflex","Concentrate","Infinite Blades"],"picked":"SKIP","floor":1},{"not_picked":["Slice","Dodge and Roll","Prepared"],"picked":"SKIP","floor":2},{"not_picked":["Flying Knee","Dagger Spray"],"picked":"Crippling Poison","floor":4},{"not_picked":["Outmaneuver","Slice"],"picked":"Underhanded Strike","floor":8},{"not_picked":["Dodge and Roll","Deadly Poison"],"picked":"Eviscerate","floor":11},{"not_picked":["Dodge and Roll","Flechettes","Backflip"],"picked":"SKIP","floor":12},{"not_picked":["Acrobatics","Slice","Distraction"],"picked":"SKIP","floor":14},{"not_picked":["Accuracy","Setup+1"],"picked":"Poisoned Stab","floor":18},{"not_picked":["Heel Hook","Deflect","Cloak And Dagger+1"],"picked":"SKIP","floor":19},{"not_picked":["Deflect","Distraction+1"],"picked":"Riddle With Holes","floor":23},{"not_picked":["Slice","Terror"],"picked":"Choke","floor":27},{"not_picked":["Caltrops","After Image"],"picked":"Riddle With Holes","floor":28}],"player_experience":497351,"relics_obtained":[{"floor":8,"key":"Ornamental Fan"},{"floor":12,"key":"Lantern"},{"floor":13,"key":"Matryoshka"},{"floor":22,"key":"Enchiridion"},{"floor":23,"key":"Kunai"},{"floor":26,"key":"Smiling Mask"},{"floor":26,"key":"Bag of Marbles"}],"event_choices":[{"damage_healed":0,"gold_gain":0,"player_choice":"Upgraded","damage_taken":0,"max_hp_gain":0,"max_hp_loss":0,"event_name":"Upgrade Shrine","floor":5,"gold_loss":0,"cards_upgraded":["Crippling Poison"]},{"cards_removed":["Strike_G"],"damage_healed":0,"gold_gain":0,"player_choice":"Elegance","damage_taken":0,"max_hp_gain":0,"max_hp_loss":0,"event_name":"Back to Basics","floor":21,"gold_loss":0},{"damage_healed":0,"gold_gain":0,"player_choice":"Obtained Book","damage_taken":16,"max_hp_gain":0,"max_hp_loss":0,"event_name":"Cursed Tome","floor":22,"gold_loss":0},{"damage_healed":0,"gold_gain":0,"cards_transformed":["Strike_G"],"player_choice":"Transformed","damage_taken":0,"max_hp_gain":0,"max_hp_loss":0,"event_name":"Transmorgrifier","floor":25,"gold_loss":0,"cards_obtained":["Accuracy"]}],"is_beta":false,"boss_relics":[{"not_picked":["Philosopher\u0027s Stone","Pandora\u0027s Box"],"picked":"Empty Cage"}],"items_purged_floors":[3],"is_endless":false,"potions_floor_spawned":[1,2,8,16,18,27,28],"killed_by":"Snake Plant","ascension_level":12}