{"gold_per_floor":[119,131,143,160,160,186,186,186,186,31,51,51,83,95,95,169,169,184,84,96,96,11,11,11],"floor_reached":24,"playtime":1159,"items_purged":["Strike_B","Defend_B"],"score":361,"play_id":"b8424e45-44de-486c-9fa0-12ca30d84807","local_time":"20190927005737","is_ascension_mode":true,"campfire_choices":[{"floor":8.0,"key":"REST"},{"data":"Defragment","floor":12.0,"key":"SMITH"},{"floor":15.0,"key":"REST"},{"floor":23.0,"key":"REST"}],"neow_cost":"CURSE","seed_source_timestamp":211042789035400,"circlet_count":0,"master_deck":["AscendersBane","Strike_B","Strike_B","Defend_B","Defend_B","Zap","Dualcast","Conserve Battery","Coolheaded","Melter","Hologram","Defragment+1","Reinforced Body","Heatsinks","Sweeping Beam","Fission","Defragment","Gash","Genetic Algorithm","Undo"],"special_seed":0,"relics":["Cracked Core","Gambling Chip","Orichalcum","Blood Vial","Letter Opener","Cursed Key","Potion Belt"],"potions_floor_usage":[],"damage_taken":[{"damage":5.0,"enemies":"Cultist","floor":1.0,"turns":4.0},{"damage":2.0,"enemies":"Jaw Worm","floor":2.0,"turns":3.0},{"damage":0.0,"enemies":"Small Slimes","floor":3.0,"turns":2.0},{"damage":16.0,"enemies":"Exordium Thugs","floor":4.0,"turns":4.0},{"damage":18.0,"enemies":"Gremlin Nob","floor":6.0,"turns":4.0},{"damage":1.0,"enemies":"Blue Slaver","floor":11.0,"turns":5.0},{"damage":12.0,"enemies":"3 Sentries","floor":13.0,"turns":8.0},{"damage":8.0,"enemies":"Large Slime","floor":14.0,"turns":4.0},{"damage":52.0,"enemies":"Slime Boss","floor":16.0,"turns":13.0},{"damage":28.0,"enemies":"3 Byrds","floor":18.0,"turns":5.0},{"damage":19.0,"enemies":"2 Thieves","floor":20.0,"turns":4.0},{"damage":44,"enemies":"Slavers","floor":24,"turns":4}],"seed_played":"2125536135671464051","potions_obtained":[{"floor":1.0,"key":"AttackPotion"},{"floor":3.0,"key":"PowerPotion"},{"floor":6.0,"key":"FocusPotion"},{"floor":13.0,"key":"SteroidPotion"}],"is_trial":false,"path_per_floor":["M","M","M","M","?","E","?","R","T","$","M","R","E","M","R","B",null,"M","$","M","?","?","R","E"],"character_chosen":"DEFECT","items_purchased":["Reinforced Body"],"campfire_rested":3,"item_purchase_floors":[10],"current_hp_per_floor":[59,57,57,41,46,28,28,50,50,50,51,51,41,35,57,7,59,33,33,16,16,16,38,0],"gold":11,"neow_bonus":"ONE_RARE_RELIC","is_prod":false,"is_daily":false,"chose_seed":false,"campfire_upgraded":1,"win_rate":0,"timestamp":1569571057,"path_taken":["M","M","M","?","?","E","?","R","T","$","M","R","E","M","R","BOSS","M","$","M","?","?","R","E"],"build_version":"2019-07-17","purchased_purges":2,"victory":false,"max_hp_per_floor":[71,71,71,71,76,76,76,76,76,76,76,76,76,76,76,76,76,76,76,76,76,76,76,76],"card_choices":[{"not_picked":["Recycle","Skim"],"picked":"Conserve Battery","floor":1.0},{"not_picked":["Steam","Redo"],"picked":"Coolheaded","floor":2.0},{"not_picked":["Turbo","Recycle"],"picked":"Melter","floor":3.0},{"not_picked":["Stack","Leap"],"picked":"Hologram","floor":4.0},{"not_picked":["Glacier","Electrodynamics"],"picked":"Defragment","floor":6.0},{"not_picked":["Static Discharge","Stack","Rebound"],"picked":"SKIP","floor":11.0},{"not_picked":["Redo","Steam Power"],"picked":"Heatsinks","floor":13.0},{"not_picked":["Leap","Fusion"],"picked":"Sweeping Beam","floor":14.0},{"not_picked":["Meteor Strike","Amplify"],"picked":"Fission","floor":16.0},{"not_picked":["Turbo","Compile Driver"],"picked":"Defragment","floor":18.0},{"not_picked":["Streamline","Storm"],"picked":"Gash","floor":20.0}],"player_experience":647301,"relics_obtained":[{"floor":6.0,"key":"Orichalcum"},{"floor":9.0,"key":"Blood Vial"},{"floor":13.0,"key":"Letter Opener"}],"event_choices":[{"damage_healed":0.0,"max_hp_gain":5.0,"max_hp_loss":0.0,"gold_gain":0.0,"event_name":"Big Fish","player_choice":"Donut","floor":5.0,"gold_loss":0.0,"damage_taken":0.0},{"cards_removed":["Decay"],"damage_healed":0.0,"max_hp_gain":0.0,"max_hp_loss":0.0,"gold_gain":0.0,"event_name":"Living Wall","player_choice":"Forget","floor":7.0,"gold_loss":0.0,"damage_taken":0.0},{"damage_healed":0.0,"max_hp_gain":0.0,"max_hp_loss":0.0,"gold_gain":0.0,"cards_transformed":["Strike_B","Defend_B"],"event_name":"Drug Dealer","player_choice":"Became Test Subject","floor":21.0,"gold_loss":0.0,"damage_taken":0.0,"cards_obtained":["Genetic Algorithm","Undo"]},{"damage_healed":0.0,"max_hp_gain":0.0,"max_hp_loss":0.0,"gold_gain":0.0,"event_name":"Addict","player_choice":"Obtained Relic","floor":22.0,"gold_loss":85.0,"damage_taken":0.0,"relics_obtained":["Potion Belt"]}],"is_beta":false,"boss_relics":[{"not_picked":["Calling Bell","Coffee Dripper"],"picked":"Cursed Key"}],"items_purged_floors":[10,19],"is_endless":false,"potions_floor_spawned":[1,3,6,13],"killed_by":"Slavers","ascension_level":15}