{"gold_per_floor":[115,130,130,147,147,178,178,196,196,196,210,237,255,205,205,283,283,295,295,295,315,330,330,359,372,396,406,406,420,430,287,287,287],"floor_reached":33,"playtime":1735,"items_purged":["Strike_R"],"score":478,"play_id":"1388a8b1-cb2d-4582-95db-8f22e0469f3c","local_time":"20190830002643","is_ascension_mode":true,"campfire_choices":[{"floor":7,"key":"REST"},{"data":"Whirlwind","floor":10,"key":"SMITH"},{"floor":15,"key":"REST"},{"floor":23,"key":"REST"},{"data":"True Grit","floor":28,"key":"SMITH"},{"floor":32,"key":"REST"}],"neow_cost":"NONE","seed_source_timestamp":1311961125955100,"circlet_count":0,"master_deck":["AscendersBane","Strike_R","Strike_R","Defend_R","Defend_R","Defend_R","Defend_R","Bash","Corruption","True Grit+1","Whirlwind+1","Disarm","Ghostly Armor","Reaper","True Grit","Fiend Fire","Pummel","Impervious","Juggernaut","Intimidate","Battle Trance","Twin Strike+1","Reckless Charge"],"relics":["Burning Blood","NeowsBlessing","Red Skull","Sundial","Charon\u0027s Ashes","Sozu","MutagenicStrength","Mummified Hand","Regal Pillow"],"potions_floor_usage":[12,12],"damage_taken":[{"damage":0,"enemies":"Cultist","floor":1,"turns":1},{"damage":0,"enemies":"Small Slimes","floor":2,"turns":1},{"damage":0,"enemies":"2 Louse","floor":4,"turns":2},{"damage":58,"enemies":"3 Sentries","floor":6,"turns":7},{"damage":14,"enemies":"Exordium Wildlife","floor":8,"turns":4},{"damage":0,"enemies":"3 Louse","floor":11,"turns":1},{"damage":26,"enemies":"Gremlin Nob","floor":12,"turns":4},{"damage":0,"enemies":"2 Fungi Beasts","floor":13,"turns":2},{"damage":48,"enemies":"Slime Boss","floor":16,"turns":10},{"damage":5,"enemies":"Chosen","floor":18,"turns":3},{"damage":26,"enemies":"Shell Parasite","floor":21,"turns":5},{"damage":35,"enemies":"Snake Plant","floor":22,"turns":8},{"damage":37,"enemies":"Book of Stabbing","floor":24,"turns":7},{"damage":3,"enemies":"Snecko","floor":25,"turns":3},{"damage":7,"enemies":"Centurion and Healer","floor":27,"turns":6},{"damage":31,"enemies":"Cultist and Chosen","floor":29,"turns":8},{"damage":0,"enemies":"Snake Plant","floor":30,"turns":3},{"damage":71,"enemies":"Automaton","floor":33,"turns":8}],"seed_played":"-3218445160177534733","potions_obtained":[{"floor":1,"key":"Poison Potion"},{"floor":4,"key":"SneckoOil"},{"floor":11,"key":"Weak Potion"},{"floor":12,"key":"Dexterity Potion"}],"is_trial":false,"path_per_floor":["M","M","?","M","?","E","R","M","T","R","M","E","M","?","R","B",null,"M","?","?","M","M","R","E","M","T","M","R","M","M","$","R","B"],"character_chosen":"IRONCLAD","items_purchased":["Reckless Charge"],"campfire_rested":4,"item_purchase_floors":[31],"current_hp_per_floor":[74,75,75,75,68,16,38,30,30,30,36,16,22,22,44,16,60,61,61,61,41,22,44,20,30,30,43,43,23,29,29,66,0],"gold":287,"neow_bonus":"THREE_ENEMY_KILL","is_prod":false,"is_daily":false,"chose_seed":false,"campfire_upgraded":2,"win_rate":0,"timestamp":1567150003,"path_taken":["M","?","?","M","?","E","R","M","T","R","M","E","M","?","R","BOSS","M","?","?","M","M","R","E","M","T","M","R","M","M","$","R","BOSS"],"build_version":"2019-07-17","purchased_purges":1,"victory":false,"max_hp_per_floor":[75,75,75,75,75,75,75,75,75,75,75,75,75,75,75,75,75,75,75,75,75,75,75,75,75,75,75,75,75,75,75,75,75],"card_choices":[{"not_picked":["Anger","Pommel Strike"],"picked":"Corruption","floor":1},{"not_picked":["Shrug It Off","Twin Strike"],"picked":"True Grit","floor":2},{"not_picked":["Warcry","Flex"],"picked":"Whirlwind","floor":4},{"not_picked":["Reckless Charge","Whirlwind"],"picked":"Disarm","floor":6},{"not_picked":["Armaments","Havoc"],"picked":"Ghostly Armor","floor":8},{"not_picked":["Twin Strike","Body Slam","Combust"],"picked":"SKIP","floor":11},{"not_picked":["Pommel Strike","Dual Wield"],"picked":"Reaper","floor":12},{"not_picked":["Flex","Sword Boomerang"],"picked":"True Grit","floor":13},{"not_picked":["Berserk","Reaper"],"picked":"Fiend Fire","floor":16},{"not_picked":["Warcry","Body Slam"],"picked":"Pummel","floor":18},{"not_picked":["Rage","Flex","Twin Strike"],"picked":"SKIP","floor":21},{"not_picked":["Anger+1","True Grit"],"picked":"Impervious","floor":22},{"not_picked":["Rupture+1","Barricade"],"picked":"Juggernaut","floor":24},{"not_picked":["Warcry","Burning Pact"],"picked":"Intimidate","floor":25},{"not_picked":["Burning Pact","Wild Strike"],"picked":"Battle Trance","floor":27},{"not_picked":["Iron Wave","Rage+1"],"picked":"Twin Strike+1","floor":29},{"not_picked":["Anger","Iron Wave","Clothesline"],"picked":"SKIP","floor":30}],"player_experience":1345044,"relics_obtained":[{"floor":6,"key":"Red Skull"},{"floor":9,"key":"Sundial"},{"floor":12,"key":"Charon\u0027s Ashes"},{"floor":24,"key":"Mummified Hand"},{"floor":26,"key":"Regal Pillow"}],"event_choices":[{"damage_healed":0,"gold_gain":0,"player_choice":"Ignored","damage_taken":0,"max_hp_gain":0,"max_hp_loss":0,"event_name":"Liars Game","floor":3,"gold_loss":0},{"cards_removed":["Strike_R"],"damage_healed":0,"gold_gain":0,"player_choice":"Card Removal","damage_taken":7,"max_hp_gain":0,"max_hp_loss":0,"event_name":"Golden Wing","floor":5,"gold_loss":0},{"cards_removed":["Strike_R"],"damage_healed":0,"gold_gain":0,"player_choice":"Card Removal","damage_taken":0,"max_hp_gain":0,"max_hp_loss":0,"event_name":"The Cleric","floor":14,"gold_loss":50},{"damage_healed":0,"gold_gain":0,"player_choice":"Ignored","damage_taken":0,"max_hp_gain":0,"max_hp_loss":0,"event_name":"Vampires","floor":19,"gold_loss":0},{"damage_healed":0,"gold_gain":0,"player_choice":"Inject Mutagens","damage_taken":0,"relics_obtained":["MutagenicStrength"],"max_hp_gain":0,"max_hp_loss":0,"event_name":"Drug Dealer","floor":20,"gold_loss":0}],"is_beta":false,"boss_relics":[{"not_picked":["Orrery","White Beast Statue"],"picked":"Sozu"}],"items_purged_floors":[31],"is_endless":false,"potions_floor_spawned":[1,4,11,12,21,24,27,29],"killed_by":"Automaton","ascension_level":14}