{"gold_per_floor":[114,64,64,64,64,64,96,96,96,123,141,141,173,185,185,287,287,304,317,416,29,43,43,78,78,78,91,91,105,105,105,105,201,201,216,229,248,348,401,401,446,462,531,563,563,579,130,130,130,130],"floor_reached":51,"playtime":4214,"items_purged":["Phantasmal Killer"],"score":1050,"play_id":"551fc711-aa5e-4fb5-9844-467200dae4ed","local_time":"20190901231328","is_ascension_mode":true,"campfire_choices":[{"data":"Storm of Steel","floor":6.0,"key":"SMITH"},{"floor":8.0,"key":"REST"},{"data":"Leg Sweep","floor":12.0,"key":"SMITH"},{"floor":15.0,"key":"REST"},{"floor":23.0,"key":"REST"},{"floor":25.0,"key":"REST"},{"data":"Blade Dance","floor":28.0,"key":"SMITH"},{"floor":32.0,"key":"REST"},{"floor":40.0,"key":"REST"},{"floor":49.0,"key":"REST"}],"neow_cost":"NONE","seed_source_timestamp":1564026036027900,"circlet_count":0,"master_deck":["AscendersBane","Survivor","Neutralize+1","Envenom+1","Riddle With Holes","Leg Sweep","Storm of Steel+1","Noxious Fumes","Well Laid Plans","Leg Sweep+1","Dash","Blade Dance+1","Corpse Explosion","Cloak And Dagger+1","Quick Slash+1","Predator","Caltrops+1","PiercingWail","Eviscerate+1","Malaise","PiercingWail+1","Calculated Gamble+1","Prepared+1","Dodge and Roll+1","Bouncing Flask+1","Terror","Backflip+1","Die Die Die","Apotheosis","Acrobatics+1"],"special_seed":0,"relics":["Pandora\u0027s Box","Whetstone","Art of War","Kunai","The Courier","Snecko Eye","Blood Vial","Paper Crane","Ancient Tea Set","Ginger","Astrolabe","Torii","Dream Catcher","Girya","Blue Candle","PreservedInsect","Pear","Bag of Preparation","Regal Pillow"],"potions_floor_usage":[50,50],"damage_taken":[{"damage":0.0,"enemies":"2 Louse","floor":1.0,"turns":3.0},{"damage":24.0,"enemies":"3 Sentries","floor":7.0,"turns":7.0},{"damage":11.0,"enemies":"Lagavulin","floor":10.0,"turns":5.0},{"damage":9.0,"enemies":"Jaw Worm","floor":11.0,"turns":2.0},{"damage":16.0,"enemies":"Gremlin Nob","floor":13.0,"turns":5.0},{"damage":4.0,"enemies":"Cultist","floor":14.0,"turns":4.0},{"damage":4.0,"enemies":"Hexaghost","floor":16.0,"turns":8.0},{"damage":12.0,"enemies":"3 Byrds","floor":18.0,"turns":2.0},{"damage":12.0,"enemies":"2 Thieves","floor":19.0,"turns":3.0},{"damage":6.0,"enemies":"Cultist and Chosen","floor":22.0,"turns":4.0},{"damage":24.0,"enemies":"Slavers","floor":24.0,"turns":3.0},{"damage":0.0,"enemies":"Snake Plant","floor":27.0,"turns":4.0},{"damage":3.0,"enemies":"Centurion and Healer","floor":29.0,"turns":3.0},{"damage":12.0,"enemies":"Champ","floor":33.0,"turns":8.0},{"damage":13.0,"enemies":"Orb Walker","floor":35.0,"turns":5.0},{"damage":29.0,"enemies":"3 Darklings","floor":36.0,"turns":3.0},{"damage":0.0,"enemies":"4 Shapes","floor":37.0,"turns":7.0},{"damage":0.0,"enemies":"Mind Bloom Boss Battle","floor":38.0,"turns":7.0},{"damage":20.0,"enemies":"2 Orb Walkers","floor":41.0,"turns":3.0},{"damage":0.0,"enemies":"Jaw Worm Horde","floor":42.0,"turns":4.0},{"damage":2.0,"enemies":"Reptomancer","floor":44.0,"turns":5.0},{"damage":7.0,"enemies":"Sphere and 2 Shapes","floor":46.0,"turns":3.0},{"damage":21,"enemies":"Awakened One","floor":50,"turns":13}],"seed_played":"1958479855067045917","potions_obtained":[{"floor":1.0,"key":"SpeedPotion"},{"floor":10.0,"key":"EssenceOfSteel"},{"floor":11.0,"key":"Dexterity Potion"},{"floor":13.0,"key":"Energy Potion"},{"floor":18.0,"key":"Ancient Potion"},{"floor":24.0,"key":"PowerPotion"},{"floor":35.0,"key":"PowerPotion"},{"floor":44.0,"key":"SteroidPotion"},{"floor":46.0,"key":"EntropicBrew"}],"is_trial":false,"path_per_floor":["M","?","?","?","?","R","E","R","T","E","M","R","E","M","R","B",null,"M","M","?","$","M","R","E","R","T","M","R","M","?","?","R","B",null,"M","M","M","?","T","R","?","M","T","E","?","M","$","?","R","B",null],"character_chosen":"THE_SILENT","items_purchased":["Blood Vial","Paper Crane","Pear","Bag of Preparation","Regal Pillow"],"campfire_rested":7,"item_purchase_floors":[21,21,47,47,47],"current_hp_per_floor":[63,63,63,56,56,56,32,53,53,42,33,33,17,13,34,30,60,48,36,36,36,32,53,31,52,52,54,54,53,40,33,55,45,68,57,30,32,34,34,56,38,40,40,40,40,35,45,45,85,64],"gold":130,"neow_bonus":"BOSS_RELIC","is_prod":false,"is_daily":false,"chose_seed":false,"campfire_upgraded":3,"win_rate":0,"timestamp":1567404808,"path_taken":["M","?","?","?","?","R","E","R","T","E","M","R","E","M","R","BOSS","M","?","?","$","M","R","E","R","T","M","R","M","?","?","R","BOSS","M","M","M","?","?","R","?","M","T","E","?","?","$","?","R","BOSS"],"build_version":"2019-07-17","purchased_purges":1,"victory":true,"max_hp_per_floor":[70,70,70,70,70,70,70,70,70,70,70,70,70,70,70,70,70,70,70,70,70,70,70,70,70,70,70,70,70,75,75,75,75,75,75,75,75,75,75,75,75,75,75,75,75,75,85,85,85,85],"card_choices":[{"not_picked":["Sucker Punch","PiercingWail"],"picked":"Noxious Fumes","floor":1.0},{"not_picked":["Catalyst","Slice"],"picked":"Well Laid Plans","floor":7.0},{"not_picked":["All Out Attack","Acrobatics"],"picked":"Deflect","floor":10.0},{"not_picked":["Expertise","Calculated Gamble"],"picked":"Leg Sweep","floor":11.0},{"not_picked":["Distraction","Dodge and Roll"],"picked":"Dash","floor":13.0},{"not_picked":["Deflect","Dagger Spray"],"picked":"Blade Dance","floor":14.0},{"not_picked":["Night Terror","Burst"],"picked":"Corpse Explosion","floor":16.0},{"not_picked":["Backflip","Dodge and Roll"],"picked":"Cloak And Dagger+1","floor":18.0},{"not_picked":["Deadly Poison","Sucker Punch+1"],"picked":"Quick Slash+1","floor":19.0},{"not_picked":["Dagger Throw","Dodge and Roll"],"picked":"Predator","floor":22.0},{"not_picked":["Heel Hook","Glass Knife"],"picked":"Caltrops+1","floor":24.0},{"not_picked":["Cloak And Dagger","Dodge and Roll"],"picked":"PiercingWail","floor":27.0},{"not_picked":["Prepared+1","Deflect"],"picked":"Eviscerate+1","floor":29.0},{"not_picked":["Tools of the Trade","Storm of Steel"],"picked":"Malaise","floor":33.0},{"not_picked":["Accuracy","Blade Dance+1"],"picked":"Dodge and Roll+1","floor":35.0},{"not_picked":["Riddle With Holes","Quick Slash+1"],"picked":"Bouncing Flask+1","floor":36.0},{"not_picked":["Caltrops","Bane+1","Cloak And Dagger"],"picked":"SKIP","floor":37.0},{"not_picked":["Blade Dance+1","Eviscerate+1"],"picked":"Terror","floor":40.0},{"not_picked":["Slice","Dodge and Roll"],"picked":"Backflip+1","floor":41.0},{"not_picked":["Backflip+1","Blade Dance","Outmaneuver+1"],"picked":"SKIP","floor":42.0},{"not_picked":["Outmaneuver","Backflip+1"],"picked":"Die Die Die","floor":44.0},{"not_picked":["Footwork+1","Skewer+1","Underhanded Strike+1"],"picked":"SKIP","floor":46.0},{"not_picked":["Finesse","Flash of Steel"],"picked":"Apotheosis","floor":48.0},{"not_picked":["Backflip","Bane+1"],"picked":"Acrobatics+1","floor":49.0}],"player_experience":1367044,"relics_obtained":[{"floor":7.0,"key":"Whetstone"},{"floor":9.0,"key":"Art of War"},{"floor":10.0,"key":"Kunai"},{"floor":13.0,"key":"The Courier"},{"floor":24.0,"key":"Ancient Tea Set"},{"floor":26.0,"key":"Ginger"},{"floor":38.0,"key":"Torii"},{"floor":39.0,"key":"Dream Catcher"},{"floor":41.0,"key":"Girya"},{"floor":43.0,"key":"Blue Candle"},{"floor":44.0,"key":"PreservedInsect"}],"event_choices":[{"cards_removed":["Flechettes"],"damage_healed":0.0,"max_hp_gain":0.0,"max_hp_loss":0.0,"gold_gain":0.0,"event_name":"The Cleric","player_choice":"Card Removal","floor":2.0,"gold_loss":50.0,"damage_taken":0.0},{"damage_healed":0.0,"max_hp_gain":0.0,"max_hp_loss":0.0,"gold_gain":0.0,"event_name":"Living Wall","player_choice":"Grow","floor":3.0,"gold_loss":0.0,"damage_taken":0.0,"cards_upgraded":["Envenom"]},{"cards_removed":["Flechettes"],"damage_healed":0.0,"max_hp_gain":0.0,"max_hp_loss":0.0,"gold_gain":0.0,"event_name":"Golden Wing","player_choice":"Card Removal","floor":4.0,"gold_loss":0.0,"damage_taken":7.0},{"damage_healed":0.0,"max_hp_gain":0.0,"max_hp_loss":0.0,"gold_gain":0.0,"cards_transformed":["Calculated Gamble"],"event_name":"Transmorgrifier","player_choice":"Transformed","floor":5.0,"gold_loss":0.0,"damage_taken":0.0,"cards_obtained":["Phantasmal Killer"]},{"damage_healed":0.0,"max_hp_gain":0.0,"max_hp_loss":0.0,"gold_gain":99.0,"event_name":"Nest","player_choice":"Stole From Cult","floor":20.0,"gold_loss":0.0,"damage_taken":0.0},{"damage_healed":0.0,"max_hp_gain":5.0,"max_hp_loss":0.0,"gold_gain":0.0,"event_name":"Forgotten Altar","player_choice":"Shed Blood","floor":30.0,"gold_loss":0.0,"damage_taken":18.0},{"damage_healed":0.0,"max_hp_gain":0.0,"max_hp_loss":0.0,"gold_gain":0.0,"event_name":"Wheel of Change","player_choice":"Damaged","floor":31.0,"gold_loss":0.0,"damage_taken":7.0},{"damage_healed":0.0,"max_hp_gain":0.0,"max_hp_loss":0.0,"gold_gain":0.0,"event_name":"MindBloom","player_choice":"Fight","floor":38.0,"gold_loss":0.0,"damage_taken":0.0},{"damage_healed":0.0,"max_hp_gain":0.0,"max_hp_loss":0.0,"gold_gain":0.0,"event_name":"Mysterious Sphere","player_choice":"Fight","floor":41.0,"gold_loss":0.0,"damage_taken":0.0},{"cards_removed":["Quick Slash"],"damage_healed":0.0,"max_hp_gain":0.0,"max_hp_loss":0.0,"gold_gain":0.0,"event_name":"Falling","player_choice":"Removed Attack","floor":45.0,"gold_loss":0.0,"damage_taken":0.0},{"damage_healed":0.0,"max_hp_gain":0.0,"max_hp_loss":0.0,"gold_gain":0.0,"event_name":"SensoryStone","player_choice":"Memory 1","floor":48.0,"gold_loss":0.0,"damage_taken":0.0}],"is_beta":false,"boss_relics":[{"not_picked":["Eternal Feather","Lizard Tail"],"picked":"Snecko Eye"},{"not_picked":["Runic Pyramid","Tiny House"],"picked":"Astrolabe"}],"items_purged_floors":[21],"is_endless":false,"potions_floor_spawned":[1,10,11,13,18,22,24,29,35,38,42,44,46],"ascension_level":11}