{"gold_per_floor":[116,116,3,3,19,19,32,52,79,89,7,19,19,38,38,141,141,160,178,190,190,209,209,221,221,221,241,241],"floor_reached":28,"playtime":1922,"items_purged":[],"score":281,"play_id":"a4d89691-8afc-4106-9a5e-390cad309f2d","local_time":"20190928115241","is_ascension_mode":true,"campfire_choices":[{"data":"Sunder","floor":6,"key":"SMITH"},{"data":"Double Energy","floor":13,"key":"SMITH"},{"data":"Zap","floor":15,"key":"SMITH"},{"floor":23,"key":"REST"},{"data":"Dualcast","floor":25,"key":"SMITH"}],"neow_cost":"NONE","seed_source_timestamp":1142354455700,"circlet_count":0,"master_deck":["Defend_B","Defend_B","Defend_B","Zap+1","Dualcast+1","Sunder+1","Glacier","Capacitor","Double Energy+1","Coolheaded","Cold Snap","Conserve Battery","All For One","Capacitor","Seek","Static Discharge+1","Rainbow+1","Tempest+1","Leap","Barrage","Redo+1","Glacier","Conserve Battery+1"],"relics":["Cracked Core","MealTicket","Astrolabe","Anchor"],"potions_floor_usage":[18,20,21,22,27,27,27],"damage_taken":[{"damage":4,"enemies":"Small Slimes","floor":1,"turns":4},{"damage":0,"enemies":"Jaw Worm","floor":5,"turns":4},{"damage":0,"enemies":"Cultist","floor":7,"turns":2},{"damage":13,"enemies":"Large Slime","floor":8,"turns":7},{"damage":0,"enemies":"Exordium Thugs","floor":10,"turns":4},{"damage":0,"enemies":"Exordium Wildlife","floor":12,"turns":3},{"damage":0,"enemies":"2 Fungi Beasts","floor":14,"turns":3},{"damage":9,"enemies":"Slime Boss","floor":16,"turns":8},{"damage":8,"enemies":"Shell Parasite","floor":18,"turns":4},{"damage":5,"enemies":"Spheric Guardian","floor":19,"turns":4},{"damage":10,"enemies":"Snake Plant","floor":20,"turns":4},{"damage":7,"enemies":"Snecko","floor":22,"turns":4},{"damage":4,"enemies":"Centurion and Healer","floor":24,"turns":6},{"damage":6,"enemies":"Chosen and Byrds","floor":27,"turns":4},{"damage":59,"enemies":"Book of Stabbing","floor":28,"turns":9}],"seed_played":"-285696419275970299","potions_obtained":[{"floor":5,"key":"FocusPotion"},{"floor":14,"key":"Swift Potion"},{"floor":16,"key":"SkillPotion"},{"floor":19,"key":"LiquidBronze"},{"floor":21,"key":"Fruit Juice"},{"floor":21,"key":"Energy Potion"},{"floor":24,"key":"FocusPotion"}],"is_trial":false,"path_per_floor":["M","?","$","?","M","R","M","M","T","M","$","M","R","M","R","B",null,"M","M","M","?","M","R","M","R","T","M","E"],"character_chosen":"DEFECT","items_purchased":["Glacier","Capacitor","All For One"],"campfire_rested":1,"item_purchase_floors":[3,3,11],"current_hp_per_floor":[64,57,57,57,57,57,57,44,44,44,59,59,59,59,59,50,69,61,56,46,51,44,68,64,64,64,58,0],"gold":241,"neow_bonus":"REMOVE_CARD","is_prod":false,"is_daily":false,"chose_seed":false,"campfire_upgraded":4,"win_rate":0,"timestamp":1569667961,"path_taken":["M","?","$","?","?","R","M","M","T","M","$","M","R","M","R","BOSS","M","M","M","?","M","R","M","R","T","?","E"],"build_version":"2019-09-27","purchased_purges":0,"victory":false,"max_hp_per_floor":[75,75,75,75,75,75,75,75,75,75,75,75,75,75,75,75,75,75,75,75,80,80,80,80,80,80,80,80],"card_choices":[{"not_picked":["Beam Cell","Double Energy"],"picked":"Sunder","floor":1},{"not_picked":["Hello World","Blizzard"],"picked":"Double Energy","floor":5},{"not_picked":["Beam Cell","Static Discharge"],"picked":"Coolheaded","floor":7},{"not_picked":["Redo","Rebound"],"picked":"Cold Snap","floor":8},{"not_picked":["Double Energy","Chaos"],"picked":"Conserve Battery","floor":10},{"not_picked":["Sunder","Leap","Steam"],"picked":"SKIP","floor":12},{"not_picked":["Melter","Reprogram"],"picked":"Capacitor","floor":14},{"not_picked":["Multi-Cast","Hyperbeam"],"picked":"Seek","floor":16},{"not_picked":["Beam Cell","Tempest"],"picked":"Leap","floor":18},{"not_picked":["Rebound","Sunder"],"picked":"Barrage","floor":19},{"not_picked":["Capacitor+1","Streamline"],"picked":"Redo+1","floor":20},{"not_picked":["Genetic Algorithm","Steam Power"],"picked":"Glacier","floor":22},{"not_picked":["Lockon","Melter","Turbo+1"],"picked":"SKIP","floor":24},{"not_picked":["Aggregate+1","Compile Driver"],"picked":"Conserve Battery+1","floor":27}],"player_experience":263363,"relics_obtained":[{"floor":9,"key":"MealTicket"},{"floor":26,"key":"Anchor"}],"event_choices":[{"cards_removed":["Strike_B"],"damage_healed":0,"gold_gain":0,"player_choice":"Card Removal","damage_taken":7,"max_hp_gain":0,"max_hp_loss":0,"event_name":"Golden Wing","floor":2,"gold_loss":0},{"damage_healed":0,"gold_gain":0,"player_choice":"Ignored","damage_taken":0,"max_hp_gain":0,"max_hp_loss":0,"event_name":"WeMeetAgain","floor":4,"gold_loss":0},{"damage_healed":0,"gold_gain":0,"player_choice":"Got Potions","damage_taken":0,"max_hp_gain":0,"max_hp_loss":0,"event_name":"Lab","floor":21,"gold_loss":0}],"is_beta":true,"boss_relics":[{"not_picked":["SlaversCollar","Pandora\u0027s Box"],"picked":"Astrolabe"}],"items_purged_floors":[],"is_endless":false,"potions_floor_spawned":[5,14,16,19,24],"killed_by":"Book of Stabbing","ascension_level":6}