{"gold_per_floor":[115,17,40,52,65,98,98,125,125,143,159,175,194,211,211,308,308,327,354,354,370,370,400,400,400,400,433,378,392,403,420,420,420],"floor_reached":33,"playtime":1068,"items_purged":["Strike_G"],"score":492,"play_id":"f928bb00-5bf1-42e8-8ea3-c2953ef45666","local_time":"20190328224758","is_ascension_mode":true,"campfire_choices":[{"data":"Poisoned Stab","floor":7,"key":"SMITH"},{"floor":15,"key":"REST"},{"data":"Noxious Fumes","floor":25,"key":"SMITH"},{"data":"Crippling Poison","floor":32,"key":"SMITH"}],"neow_cost":"NONE","seed_source_timestamp":186967727015443,"circlet_count":0,"master_deck":["AscendersBane","Defend_G+1","Defend_G+1","Defend_G+1","Defend_G+1","Defend_G+1","Survivor","Neutralize","Crippling Poison+1","Poisoned Stab+1","Cloak And Dagger","Poisoned Stab","Backstab","Dagger Throw","Deadly Poison","Catalyst","Noxious Fumes+1","Backflip","Sucker Punch","Doppelganger","Deadly Poison","Bite","Bite","Bite","Bite","Bite","Poisoned Stab","Blur+1","Noxious Fumes","Bouncing Flask","Blur+1","Noxious Fumes"],"relics":["Ring of the Serpent","Omamori","Paper Crane","Happy Flower","Ninja Scroll","Vajra","Tingsha","Bottled Lightning","Bag of Marbles","Ginger"],"potions_floor_usage":[4,6,23,23,23,29,33,33],"damage_taken":[{"damage":5,"enemies":"Cultist","floor":1,"turns":4},{"damage":0,"enemies":"Jaw Worm","floor":4,"turns":3},{"damage":7,"enemies":"Small Slimes","floor":5,"turns":2},{"damage":23,"enemies":"3 Sentries","floor":6,"turns":10},{"damage":16,"enemies":"Gremlin Nob","floor":8,"turns":4},{"damage":0,"enemies":"2 Fungi Beasts","floor":10,"turns":3},{"damage":2,"enemies":"3 Louse","floor":11,"turns":2},{"damage":3,"enemies":"Exordium Thugs","floor":12,"turns":3},{"damage":0,"enemies":"Exordium Wildlife","floor":13,"turns":3},{"damage":0,"enemies":"3 Louse","floor":14,"turns":2},{"damage":9,"enemies":"Hexaghost","floor":16,"turns":9},{"damage":8,"enemies":"Shell Parasite","floor":18,"turns":3},{"damage":3,"enemies":"Spheric Guardian","floor":21,"turns":4},{"damage":4,"enemies":"Book of Stabbing","floor":23,"turns":5},{"damage":13,"enemies":"Slavers","floor":27,"turns":8},{"damage":13,"enemies":"Snecko","floor":29,"turns":4},{"damage":0,"enemies":"Sentry and Sphere","floor":30,"turns":3},{"damage":0,"enemies":"Centurion and Healer","floor":31,"turns":6},{"damage":26,"enemies":"Collector","floor":33,"turns":5}],"seed_played":"-220067332341924336","potions_obtained":[{"floor":1,"key":"Fire Potion"},{"floor":4,"key":"SteroidPotion"},{"floor":6,"key":"LiquidBronze"},{"floor":10,"key":"Block Potion"},{"floor":13,"key":"Regen Potion"},{"floor":21,"key":"EntropicBrew"},{"floor":23,"key":"AttackPotion"},{"floor":31,"key":"Strength Potion"}],"is_trial":false,"path_per_floor":["M","$","T","M","M","E","R","E","T","M","M","M","M","M","R","B",null,"M","T","?","M","?","E","?","R","T","E","?","M","M","M","R","B"],"character_chosen":"THE_SILENT","items_purchased":["Poisoned Stab"],"campfire_rested":1,"item_purchase_floors":[2],"current_hp_per_floor":[65,65,65,65,58,35,35,19,19,19,17,14,14,14,37,28,65,57,57,53,53,53,49,49,49,49,46,46,37,39,49,49,29],"gold":420,"neow_bonus":"TEN_PERCENT_HP_BONUS","is_prod":false,"is_daily":false,"chose_seed":false,"campfire_upgraded":3,"win_rate":0,"timestamp":1553834878,"path_taken":["M","?","?","M","M","E","R","E","T","M","?","M","M","M","R","BOSS","M","?","?","M","?","E","?","R","T","E","?","?","M","M","R","BOSS"],"build_version":"2019-01-23","purchased_purges":1,"victory":false,"max_hp_per_floor":[77,77,77,77,77,77,77,77,77,77,77,77,77,77,77,77,77,77,77,53,53,53,53,53,53,53,53,53,53,53,53,53,53],"card_choices":[{"not_picked":["Dash","Bane"],"picked":"Crippling Poison","floor":1},{"not_picked":["Slice","Dodge and Roll"],"picked":"Cloak And Dagger","floor":4},{"not_picked":["Dagger Spray","Bane"],"picked":"Poisoned Stab","floor":5},{"not_picked":["Heel Hook","Acrobatics"],"picked":"Backstab","floor":6},{"not_picked":["Expertise","Blur"],"picked":"Dagger Throw","floor":8},{"not_picked":["Acrobatics","Dagger Throw"],"picked":"Deadly Poison","floor":10},{"not_picked":["Prepared","Crippling Poison"],"picked":"Catalyst","floor":11},{"not_picked":["Bouncing Flask","A Thousand Cuts"],"picked":"Noxious Fumes","floor":12},{"not_picked":["PiercingWail","Outmaneuver"],"picked":"Backflip","floor":13},{"not_picked":["Catalyst","Dagger Throw"],"picked":"Sucker Punch","floor":14},{"not_picked":["Bullet Time","Grand Finale"],"picked":"Doppelganger","floor":16},{"not_picked":["Riddle With Holes","Escape Plan"],"picked":"Deadly Poison","floor":18},{"not_picked":["Deadly Poison","Acrobatics"],"picked":"Poisoned Stab","floor":21},{"not_picked":["Tactician","Choke"],"picked":"Blur+1","floor":23},{"not_picked":["Backstab","Deadly Poison"],"picked":"Bouncing Flask","floor":27},{"not_picked":["Calculated Gamble","Flying Knee+1"],"picked":"Blur+1","floor":29},{"not_picked":["Reflex+1","Dagger Throw","Dagger Spray"],"picked":"SKIP","floor":30},{"not_picked":["Leg Sweep+1","Outmaneuver"],"picked":"Noxious Fumes","floor":31}],"player_experience":474431,"relics_obtained":[{"floor":3,"key":"Omamori"},{"floor":6,"key":"Paper Crane"},{"floor":8,"key":"Happy Flower"},{"floor":9,"key":"Ninja Scroll"},{"floor":19,"key":"Vajra"},{"floor":23,"key":"Tingsha"},{"floor":26,"key":"Bottled Lightning"},{"floor":27,"key":"Bag of Marbles"}],"event_choices":[{"damage_healed":0,"gold_gain":0,"player_choice":"Became a vampire","damage_taken":0,"max_hp_gain":0,"max_hp_loss":24,"event_name":"Vampires","floor":20,"gold_loss":0,"cards_obtained":["Bite","Bite","Bite","Bite","Bite"]},{"damage_healed":0,"gold_gain":0,"player_choice":"Simplicity","damage_taken":0,"max_hp_gain":0,"max_hp_loss":0,"event_name":"Back to Basics","floor":22,"gold_loss":0,"cards_upgraded":["Defend_G","Defend_G","Defend_G","Defend_G","Defend_G"]},{"damage_healed":0,"gold_gain":0,"player_choice":"Read","damage_taken":0,"max_hp_gain":0,"max_hp_loss":0,"event_name":"The Library","floor":24,"gold_loss":0,"cards_obtained":["Noxious Fumes"]},{"damage_healed":0,"gold_gain":0,"player_choice":"Paid Gold","damage_taken":0,"relics_obtained":["Ginger"],"max_hp_gain":0,"max_hp_loss":0,"event_name":"WeMeetAgain","floor":28,"gold_loss":55}],"is_beta":false,"boss_relics":[{"not_picked":["Tiny House","Velvet Choker"],"picked":"Ring of the Serpent"}],"items_purged_floors":[2],"is_endless":false,"potions_floor_spawned":[1,4,6,10,13,21,23,27,31],"killed_by":"Collector","ascension_level":11}