{"gold_per_floor":[115,130,130,130,146,181,181,181,181,181,23,23,93,116,116,205,205,219,144,59,77,100,100,131,131,158,158,176,190,190,208,208,208],"floor_reached":33,"playtime":1880,"items_purged":["Strike_B"],"score":550,"play_id":"cd685faa-c55e-45ca-a2ee-bb0fd1fdfef9","local_time":"20190317000934","is_ascension_mode":true,"campfire_choices":[{"floor":7.0,"key":"REST"},{"data":"Dualcast","floor":10.0,"key":"SMITH"},{"floor":15.0,"key":"REST"},{"data":"Coolheaded","floor":23.0,"key":"SMITH"},{"floor":25.0,"key":"REST"},{"floor":30.0,"key":"REST"},{"floor":32.0,"key":"REST"}],"neow_cost":"NONE","seed_source_timestamp":2844554141441500,"circlet_count":0,"master_deck":["AscendersBane","Defend_B","Defend_B","Defend_B","Zap+1","Dualcast+1","Compile Driver","Leap","Cold Snap","Cold Snap","Leap","Chill","Leap","Electrodynamics","Rainbow+1","Hologram+1","Double Energy+1","Coolheaded+1","Stack","Capacitor","Self Repair","Barrage","Go for the Eyes","BootSequence"],"special_seed":0,"relics":["Cracked Core","Golden Idol","Prayer Wheel","Mercury Hourglass","Art of War","Tiny Chest","Astrolabe","Anchor","Du-Vu Doll","Regal Pillow","Sundial"],"potions_floor_usage":[],"damage_taken":[{"damage":0.0,"enemies":"2 Louse","floor":1.0,"turns":2.0},{"damage":7.0,"enemies":"Jaw Worm","floor":2.0,"turns":4.0},{"damage":2.0,"enemies":"Small Slimes","floor":5.0,"turns":3.0},{"damage":56.0,"enemies":"3 Sentries","floor":6.0,"turns":11.0},{"damage":17.0,"enemies":"Gremlin Nob","floor":13.0,"turns":4.0},{"damage":2.0,"enemies":"Blue Slaver","floor":14.0,"turns":3.0},{"damage":16.0,"enemies":"The Guardian","floor":16.0,"turns":14.0},{"damage":3.0,"enemies":"2 Thieves","floor":18.0,"turns":3.0},{"damage":2.0,"enemies":"Shell Parasite","floor":21.0,"turns":5.0},{"damage":6.0,"enemies":"3 Cultists","floor":22.0,"turns":5.0},{"damage":29.0,"enemies":"Slavers","floor":24.0,"turns":5.0},{"damage":34.0,"enemies":"Cultist and Chosen","floor":28.0,"turns":6.0},{"damage":10.0,"enemies":"Centurion and Healer","floor":29.0,"turns":6.0},{"damage":14.0,"enemies":"3 Cultists","floor":31.0,"turns":4.0},{"damage":100,"enemies":"Automaton","floor":33,"turns":12}],"seed_played":"-3153678304695864953","potions_obtained":[{"floor":1.0,"key":"GamblersBrew"},{"floor":6.0,"key":"Swift Potion"},{"floor":14.0,"key":"Fire Potion"},{"floor":16.0,"key":"GamblersBrew"},{"floor":18.0,"key":"Regen Potion"}],"is_trial":false,"path_per_floor":["M","M","?","?","M","E","R","?","T","R","$","?","E","M","R","B",null,"M","?","?","M","M","R","E","R","T","T","M","M","R","M","R","B"],"character_chosen":"DEFECT","items_purchased":["Cold Snap","Leap"],"campfire_rested":5,"item_purchase_floors":[11,11],"current_hp_per_floor":[71,64,64,64,62,6,27,27,27,27,27,22,5,3,24,8,55,52,52,52,50,44,44,29,50,50,50,23,20,56,42,71,0],"gold":208,"neow_bonus":"TEN_PERCENT_HP_BONUS","is_prod":false,"is_daily":false,"chose_seed":false,"campfire_upgraded":2,"win_rate":0,"timestamp":1552806574,"path_taken":["M","M","?","?","M","E","R","?","T","R","$","?","E","?","R","BOSS","M","?","?","M","M","R","E","R","T","?","M","M","R","M","R","BOSS"],"build_version":"2019-01-23","purchased_purges":1,"victory":false,"max_hp_per_floor":[78,78,71,71,71,71,71,71,71,71,71,71,71,71,71,71,71,71,71,71,71,71,71,71,71,71,71,71,71,71,71,71,71],"card_choices":[{"not_picked":["White Noise","Force Field","Gash"],"picked":"SKIP","floor":1.0},{"not_picked":["Double Energy","Fusion"],"picked":"Compile Driver","floor":2.0},{"not_picked":["Compile Driver","Conserve Battery"],"picked":"Leap","floor":5.0},{"not_picked":["Static Discharge","Hologram"],"picked":"Cold Snap","floor":6.0},{"not_picked":["Hyperbeam","Compile Driver","Static Discharge"],"picked":"SKIP","floor":13.0},{"not_picked":["Go for the Eyes","Stack"],"picked":"Chill","floor":14.0},{"not_picked":["Gash","Static Discharge"],"picked":"Leap","floor":14.0},{"not_picked":["Echo Form","Seek"],"picked":"Electrodynamics","floor":16.0},{"not_picked":["Streamline","Static Discharge"],"picked":"Coolheaded","floor":18.0},{"not_picked":["Stack","Streamline","Coolheaded"],"picked":"SKIP","floor":18.0},{"not_picked":["Compile Driver","Fission"],"picked":"Stack","floor":21.0},{"not_picked":["Auto Shields","Leap","Conserve Battery"],"picked":"SKIP","floor":21.0},{"not_picked":["Turbo+1","Scrape+1"],"picked":"Capacitor","floor":22.0},{"not_picked":["Melter","Compile Driver","Reprogram"],"picked":"SKIP","floor":22.0},{"not_picked":["Ball Lightning","Reinforced Body"],"picked":"Self Repair","floor":24.0},{"not_picked":["Hello World","Beam Cell"],"picked":"Barrage","floor":28.0},{"not_picked":["Coolheaded","Sunder","Fusion"],"picked":"SKIP","floor":28.0},{"not_picked":["Redo+1","Coolheaded"],"picked":"Go for the Eyes","floor":29.0},{"not_picked":["Capacitor","Conserve Battery","Barrage"],"picked":"SKIP","floor":29.0},{"not_picked":["Rip and Tear","Chill"],"picked":"BootSequence","floor":31.0},{"not_picked":["Force Field","Auto Shields","Redo"],"picked":"SKIP","floor":31.0}],"player_experience":1068374,"relics_obtained":[{"floor":6.0,"key":"Prayer Wheel"},{"floor":9.0,"key":"Mercury Hourglass"},{"floor":13.0,"key":"Tiny Chest"},{"floor":24.0,"key":"Du-Vu Doll"},{"floor":26.0,"key":"Regal Pillow"},{"floor":27.0,"key":"Sundial"}],"event_choices":[{"damage_healed":0.0,"max_hp_gain":0.0,"max_hp_loss":7.0,"gold_gain":0.0,"event_name":"Golden Idol","player_choice":"Lose Max HP","floor":3.0,"gold_loss":0.0,"damage_taken":0.0,"relics_obtained":["Golden Idol"]},{"damage_healed":0.0,"max_hp_gain":0.0,"max_hp_loss":0.0,"gold_gain":0.0,"event_name":"Liars Game","player_choice":"Ignored","floor":4.0,"gold_loss":0.0,"damage_taken":0.0},{"damage_healed":0.0,"max_hp_gain":0.0,"max_hp_loss":0.0,"gold_gain":0.0,"event_name":"Living Wall","player_choice":"Grow","floor":8.0,"gold_loss":0.0,"damage_taken":0.0,"cards_upgraded":["Zap"]},{"damage_healed":0.0,"max_hp_gain":0.0,"max_hp_loss":0.0,"gold_gain":0.0,"event_name":"Scrap Ooze","player_choice":"Success","floor":12.0,"gold_loss":0.0,"damage_taken":5.0,"relics_obtained":["Art of War"]},{"cards_removed":["Strike_B"],"damage_healed":0.0,"max_hp_gain":0.0,"max_hp_loss":0.0,"gold_gain":0.0,"event_name":"Beggar","player_choice":"Gave Gold","floor":19.0,"gold_loss":75.0,"damage_taken":0.0},{"damage_healed":0.0,"max_hp_gain":0.0,"max_hp_loss":0.0,"gold_gain":0.0,"event_name":"Addict","player_choice":"Obtained Relic","floor":20.0,"gold_loss":85.0,"damage_taken":0.0,"relics_obtained":["Anchor"]}],"is_beta":false,"boss_relics":[{"not_picked":["White Beast Statue","Black Star"],"picked":"Astrolabe"}],"items_purged_floors":[11],"is_endless":false,"potions_floor_spawned":[1,6,14,16,18],"killed_by":"Automaton","ascension_level":20}