{"gold_per_floor":[11,111,127,142,142,174,174],"floor_reached":7,"playtime":405,"items_purged":[],"score":87,"play_id":"373816a9-b440-48b1-9f92-5cc69c86966c","local_time":"20190830220000","is_ascension_mode":true,"campfire_choices":[],"neow_cost":"NO_GOLD","seed_source_timestamp":1390873962467500,"circlet_count":0,"master_deck":["AscendersBane","Strike_R","Strike_R","Defend_R","Defend_R","Defend_R+1","Defend_R+1","Bash","Perfected Strike","Sword Boomerang"],"special_seed":0,"relics":["Burning Blood","War Paint"],"potions_floor_usage":[7],"damage_taken":[{"damage":3.0,"enemies":"2 Louse","floor":1.0,"turns":4.0},{"damage":6.0,"enemies":"Cultist","floor":3.0,"turns":3.0},{"damage":7.0,"enemies":"Jaw Worm","floor":4.0,"turns":3.0},{"damage":60.0,"enemies":"3 Sentries","floor":6.0,"turns":11.0},{"damage":17,"enemies":"Lots of Slimes","floor":7,"turns":3}],"seed_played":"-9186151662508378360","potions_obtained":[{"floor":3.0,"key":"SpeedPotion"},{"floor":6.0,"key":"SteroidPotion"}],"is_trial":false,"path_per_floor":["M","?","M","M","?","E","M"],"character_chosen":"IRONCLAD","items_purchased":[],"campfire_rested":0,"item_purchase_floors":[],"current_hp_per_floor":[71,71,71,70,70,16,0],"gold":174,"neow_bonus":"REMOVE_TWO","is_prod":false,"is_daily":false,"chose_seed":false,"campfire_upgraded":0,"win_rate":0,"timestamp":1567227600,"path_taken":["M","?","M","?","?","E","?"],"build_version":"2019-07-17","purchased_purges":0,"victory":false,"max_hp_per_floor":[75,75,75,75,75,75,75],"card_choices":[{"not_picked":["Perfected Strike","Hemokinesis","Thunderclap"],"picked":"SKIP","floor":1.0},{"not_picked":["Fire Breathing","Warcry","Hemokinesis"],"picked":"SKIP","floor":3.0},{"not_picked":["Burning Pact","Sentinel","Blood for Blood"],"picked":"SKIP","floor":4.0},{"not_picked":["Flex","Shrug It Off"],"picked":"Sword Boomerang","floor":6.0}],"player_experience":1348251,"relics_obtained":[{"floor":6.0,"key":"War Paint"}],"event_choices":[{"damage_healed":0.0,"max_hp_gain":0.0,"max_hp_loss":0.0,"gold_gain":100.0,"event_name":"Wheel of Change","player_choice":"Gold","floor":2.0,"gold_loss":0.0,"damage_taken":0.0},{"damage_healed":0.0,"max_hp_gain":0.0,"max_hp_loss":0.0,"gold_gain":0.0,"cards_transformed":["Strike_R"],"event_name":"Transmorgrifier","player_choice":"Transformed","floor":5.0,"gold_loss":0.0,"damage_taken":0.0,"cards_obtained":["Perfected Strike"]}],"is_beta":false,"boss_relics":[],"items_purged_floors":[],"is_endless":false,"potions_floor_spawned":[3,6],"killed_by":"Lots of Slimes","ascension_level":14}