{"gold_per_floor":[117,117,117,137,156,156,185,185,208,208,208,218,245,265,265,364,364,375,375,450,468,1,1,1,34,107,121,150,150,161,161,161,260,260,271,1270,1270,1309,1309,1309,1309],"floor_reached":41,"playtime":1615,"items_purged":["Strike_P"],"score":578,"play_id":"707c3b38-154c-41f2-babb-bf7114695695","local_time":"20190913215444","is_ascension_mode":true,"campfire_choices":[{"data":"Devotion","floor":6.0,"key":"SMITH"},{"floor":11.0,"key":"REST"},{"data":"WindmillStrike","floor":15.0,"key":"SMITH"},{"data":"Judgement","floor":23.0,"key":"SMITH"},{"data":"Devotion","floor":29.0,"key":"SMITH"},{"data":"Eruption","floor":32.0,"key":"SMITH"},{"floor":40.0,"key":"REST"}],"neow_cost":"CURSE","seed_source_timestamp":22729814505400,"circlet_count":0,"master_deck":["Defend_P+1","Defend_P+1","Eruption+1","Vigilance","Clumsy","Fasting","Sanctity","Devotion+1","WindmillStrike+1","FearNoEvil","SandsOfTime","Swivel","FollowUp","Judgement+1","MentalFortress","BowlingBash","The Bomb","BowlingBash","Protect","Devotion+1","JustLucky+1","Establishment","StepAndStrike+1","PathToVictory","Bite+1","Bite+1","Bite+1","Bite+1","MasterReality","FlowState+1","ForeignInfluence+1","HandOfGreed+1","EmptyMind","Normality","Normality"],"special_seed":0,"relics":["PureWater","Bird Faced Urn","PreservedInsect","Juzu Bracelet","Letter Opener","SlaversCollar","Melange","Molten Egg 2","Darkstone Periapt","Lantern","Astrolabe"],"potions_floor_usage":[41,41],"damage_taken":[{"damage":0.0,"enemies":"Small Slimes","floor":1.0,"turns":2.0},{"damage":12.0,"enemies":"Jaw Worm","floor":4.0,"turns":6.0},{"damage":4.0,"enemies":"2 Louse","floor":5.0,"turns":2.0},{"damage":24.0,"enemies":"3 Sentries","floor":7.0,"turns":11.0},{"damage":0.0,"enemies":"Exordium Wildlife","floor":12.0,"turns":3.0},{"damage":16.0,"enemies":"Gremlin Nob","floor":13.0,"turns":3.0},{"damage":3.0,"enemies":"2 Fungi Beasts","floor":14.0,"turns":4.0},{"damage":5.0,"enemies":"Hexaghost","floor":16.0,"turns":9.0},{"damage":9.0,"enemies":"2 Thieves","floor":18.0,"turns":4.0},{"damage":0.0,"enemies":"Chosen","floor":21.0,"turns":4.0},{"damage":9.0,"enemies":"Slavers","floor":25.0,"turns":5.0},{"damage":17.0,"enemies":"Shelled Parasite and Fungi","floor":27.0,"turns":6.0},{"damage":18.0,"enemies":"Gremlin Leader","floor":28.0,"turns":4.0},{"damage":25.0,"enemies":"Snake Plant","floor":30.0,"turns":5.0},{"damage":51.0,"enemies":"Automaton","floor":33.0,"turns":10.0},{"damage":6.0,"enemies":"Orb Walker","floor":35.0,"turns":3.0},{"damage":47.0,"enemies":"3 Shapes","floor":38.0,"turns":6.0},{"damage":64,"enemies":"Giant Head","floor":41,"turns":6}],"seed_played":"-7164383882190473549","potions_obtained":[{"floor":4.0,"key":"FearPotion"},{"floor":12.0,"key":"Regen Potion"},{"floor":14.0,"key":"StancePotion"},{"floor":16.0,"key":"SkillPotion"},{"floor":18.0,"key":"FearPotion"},{"floor":21.0,"key":"Fire Potion"},{"floor":28.0,"key":"Swift Potion"},{"floor":33.0,"key":"Strength Potion"},{"floor":38.0,"key":"SkillPotion"}],"is_trial":false,"path_per_floor":["M","?","?","M","M","R","E","?","T","?","R","M","E","M","R","B",null,"M","?","?","M","$","R","?","E","T","M","E","R","M","?","R","B",null,"M","?","?","M","?","R","E"],"character_chosen":"WATCHER","items_purchased":["The Bomb","BowlingBash","Melange","Protect"],"campfire_rested":2,"item_purchase_floors":[22,22,22,22],"current_hp_per_floor":[65,52,52,42,40,40,20,13,13,1,20,24,19,20,20,19,65,58,58,52,58,58,58,58,55,55,46,36,36,17,17,17,12,45,44,56,56,22,22,39,0],"gold":1309,"neow_bonus":"ONE_RARE_RELIC","is_prod":false,"is_daily":false,"chose_seed":false,"campfire_upgraded":5,"win_rate":0,"timestamp":1568426084,"path_taken":["M","?","?","M","M","R","E","?","T","?","R","M","E","M","R","BOSS","M","?","?","M","$","R","?","E","T","M","E","R","M","?","R","BOSS","M","?","?","M","?","R","E"],"build_version":"2019-09-12","purchased_purges":1,"victory":false,"max_hp_per_floor":[65,65,65,65,65,65,65,65,65,65,65,65,65,65,65,65,65,65,65,65,65,65,65,65,65,65,65,65,65,65,45,45,45,45,45,57,57,57,57,57,57],"card_choices":[{"not_picked":["Perseverance","ForeignInfluence"],"picked":"Fasting","floor":1.0},{"not_picked":["ForeignInfluence","Protect"],"picked":"Devotion","floor":4.0},{"not_picked":["Scrawl","Crescendo"],"picked":"WindmillStrike","floor":5.0},{"not_picked":["Conclude","FlyingSleeves"],"picked":"FearNoEvil","floor":7.0},{"not_picked":["Scrawl","Perseverance"],"picked":"SandsOfTime","floor":12.0},{"not_picked":["ClearTheMind","Protect"],"picked":"Swivel","floor":13.0},{"not_picked":["WindmillStrike","Consecrate"],"picked":"FollowUp","floor":14.0},{"not_picked":["Omniscience","MasterReality"],"picked":"Judgement","floor":16.0},{"not_picked":["EmptyFist","CutThroughFate"],"picked":"MentalFortress","floor":18.0},{"not_picked":["StepAndStrike+1","ThirdEye"],"picked":"BowlingBash","floor":21.0},{"not_picked":["Crescendo","Meditate"],"picked":"JustLucky+1","floor":25.0},{"not_picked":["Crescendo+1","Consecrate+1"],"picked":"Establishment","floor":27.0},{"not_picked":["ClearTheMind","InnerPeace"],"picked":"StepAndStrike+1","floor":28.0},{"not_picked":["Prostrate","ThirdEye"],"picked":"PathToVictory","floor":30.0},{"not_picked":["Pray","FlowState"],"picked":"MasterReality","floor":33.0},{"not_picked":["Consecrate+1","ThirdEye"],"picked":"EmptyMind","floor":35.0},{"not_picked":["CrushJoints+1","FollowUp+1","Prostrate"],"picked":"SKIP","floor":38.0}],"player_experience":784447,"relics_obtained":[{"floor":7.0,"key":"PreservedInsect"},{"floor":9.0,"key":"Juzu Bracelet"},{"floor":13.0,"key":"Letter Opener"},{"floor":25.0,"key":"Molten Egg 2"},{"floor":26.0,"key":"Darkstone Periapt"},{"floor":28.0,"key":"Lantern"}],"event_choices":[{"damage_healed":0.0,"max_hp_gain":0.0,"max_hp_loss":0.0,"gold_gain":0.0,"event_name":"Shining Light","player_choice":"Entered Light","floor":2.0,"gold_loss":0.0,"damage_taken":13.0,"cards_upgraded":["Defend_P","Defend_P"]},{"damage_healed":0.0,"max_hp_gain":0.0,"max_hp_loss":0.0,"gold_gain":0.0,"cards_transformed":["Strike_P"],"event_name":"Living Wall","player_choice":"Change","floor":3.0,"gold_loss":0.0,"damage_taken":0.0,"cards_obtained":["Sanctity"]},{"cards_removed":["Strike_P"],"damage_healed":0.0,"max_hp_gain":0.0,"max_hp_loss":0.0,"gold_gain":0.0,"event_name":"Golden Wing","player_choice":"Card Removal","floor":8.0,"gold_loss":0.0,"damage_taken":7.0},{"damage_healed":0.0,"max_hp_gain":0.0,"max_hp_loss":0.0,"gold_gain":0.0,"event_name":"Scrap Ooze","player_choice":"Fled","floor":10.0,"gold_loss":0.0,"damage_taken":12.0},{"cards_removed":["Strike_P"],"damage_healed":0.0,"max_hp_gain":0.0,"max_hp_loss":0.0,"gold_gain":0.0,"event_name":"Back to Basics","player_choice":"Elegance","floor":19.0,"gold_loss":0.0,"damage_taken":0.0},{"damage_healed":0.0,"max_hp_gain":0.0,"max_hp_loss":0.0,"gold_gain":75.0,"event_name":"FaceTrader","player_choice":"Touch","floor":20.0,"gold_loss":0.0,"damage_taken":6.0},{"damage_healed":0.0,"max_hp_gain":0.0,"max_hp_loss":0.0,"gold_gain":0.0,"event_name":"The Library","player_choice":"Read","floor":24.0,"gold_loss":0.0,"damage_taken":0.0,"cards_obtained":["Devotion"]},{"damage_healed":0.0,"max_hp_gain":0.0,"max_hp_loss":20.0,"gold_gain":0.0,"event_name":"Vampires","player_choice":"Became a vampire","floor":31.0,"gold_loss":0.0,"damage_taken":0.0,"cards_obtained":["Bite","Bite","Bite","Bite","Bite"]},{"damage_healed":0.0,"max_hp_gain":0.0,"max_hp_loss":0.0,"gold_gain":999.0,"event_name":"MindBloom","player_choice":"Gold","floor":36.0,"gold_loss":0.0,"damage_taken":0.0,"cards_obtained":["Normality","Normality"]},{"damage_healed":0.0,"max_hp_gain":0.0,"max_hp_loss":0.0,"gold_gain":0.0,"event_name":"Mysterious Sphere","player_choice":"Ignored","floor":37.0,"gold_loss":0.0,"damage_taken":0.0},{"damage_healed":0.0,"max_hp_gain":0.0,"max_hp_loss":0.0,"gold_gain":0.0,"event_name":"Tomb of Lord Red Mask","player_choice":"Ignored","floor":39.0,"gold_loss":0.0,"damage_taken":0.0}],"is_beta":true,"boss_relics":[{"not_picked":["Philosopher\u0027s Stone","Runic Pyramid"],"picked":"SlaversCollar"},{"not_picked":["Empty Cage","Sozu"],"picked":"Astrolabe"}],"items_purged_floors":[22],"is_endless":false,"potions_floor_spawned":[4,12,14,16,18,21,28,33,38],"killed_by":"Giant Head","ascension_level":3}