{"gold_per_floor":[116,41,52,9,27,27,40,75,128,128,160,160,171,183,183,260,260,274,289,189,199,199,229,229,256,256,302,314,351,363,391,403,492,504,528,560,572,183,193,193,211,273,273,273,299,299,299,299,299,299],"floor_reached":51,"playtime":2614,"items_purged":["Regret","Strike_G","Strike_G+1"],"score":1378,"play_id":"a4b03ab7-69d9-45f9-9433-f00336437e91","local_time":"20181015023655","is_ascension_mode":true,"campfire_choices":[{"data":"Glass Knife","floor":6.0,"key":"SMITH"},{"floor":10.0,"key":"REST"},{"data":"Catalyst","floor":15.0,"key":"SMITH"},{"data":"Neutralize","floor":24.0,"key":"SMITH"},{"floor":28.0,"key":"REST"},{"floor":32.0,"key":"REST"},{"floor":40,"key":"REST"},{"floor":44,"key":"REST"},{"floor":47,"key":"REST"},{"data":"Malaise","floor":49,"key":"SMITH"}],"neow_cost":"CURSE","seed_source_timestamp":180755764766381,"circlet_count":0,"master_deck":["Defend_G+1","Defend_G+1","Defend_G+1","Defend_G+1","Defend_G+1","Strike_G+1","Strike_G+1","Survivor","Neutralize+1","AscendersBane","Glass Knife+1","Crippling Poison","Footwork","Catalyst+1","Backflip","PiercingWail","Escape Plan","Bouncing Flask+1","Burst","Backflip","Adrenaline","Well Laid Plans","Footwork","Malaise","Malaise+1","Apotheosis","The Bomb","Catalyst","Footwork+1"],"special_seed":0,"relics":["Ring of the Snake","Bottled Lightning","PreservedInsect","Whetstone","Velvet Choker","Orichalcum","Red Mask","MawBank","Unceasing Top","Bag of Preparation","Busted Crown","ClockworkSouvenir","Tiny Chest","Question Card","Juzu Bracelet"],"potions_floor_usage":[41,50,50],"damage_taken":[{"damage":3.0,"enemies":"Cultist","floor":1.0,"turns":3.0},{"damage":7.0,"enemies":"Small Slimes","floor":3.0,"turns":4.0},{"damage":2.0,"enemies":"Jaw Worm","floor":5.0,"turns":5.0},{"damage":1.0,"enemies":"Looter","floor":7.0,"turns":4.0},{"damage":22.0,"enemies":"Gremlin Nob","floor":8.0,"turns":4.0},{"damage":13.0,"enemies":"Lagavulin","floor":11.0,"turns":7.0},{"damage":7.0,"enemies":"Exordium Thugs","floor":13.0,"turns":5.0},{"damage":3.0,"enemies":"Red Slaver","floor":14.0,"turns":3.0},{"damage":11.0,"enemies":"Hexaghost","floor":16.0,"turns":5.0},{"damage":0.0,"enemies":"Chosen","floor":18.0,"turns":3.0},{"damage":0.0,"enemies":"Spheric Guardian","floor":19.0,"turns":3.0},{"damage":9.0,"enemies":"Snake Plant","floor":21.0,"turns":4.0},{"damage":8.0,"enemies":"Gremlin Leader","floor":23.0,"turns":5.0},{"damage":13.0,"enemies":"Masked Bandits","floor":25.0,"turns":5.0},{"damage":14.0,"enemies":"Slavers","floor":27.0,"turns":6.0},{"damage":11.0,"enemies":"Book of Stabbing","floor":29.0,"turns":3.0},{"damage":5.0,"enemies":"Chosen and Byrds","floor":31.0,"turns":6.0},{"damage":22.0,"enemies":"Collector","floor":33.0,"turns":4.0},{"damage":1.0,"enemies":"3 Darklings","floor":35.0,"turns":8.0},{"damage":0.0,"enemies":"Orb Walker","floor":36.0,"turns":4.0},{"damage":6,"enemies":"Maw","floor":39,"turns":6},{"damage":19,"enemies":"Transient","floor":41,"turns":6},{"damage":18,"enemies":"Nemesis","floor":42,"turns":7},{"damage":6,"enemies":"Awakened One","floor":50,"turns":18}],"seed_played":"6725941914631432214","potions_obtained":[{"floor":3.0,"key":"GhostInAJar"},{"floor":7.0,"key":"Regen Potion"},{"floor":11.0,"key":"LiquidBronze"},{"floor":14.0,"key":"SpeedPotion"},{"floor":16.0,"key":"SteroidPotion"},{"floor":25.0,"key":"SpeedPotion"},{"floor":27.0,"key":"SteroidPotion"},{"floor":29.0,"key":"SpeedPotion"},{"floor":31.0,"key":"Regen Potion"},{"floor":35.0,"key":"LiquidBronze"},{"floor":41,"key":"SpeedPotion"}],"is_trial":false,"path_per_floor":["M","$","M","$","M","R","M","E","T","R","E","?","M","M","R","B",null,"M","M","$","M","?","E","R","?","T","E","R","E","?","M","R","B",null,"M","M","?","$","M","R","M","E","T","R","T","?","R","?","R","B"],"character_chosen":"THE_SILENT","items_purchased":["Catalyst","ClockworkSouvenir","SteroidPotion"],"campfire_rested":6,"item_purchase_floors":[4,38,38],"current_hp_per_floor":[56,56,49,49,47,47,46,24,24,43,30,30,37,34,34,23,55,55,55,55,46,46,38,38,25,25,11,30,19,19,14,33,25,56,55,55,45,45,39,58,39,21,21,40,40,40,59,59,59,53],"gold":299,"neow_bonus":"THREE_RARE_CARDS","is_prod":false,"is_daily":false,"chose_seed":false,"campfire_upgraded":4,"win_rate":0,"timestamp":1539596215,"path_taken":["M","$","M","?","M","R","M","E","T","R","E","?","M","M","R","BOSS","M","M","$","M","?","E","R","?","T","E","R","E","?","?","R","BOSS","M","M","?","$","M","R","M","E","T","R","?","?","R","?","R","BOSS"],"build_version":"2018-10-11","purchased_purges":3,"victory":true,"max_hp_per_floor":[66,66,66,66,66,66,66,66,66,66,66,66,66,66,66,66,66,66,66,66,66,66,66,66,66,66,66,66,66,66,66,66,66,66,66,66,66,66,66,66,66,66,66,66,66,66,66,66,66,66],"card_choices":[{"not_picked":["Corpse Explosion","Burst"],"picked":"Glass Knife","floor":0.0},{"not_picked":["Finisher","Distraction"],"picked":"Crippling Poison","floor":1.0},{"not_picked":["Cloak And Dagger","Underhanded Strike"],"picked":"Footwork","floor":3.0},{"not_picked":["Bane","Crippling Poison"],"picked":"Backflip","floor":5.0},{"not_picked":["Reflex","Blade Dance"],"picked":"PiercingWail","floor":7.0},{"not_picked":["Dagger Spray","Slice"],"picked":"Escape Plan","floor":8.0},{"not_picked":["Crippling Poison","Dodge and Roll"],"picked":"Bouncing Flask","floor":11.0},{"not_picked":["Outmaneuver","Flechettes"],"picked":"Burst","floor":13.0},{"not_picked":["Deflect","Cloak And Dagger"],"picked":"Backflip","floor":14.0},{"not_picked":["Grand Finale","Night Terror"],"picked":"Adrenaline","floor":16.0},{"not_picked":["Flying Knee","Poisoned Stab","Quick Slash+1"],"picked":"SKIP","floor":18.0},{"not_picked":["Sucker Punch","Concentrate","Dagger Throw"],"picked":"SKIP","floor":19.0},{"not_picked":["Escape Plan+1","Dagger Spray"],"picked":"Well Laid Plans","floor":21.0},{"not_picked":["PiercingWail","Well Laid Plans"],"picked":"Footwork","floor":23.0},{"not_picked":["Infinite Blades","Slice","Eviscerate"],"picked":"SKIP","floor":27.0},{"not_picked":["Masterful Stab","Acrobatics"],"picked":"Malaise","floor":29.0},{"not_picked":["Outmaneuver","Slice","Underhanded Strike"],"picked":"SKIP","floor":31.0},{"not_picked":["Unload","A Thousand Cuts"],"picked":"Malaise","floor":33.0},{"not_picked":["Dagger Throw"],"picked":"SKIP","floor":35.0},{"not_picked":["Dagger Throw"],"picked":"SKIP","floor":36.0},{"not_picked":[],"picked":"Apotheosis","floor":37.0},{"not_picked":[],"picked":"The Bomb","floor":37.0},{"not_picked":["Prepared"],"picked":"SKIP","floor":39},{"not_picked":[],"picked":"Catalyst","floor":41},{"not_picked":[],"picked":"Footwork+1","floor":42}],"player_experience":538617,"relics_obtained":[{"floor":8.0,"key":"Bottled Lightning"},{"floor":9.0,"key":"PreservedInsect"},{"floor":11.0,"key":"Whetstone"},{"floor":23.0,"key":"Orichalcum"},{"floor":25.0,"key":"Red Mask"},{"floor":26.0,"key":"MawBank"},{"floor":27.0,"key":"Unceasing Top"},{"floor":29.0,"key":"Bag of Preparation"},{"floor":42,"key":"Tiny Chest"},{"floor":43,"key":"Question Card"},{"floor":45,"key":"Juzu Bracelet"}],"event_choices":[{"event_name":"Golden Idol","player_choice":"Ignored","floor":12.0,"damage_taken":0.0},{"event_name":"Accursed Blacksmith","player_choice":"Forge","floor":22.0,"damage_taken":0.0},{"event_name":"Masked Bandits","player_choice":"Fought Bandits","floor":25.0,"damage_taken":0.0},{"event_name":"Back to Basics","player_choice":"Simplicity","floor":30.0,"damage_taken":0.0},{"event_name":"SensoryStone","player_choice":"Memory 3","floor":37.0,"damage_taken":0.0},{"event_name":"Mysterious Sphere","player_choice":"Ignore","floor":46,"damage_taken":0},{"event_name":"Falling","player_choice":"Removed Attack","floor":48,"damage_taken":0}],"is_beta":true,"boss_relics":[{"not_picked":["Orrery","Philosopher\u0027s Stone"],"picked":"Velvet Choker"},{"not_picked":["Runic Pyramid","Snecko Eye"],"picked":"Busted Crown"}],"items_purged_floors":[2,20,38],"is_endless":false,"potions_floor_spawned":[3,7,11,14,16,21,25,27,29,31,35,41],"ascension_level":17}