{"gold_per_floor":[369,384,394,394,394,394,394,80,105,105,123,139,139,26,26,124,124,141,158,171,19,19],"floor_reached":22,"playtime":2865,"items_purged":["Strike_G"],"score":274,"play_id":"bc6fbef0-1297-4159-866c-d4d004bb2ef8","local_time":"20190809183205","is_ascension_mode":true,"campfire_choices":[{"data":"Dodge and Roll","floor":6,"key":"SMITH"},{"data":"Footwork","floor":10,"key":"SMITH"},{"data":"Dodge and Roll","floor":13,"key":"SMITH"},{"data":"Footwork","floor":15,"key":"SMITH"}],"neow_cost":"PERCENT_DAMAGE","seed_source_timestamp":1363059603100,"circlet_count":0,"master_deck":["Strike_G","Strike_G+1","Defend_G","Defend_G","Defend_G+1","Defend_G","Survivor+1","Neutralize+1","Well Laid Plans","Dodge and Roll+1","Footwork+1","Footwork+1","Dash","Dodge and Roll+1","Footwork","Backflip","Adrenaline","Dodge and Roll","Dash","Footwork","Leg Sweep"],"relics":["Ring of the Snake","DollysMirror","Whetstone","Empty Cage"],"potions_floor_usage":[16,16,19,19,20,20],"damage_taken":[{"damage":3,"enemies":"Jaw Worm","floor":1,"turns":5},{"damage":1,"enemies":"2 Louse","floor":2,"turns":4},{"damage":0,"enemies":"Cultist","floor":3,"turns":5},{"damage":5,"enemies":"Exordium Thugs","floor":11,"turns":9},{"damage":0,"enemies":"Blue Slaver","floor":12,"turns":4},{"damage":0,"enemies":"The Guardian","floor":16,"turns":26},{"damage":0,"enemies":"Chosen","floor":18,"turns":9},{"damage":12,"enemies":"3 Byrds","floor":19,"turns":14},{"damage":22,"enemies":"Centurion and Healer","floor":20,"turns":25},{"damage":38,"enemies":"Cultist and Chosen","floor":22,"turns":4}],"seed_played":"-3929248954657350765","potions_obtained":[{"floor":1,"key":"Energy Potion"},{"floor":2,"key":"Block Potion"},{"floor":12,"key":"EssenceOfSteel"},{"floor":16,"key":"SpeedPotion"},{"floor":18,"key":"Swift Potion"},{"floor":19,"key":"SpeedPotion"}],"is_trial":false,"path_per_floor":["M","M","M","?","?","R","?","$","T","R","M","M","R","$","R","B",null,"M","M","M","$","M"],"character_chosen":"THE_SILENT","items_purchased":["Footwork","DollysMirror","Footwork","Backflip","Footwork","Leg Sweep"],"campfire_rested":0,"item_purchase_floors":[8,8,14,14,21,21],"current_hp_per_floor":[46,45,45,38,61,61,47,47,47,47,42,42,42,42,42,42,70,70,58,36,36,0],"gold":19,"neow_bonus":"TWO_FIFTY_GOLD","is_prod":false,"is_daily":false,"chose_seed":false,"campfire_upgraded":4,"win_rate":0,"timestamp":1565371925,"path_taken":["M","M","M","?","?","R","?","$","T","R","M","?","R","$","R","BOSS","M","M","M","$","M"],"build_version":"2019-07-17","purchased_purges":1,"victory":false,"max_hp_per_floor":[70,70,70,70,70,70,70,70,70,70,70,70,70,70,70,70,70,70,70,70,70,70],"card_choices":[{"not_picked":["Blade Dance","Backflip"],"picked":"Well Laid Plans","floor":1},{"not_picked":["Slice","Sucker Punch","Prepared"],"picked":"SKIP","floor":2},{"not_picked":["Blade Dance","All Out Attack"],"picked":"Dodge and Roll","floor":3},{"not_picked":["Flying Knee","Blade Dance"],"picked":"Dash","floor":11},{"not_picked":["Masterful Stab","Poisoned Stab"],"picked":"Dodge and Roll","floor":12},{"not_picked":["Venomology","Wraith Form v2"],"picked":"Adrenaline","floor":16},{"not_picked":["Terror","Quick Slash"],"picked":"Dodge and Roll","floor":18},{"not_picked":["Poisoned Stab","Blade Dance"],"picked":"Dash","floor":19},{"not_picked":["Tactician","Blade Dance","Dagger Spray"],"picked":"SKIP","floor":20}],"player_experience":105220,"relics_obtained":[{"floor":9,"key":"Whetstone"}],"event_choices":[{"cards_removed":["Strike_G"],"damage_healed":0,"gold_gain":0,"player_choice":"Card Removal","damage_taken":7,"max_hp_gain":0,"max_hp_loss":0,"event_name":"Golden Wing","floor":4,"gold_loss":0},{"damage_healed":23,"gold_gain":0,"player_choice":"Banana","damage_taken":0,"max_hp_gain":0,"max_hp_loss":0,"event_name":"Big Fish","floor":5,"gold_loss":0},{"damage_healed":0,"gold_gain":0,"player_choice":"Entered Light","damage_taken":14,"max_hp_gain":0,"max_hp_loss":0,"event_name":"Shining Light","floor":7,"gold_loss":0,"cards_upgraded":["Survivor","Defend_G"]}],"is_beta":false,"boss_relics":[{"not_picked":["Philosopher\u0027s Stone","Runic Pyramid"],"picked":"Empty Cage"}],"items_purged_floors":[8],"is_endless":false,"potions_floor_spawned":[1,2,12,16,18,19],"killed_by":"Cultist and Chosen","ascension_level":2}