{"gold_per_floor":[117,127,127,127,127,171,171,171,221,221,8,8,48,68,68,161,161,182,182,147,147],"floor_reached":21,"playtime":1006,"items_purged":[],"score":420,"play_id":"444f5445-1155-43fb-8839-35b141970a8a","local_time":"20190309104045","is_ascension_mode":true,"campfire_choices":[{"data":"Zap","floor":10.0,"key":"SMITH"},{"floor":12.0,"key":"REST"},{"data":"Dualcast","floor":15.0,"key":"SMITH"}],"neow_cost":"NONE","seed_source_timestamp":2195918408968499,"circlet_count":0,"master_deck":["AscendersBane","Strike_B","Strike_B","Strike_B","Strike_B","Defend_B","Defend_B","Defend_B+1","Zap+1","Dualcast+1","Conserve Battery+1","Injury","Leap","Compile Driver","BootSequence","Cold Snap","Seek","Reinforced Body+1","Coolheaded"],"special_seed":0,"relics":["Cracked Core","NeowsBlessing","Golden Idol","Meat on the Bone","DataDisk","Potion Belt","Bag of Preparation","Bag of Marbles","Nuclear Battery"],"potions_floor_usage":[21],"damage_taken":[{"damage":0.0,"enemies":"2 Louse","floor":1.0,"turns":1.0},{"damage":0.0,"enemies":"Small Slimes","floor":2.0,"turns":1.0},{"damage":0.0,"enemies":"3 Sentries","floor":6.0,"turns":1.0},{"damage":22.0,"enemies":"Lagavulin","floor":13.0,"turns":7.0},{"damage":2.0,"enemies":"Jaw Worm","floor":14.0,"turns":2.0},{"damage":24.0,"enemies":"The Guardian","floor":16.0,"turns":12.0},{"damage":0.0,"enemies":"Shell Parasite","floor":18.0,"turns":5.0},{"damage":5.0,"enemies":"2 Thieves","floor":20.0,"turns":5.0},{"damage":75,"enemies":"Cultist and Chosen","floor":21,"turns":11}],"seed_played":"7675797525946810273","potions_obtained":[{"floor":1.0,"key":"EssenceOfSteel"},{"floor":2.0,"key":"SkillPotion"}],"is_trial":false,"path_per_floor":["M","M","?","?","?","E","?","?","T","R","$","R","E","M","R","B",null,"M","?","M","M"],"character_chosen":"DEFECT","items_purchased":["Bag of Preparation","Compile Driver"],"campfire_rested":1,"item_purchase_floors":[11,11],"current_hp_per_floor":[64,64,43,43,36,36,18,23,23,23,23,45,35,45,45,33,65,65,65,60,0],"gold":147,"neow_bonus":"THREE_ENEMY_KILL","is_prod":false,"is_daily":false,"chose_seed":false,"campfire_upgraded":2,"win_rate":0,"timestamp":1552156845,"path_taken":["M","M","?","?","?","E","?","?","T","R","$","R","E","M","R","BOSS","M","?","M","M"],"build_version":"2019-01-23","purchased_purges":0,"victory":false,"max_hp_per_floor":[71,71,71,71,71,71,71,76,76,76,76,76,76,76,76,76,76,76,76,76,76],"card_choices":[{"not_picked":["Heatsinks","Stack","Doom and Gloom"],"picked":"SKIP","floor":1.0},{"not_picked":["Sweeping Beam","Storm"],"picked":"Conserve Battery","floor":2.0},{"not_picked":["Beam Cell","Rebound"],"picked":"Leap","floor":6.0},{"not_picked":["Consume","Streamline"],"picked":"BootSequence","floor":13.0},{"not_picked":["Capacitor","BootSequence"],"picked":"Cold Snap","floor":14.0},{"not_picked":["Meteor Strike","Rainbow"],"picked":"Seek","floor":16.0},{"not_picked":["Sweeping Beam","Storm"],"picked":"Reinforced Body+1","floor":18.0},{"not_picked":["Beam Cell","BootSequence+1"],"picked":"Coolheaded","floor":20.0}],"player_experience":1049643,"relics_obtained":[{"floor":6.0,"key":"Meat on the Bone"},{"floor":9.0,"key":"Potion Belt"},{"floor":13.0,"key":"Bag of Marbles"}],"event_choices":[{"damage_healed":0.0,"max_hp_gain":0.0,"max_hp_loss":0.0,"gold_gain":0.0,"event_name":"Shining Light","player_choice":"Entered Light","floor":3.0,"gold_loss":0.0,"damage_taken":21.0,"cards_upgraded":["Defend_B","Conserve Battery"]},{"damage_healed":0.0,"max_hp_gain":0.0,"max_hp_loss":0.0,"gold_gain":0.0,"event_name":"Golden Idol","player_choice":"Take Wound","floor":4.0,"gold_loss":0.0,"damage_taken":0.0,"relics_obtained":["Golden Idol"],"cards_obtained":["Injury"]},{"cards_removed":["Defend_B"],"damage_healed":0.0,"max_hp_gain":0.0,"max_hp_loss":0.0,"gold_gain":0.0,"event_name":"Golden Wing","player_choice":"Card Removal","floor":5.0,"gold_loss":0.0,"damage_taken":7.0},{"damage_healed":0.0,"max_hp_gain":0.0,"max_hp_loss":0.0,"gold_gain":0.0,"event_name":"Scrap Ooze","player_choice":"Success","floor":7.0,"gold_loss":0.0,"damage_taken":18.0,"relics_obtained":["DataDisk"]},{"damage_healed":0.0,"max_hp_gain":5.0,"max_hp_loss":0.0,"gold_gain":0.0,"event_name":"Big Fish","player_choice":"Donut","floor":8.0,"gold_loss":0.0,"damage_taken":0.0},{"damage_healed":0.0,"max_hp_gain":0.0,"max_hp_loss":0.0,"gold_gain":0.0,"event_name":"Vampires","player_choice":"Ignored","floor":19.0,"gold_loss":0.0,"damage_taken":0.0}],"is_beta":false,"boss_relics":[{"not_picked":["Runic Pyramid","Ectoplasm"],"picked":"Nuclear Battery"}],"items_purged_floors":[],"is_endless":false,"potions_floor_spawned":[1,2],"killed_by":"Cultist and Chosen","ascension_level":20}