{"gold_per_floor":[117,117,131,146,160,160,188,188,240,262,280,293,308,308],"floor_reached":14,"playtime":489,"items_purged":[],"score":155,"play_id":"46979c6e-07ba-4b18-855e-5d60c5a90137","local_time":"20190826083228","is_ascension_mode":true,"campfire_choices":[{"data":"Bash","floor":6,"key":"SMITH"},{"floor":8,"key":"REST"}],"neow_cost":"NONE","seed_source_timestamp":996739371329100,"circlet_count":0,"master_deck":["AscendersBane","Strike_R","Strike_R","Strike_R","Strike_R","Strike_R","Defend_R","Defend_R","Defend_R","Defend_R","Bash+1","Headbutt","Feel No Pain","Pommel Strike","True Grit","Shrug It Off","Iron Wave+1","Sword Boomerang+1","Cleave+1"],"special_seed":0,"relics":["Mark of Pain","Molten Egg 2","Potion Belt","Odd Mushroom"],"potions_floor_usage":[],"damage_taken":[{"damage":11,"enemies":"Jaw Worm","floor":1,"turns":4},{"damage":0,"enemies":"Small Slimes","floor":3,"turns":3},{"damage":6,"enemies":"Cultist","floor":4,"turns":3},{"damage":17,"enemies":"Looter","floor":5,"turns":3},{"damage":32,"enemies":"Gremlin Nob","floor":7,"turns":4},{"damage":20,"enemies":"The Mushroom Lair","floor":10,"turns":5},{"damage":0,"enemies":"Large Slime","floor":11,"turns":5},{"damage":8,"enemies":"Blue Slaver","floor":12,"turns":3},{"damage":2,"enemies":"Red Slaver","floor":13,"turns":2},{"damage":10,"enemies":"Exordium Wildlife","floor":14,"turns":2}],"seed_played":"-6720579719657865295","potions_obtained":[{"floor":3,"key":"Poison Potion"},{"floor":10,"key":"PowerPotion"},{"floor":11,"key":"Ancient Potion"},{"floor":12,"key":"Energy Potion"}],"is_trial":false,"path_per_floor":["M","?","M","M","M","R","E","R","T","?","M","M","M","M"],"character_chosen":"IRONCLAD","items_purchased":[],"campfire_rested":1,"item_purchase_floors":[],"current_hp_per_floor":[61,66,66,60,43,43,11,36,36,16,16,8,6,0],"gold":308,"neow_bonus":"BOSS_RELIC","is_prod":false,"is_daily":false,"chose_seed":false,"campfire_upgraded":1,"win_rate":0,"timestamp":1566833548,"path_taken":["M","?","M","M","M","R","E","R","T","?","M","M","M","M"],"build_version":"2019-07-17","purchased_purges":0,"victory":false,"max_hp_per_floor":[80,85,85,85,85,85,85,85,85,85,85,85,85,85],"card_choices":[{"not_picked":["Clash","Heavy Blade"],"picked":"Headbutt","floor":1},{"not_picked":["Twin Strike","Sword Boomerang"],"picked":"Feel No Pain","floor":3},{"not_picked":["Blood for Blood","Headbutt","Body Slam"],"picked":"SKIP","floor":4},{"not_picked":["Feel No Pain","Clothesline"],"picked":"Pommel Strike","floor":5},{"not_picked":["Blood for Blood","Barricade"],"picked":"True Grit","floor":7},{"not_picked":["Wild Strike+1","Rage"],"picked":"Shrug It Off","floor":10},{"not_picked":["Dual Wield","Sever Soul+1"],"picked":"Iron Wave+1","floor":11},{"not_picked":["Body Slam+1","Sentinel"],"picked":"Sword Boomerang+1","floor":12},{"not_picked":["Sentinel","Warcry"],"picked":"Cleave+1","floor":13}],"player_experience":1337840,"relics_obtained":[{"floor":7,"key":"Molten Egg 2"},{"floor":9,"key":"Potion Belt"},{"floor":10,"key":"Odd Mushroom"}],"event_choices":[{"damage_healed":0,"gold_gain":0,"player_choice":"Donut","damage_taken":0,"max_hp_gain":5,"max_hp_loss":0,"event_name":"Big Fish","floor":2,"gold_loss":0},{"damage_healed":0,"gold_gain":0,"player_choice":"Fought Mushrooms","damage_taken":0,"max_hp_gain":0,"max_hp_loss":0,"event_name":"Mushrooms","floor":10,"gold_loss":0}],"is_beta":false,"boss_relics":[],"items_purged_floors":[],"is_endless":false,"potions_floor_spawned":[3,10,11,12],"killed_by":"Exordium Wildlife","ascension_level":13}