{"gold_per_floor":[114,126,142,67,79,112,142,142,142,154,154,154,210,220,220,292,292,310,330,330,410,424,424,457,382,405,405],"floor_reached":27,"playtime":1687,"items_purged":[],"score":438,"play_id":"36f11fca-efb1-49f4-bd11-f33882c1e5d1","local_time":"20190831215253","is_ascension_mode":true,"campfire_choices":[{"floor":8.0,"key":"REST"},{"data":"True Grit","floor":11.0,"key":"SMITH"},{"floor":15.0,"key":"REST"},{"floor":23.0,"key":"REST"}],"neow_cost":"PERCENT_DAMAGE","seed_source_timestamp":1475480185046100,"circlet_count":0,"master_deck":["AscendersBane","Strike_R","Strike_R","Defend_R","Defend_R","Defend_R","Defend_R","Bash","Rampage","Intimidate","Pommel Strike","Iron Wave","True Grit+1","True Grit","Headbutt","Demon Form","Spot Weakness","Feed"],"special_seed":0,"relics":["Burning Blood","Singing Bowl","Mango","Torii","Tiny Chest","Velvet Choker","Self Forming Clay","Ornamental Fan","Pen Nib"],"potions_floor_usage":[24,27],"damage_taken":[{"damage":6.0,"enemies":"Cultist","floor":1.0,"turns":3.0},{"damage":3.0,"enemies":"2 Louse","floor":2.0,"turns":3.0},{"damage":9.0,"enemies":"Jaw Worm","floor":3.0,"turns":4.0},{"damage":29.0,"enemies":"Exordium Thugs","floor":5.0,"turns":6.0},{"damage":16.0,"enemies":"Lagavulin","floor":6.0,"turns":7.0},{"damage":23.0,"enemies":"Large Slime","floor":10.0,"turns":10.0},{"damage":18.0,"enemies":"Gremlin Nob","floor":13.0,"turns":5.0},{"damage":8.0,"enemies":"Blue Slaver","floor":14.0,"turns":3.0},{"damage":30.0,"enemies":"The Guardian","floor":16.0,"turns":11.0},{"damage":21.0,"enemies":"3 Byrds","floor":18.0,"turns":6.0},{"damage":13.0,"enemies":"2 Thieves","floor":19.0,"turns":5.0},{"damage":44.0,"enemies":"Cultist and Chosen","floor":22.0,"turns":9.0},{"damage":32,"enemies":"Book of Stabbing","floor":24,"turns":7},{"damage":33,"enemies":"Slavers","floor":27,"turns":3}],"seed_played":"3711517128102517556","potions_obtained":[{"floor":3.0,"key":"Swift Potion"},{"floor":5.0,"key":"GamblersBrew"},{"floor":10.0,"key":"Block Potion"},{"floor":14.0,"key":"Dexterity Potion"},{"floor":19.0,"key":"Ancient Potion"},{"floor":22.0,"key":"Explosive Potion"}],"is_trial":false,"path_per_floor":["M","M","M","$","M","E","?","R","T","M","R","?","E","M","R","B",null,"M","M","?","T","M","R","E","?","T","E"],"character_chosen":"IRONCLAD","items_purchased":["Iron Wave","True Grit"],"campfire_rested":3,"item_purchase_floors":[4,4],"current_hp_per_floor":[50,53,50,50,27,19,19,42,56,41,41,34,24,22,50,26,78,65,60,60,60,22,51,25,25,25,0],"gold":405,"neow_bonus":"REMOVE_TWO","is_prod":false,"is_daily":false,"chose_seed":false,"campfire_upgraded":1,"win_rate":0,"timestamp":1567313573,"path_taken":["M","M","M","?","M","E","?","R","T","M","R","?","E","M","R","BOSS","M","M","?","?","M","R","E","?","T","E"],"build_version":"2019-07-17","purchased_purges":0,"victory":false,"max_hp_per_floor":[75,75,75,75,75,77,77,77,91,93,93,93,95,95,95,95,95,97,99,99,99,99,99,99,99,99,99],"card_choices":[{"not_picked":["Clothesline","Pummel"],"picked":"Rampage","floor":1.0},{"not_picked":["Burning Pact","Rage"],"picked":"Intimidate","floor":2.0},{"not_picked":["Reckless Charge","Dropkick"],"picked":"Pommel Strike","floor":3.0},{"not_picked":["Pummel","Perfected Strike"],"picked":"True Grit","floor":5.0},{"not_picked":["Clash","Uppercut","Shrug It Off"],"picked":"Singing Bowl","floor":6.0},{"not_picked":["Combust","Intimidate","Dual Wield"],"picked":"Singing Bowl","floor":10.0},{"not_picked":["Armaments","Body Slam","Warcry"],"picked":"Singing Bowl","floor":13.0},{"not_picked":["Rage","Heavy Blade"],"picked":"Headbutt","floor":14.0},{"not_picked":["Impervious","Double Tap"],"picked":"Demon Form","floor":16.0},{"not_picked":["True Grit","Anger","Pommel Strike"],"picked":"Singing Bowl","floor":18.0},{"not_picked":["Shrug It Off","Wild Strike","Second Wind"],"picked":"Singing Bowl","floor":19.0},{"not_picked":["Shockwave","Dual Wield"],"picked":"Spot Weakness","floor":22.0},{"not_picked":["Perfected Strike","Second Wind"],"picked":"Feed","floor":24}],"player_experience":1354053,"relics_obtained":[{"floor":6.0,"key":"Singing Bowl"},{"floor":9.0,"key":"Mango"},{"floor":13.0,"key":"Tiny Chest"},{"floor":21.0,"key":"Self Forming Clay"},{"floor":24,"key":"Ornamental Fan"},{"floor":26,"key":"Pen Nib"}],"event_choices":[{"damage_healed":0.0,"max_hp_gain":0.0,"max_hp_loss":0.0,"gold_gain":30.0,"event_name":"Dead Adventurer","player_choice":"Searched \u00271\u0027 times","floor":7.0,"gold_loss":0.0,"damage_taken":0.0},{"damage_healed":0.0,"max_hp_gain":0.0,"max_hp_loss":0.0,"gold_gain":0.0,"event_name":"Scrap Ooze","player_choice":"Success","floor":12.0,"gold_loss":0.0,"damage_taken":7.0,"relics_obtained":["Torii"]},{"damage_healed":0.0,"max_hp_gain":0.0,"max_hp_loss":0.0,"gold_gain":0.0,"event_name":"The Mausoleum","player_choice":"Ignored","floor":20.0,"gold_loss":0.0,"damage_taken":0.0},{"cards_removed":["Strike_R"],"damage_healed":0,"gold_gain":0,"player_choice":"Gave Gold","damage_taken":0,"max_hp_gain":0,"max_hp_loss":0,"event_name":"Beggar","floor":25,"gold_loss":75}],"is_beta":false,"boss_relics":[{"not_picked":["Black Star","Fusion Hammer"],"picked":"Velvet Choker"}],"items_purged_floors":[],"is_endless":false,"potions_floor_spawned":[3,5,10,14,18,19,22],"killed_by":"Slavers","ascension_level":14}