{"gold_per_floor":[119,192,212,212,232,232,264,264,288,314,314],"floor_reached":11,"playtime":532,"items_purged":[],"score":130,"play_id":"7f77b5d6-6f97-4a43-b77d-2c8f764ed7ba","local_time":"20181019152625","is_ascension_mode":true,"campfire_choices":[{"data":"Evolve","floor":6,"key":"SMITH"},{"floor":8,"key":"REST"}],"neow_cost":"NONE","seed_source_timestamp":846193306652529,"circlet_count":0,"master_deck":["Strike_R","Strike_R","Strike_R","Strike_R","Defend_R+1","Defend_R+1","Defend_R","Defend_R","Bash","AscendersBane","Evolve+1","Wild Strike","Twin Strike","Regret","Flame Barrier"],"relics":["Burning Blood","War Paint","Question Card","Ancient Tea Set","Bottled Flame"],"potions_floor_usage":[10,11],"damage_taken":[{"damage":15,"enemies":"Jaw Worm","floor":1,"turns":5},{"damage":0,"enemies":"Small Slimes","floor":3,"turns":4},{"damage":0,"enemies":"Cultist","floor":5,"turns":3},{"damage":37,"enemies":"Gremlin Nob","floor":7,"turns":5},{"damage":33,"enemies":"Lagavulin","floor":10,"turns":7},{"damage":50,"enemies":"Gremlin Nob","floor":11,"turns":4}],"seed_played":"-1691668334466650172","potions_obtained":[{"floor":1,"key":"SpeedPotion"},{"floor":3,"key":"FearPotion"},{"floor":7,"key":"PowerPotion"}],"is_trial":false,"path_per_floor":["M","?","M","?","M","R","E","R","T","E"],"character_chosen":"IRONCLAD","items_purchased":[],"campfire_rested":1,"item_purchase_floors":[],"current_hp_per_floor":[63,63,69,69,75,75,44,68,68,41,0],"gold":314,"neow_bonus":"TRANSFORM_CARD","is_prod":false,"is_daily":false,"chose_seed":false,"campfire_upgraded":1,"win_rate":0,"timestamp":1539977185,"path_taken":["M","?","M","?","M","R","E","R","T","E","?"],"build_version":"2018-10-18","purchased_purges":0,"victory":false,"max_hp_per_floor":[80,80,80,80,80,80,80,80,80,80,80],"card_choices":[{"not_picked":["Spot Weakness","Fire Breathing"],"picked":"Wild Strike","floor":1},{"not_picked":["Shrug It Off","Thunderclap"],"picked":"Twin Strike","floor":3},{"not_picked":["Bloodletting","Flex","Thunderclap"],"picked":"SKIP","floor":5},{"not_picked":["Clothesline","Berserk","Reaper"],"picked":"SKIP","floor":7},{"not_picked":["Battle Trance","Infernal Blade","Warcry"],"picked":"Flame Barrier","floor":10}],"player_experience":845647,"relics_obtained":[{"floor":7,"key":"Question Card"},{"floor":9,"key":"Ancient Tea Set"},{"floor":10,"key":"Bottled Flame"}],"event_choices":[{"damage_healed":0,"gold_gain":73,"player_choice":"Gained Gold","damage_taken":0,"max_hp_gain":0,"max_hp_loss":0,"event_name":"Golden Wing","floor":2,"gold_loss":0},{"damage_healed":0,"gold_gain":0,"player_choice":"Box","damage_taken":0,"relics_obtained":["War Paint"],"max_hp_gain":0,"max_hp_loss":0,"event_name":"Big Fish","floor":4,"gold_loss":0,"cards_obtained":["Regret"]},{"damage_healed":0,"gold_gain":0,"player_choice":"Searched \u00272\u0027 times","damage_taken":0,"max_hp_gain":0,"max_hp_loss":0,"event_name":"Dead Adventurer","floor":11,"gold_loss":0}],"is_beta":true,"boss_relics":[],"items_purged_floors":[],"is_endless":false,"potions_floor_spawned":[1,3,7],"killed_by":"Gremlin Nob","ascension_level":12}