{"gold_per_floor":[118,193,193,207,207,232,232,252,278,298,0,13,28,42,42,141,141,153,153,167,178,26,26,26,26,26,41,41,61,61,61,61,157,157,167,179,179],"floor_reached":37,"playtime":2914,"items_purged":["Strike_B"],"score":400,"play_id":"ae6968be-6135-45ea-ac9d-4889373f3b6e","local_time":"20190707114836","is_ascension_mode":false,"campfire_choices":[{"data":"Creative AI","floor":7,"key":"SMITH"},{"floor":15,"key":"REST"},{"floor":23,"key":"REST"},{"data":"Echo Form","floor":25,"key":"SMITH"},{"floor":28,"key":"REST"},{"floor":30,"key":"REST"},{"floor":32,"key":"REST"}],"neow_cost":"NONE","seed_source_timestamp":1024762005500,"circlet_count":0,"master_deck":["Strike_B","Defend_B","Defend_B","Defend_B","Defend_B","Zap","Dualcast","Ball Lightning","Creative AI+1","BootSequence","Reinforced Body","Force Field","Ball Lightning","Hologram","Echo Form+1","Seek","Redo+1","Cold Snap","Echo Form","Cold Snap+1"],"relics":["Cracked Core","NeowsBlessing","Orichalcum","Anchor","Strawberry","Pen Nib","Empty Cage","Juzu Bracelet","Du-Vu Doll","Nuclear Battery"],"potions_floor_usage":[10,13,14,21,24,27],"damage_taken":[{"damage":0,"enemies":"Jaw Worm","floor":1,"turns":1},{"damage":0,"enemies":"2 Louse","floor":4,"turns":1},{"damage":0,"enemies":"Lagavulin","floor":6,"turns":1},{"damage":0,"enemies":"Cultist","floor":8,"turns":3},{"damage":2,"enemies":"Exordium Wildlife","floor":10,"turns":3},{"damage":1,"enemies":"Large Slime","floor":12,"turns":5},{"damage":0,"enemies":"Exordium Thugs","floor":13,"turns":4},{"damage":0,"enemies":"3 Louse","floor":14,"turns":2},{"damage":24,"enemies":"The Guardian","floor":16,"turns":11},{"damage":14,"enemies":"Spheric Guardian","floor":18,"turns":6},{"damage":23,"enemies":"2 Thieves","floor":20,"turns":4},{"damage":11,"enemies":"Chosen and Byrds","floor":21,"turns":6},{"damage":0,"enemies":"Snake Plant","floor":24,"turns":2},{"damage":16,"enemies":"Centurion and Healer","floor":27,"turns":10},{"damage":42,"enemies":"Sentry and Sphere","floor":29,"turns":11},{"damage":37,"enemies":"Champ","floor":33,"turns":13},{"damage":20,"enemies":"3 Shapes","floor":35,"turns":6},{"damage":9,"enemies":"3 Darklings","floor":36,"turns":8},{"damage":61,"enemies":"Transient","floor":37,"turns":5}],"seed_played":"2410187711051415430","potions_obtained":[{"floor":4,"key":"EssenceOfSteel"},{"floor":6,"key":"Explosive Potion"},{"floor":13,"key":"Fire Potion"},{"floor":14,"key":"Swift Potion"},{"floor":20,"key":"SmokeBomb"},{"floor":21,"key":"PowerPotion"},{"floor":33,"key":"Ancient Potion"},{"floor":35,"key":"GamblersBrew"}],"is_trial":false,"path_per_floor":["M","?","?","M","?","E","R","M","T","M","$","M","M","M","R","B",null,"M","?","M","M","$","R","M","R","T","M","R","M","R","?","R","B",null,"M","M","M"],"character_chosen":"DEFECT","items_purchased":["Force Field","Pen Nib","Juzu Bracelet"],"campfire_rested":5,"item_purchase_floors":[11,11,22],"current_hp_per_floor":[75,64,69,69,51,51,51,51,58,56,56,55,55,55,81,57,87,73,73,50,39,39,65,65,65,65,49,75,33,59,59,85,48,87,67,58,0],"gold":179,"neow_bonus":"THREE_ENEMY_KILL","is_prod":false,"is_daily":false,"chose_seed":false,"campfire_upgraded":2,"win_rate":0,"timestamp":1562496516,"path_taken":["M","?","?","M","?","E","R","M","T","M","$","M","M","M","R","BOSS","M","?","M","M","$","R","M","R","T","M","R","M","R","?","R","BOSS","M","M","M"],"build_version":"2019-07-05","purchased_purges":1,"victory":false,"max_hp_per_floor":[75,75,80,80,80,80,80,80,87,87,87,87,87,87,87,87,87,87,87,87,87,87,87,87,87,87,87,87,87,87,87,87,87,87,87,87,87],"card_choices":[{"not_picked":["Streamline","Gash","Melter"],"picked":"SKIP","floor":1},{"not_picked":["Stack","Turbo"],"picked":"Ball Lightning","floor":4},{"not_picked":["Scrape","Streamline"],"picked":"Creative AI","floor":6},{"not_picked":["Stack","Turbo"],"picked":"BootSequence","floor":8},{"not_picked":["Turbo","Doom and Gloom"],"picked":"Reinforced Body","floor":10},{"not_picked":["Compile Driver","Sweeping Beam"],"picked":"Ball Lightning","floor":12},{"not_picked":["Steam","Sunder"],"picked":"Hologram","floor":13},{"not_picked":["Leap","Darkness"],"picked":"Echo Form","floor":14},{"not_picked":["Meteor Strike","Buffer"],"picked":"Seek","floor":16},{"not_picked":["Hologram+1","Redo","Stack"],"picked":"SKIP","floor":18},{"not_picked":["Doom and Gloom","Reinforced Body"],"picked":"Redo+1","floor":20},{"not_picked":["Redo","Doom and Gloom+1","Rebound"],"picked":"SKIP","floor":21},{"not_picked":["Tempest+1","Stack"],"picked":"Cold Snap","floor":27},{"not_picked":["Rip and Tear","Hologram","Streamline"],"picked":"SKIP","floor":29},{"not_picked":["Meteor Strike","Seek"],"picked":"Echo Form","floor":33},{"not_picked":["Conserve Battery+1","Ball Lightning"],"picked":"Cold Snap+1","floor":35},{"not_picked":["Steam","Rebound","Auto Shields+1"],"picked":"SKIP","floor":36}],"player_experience":40475,"relics_obtained":[{"floor":6,"key":"Anchor"},{"floor":9,"key":"Strawberry"},{"floor":26,"key":"Du-Vu Doll"}],"event_choices":[{"damage_healed":0,"gold_gain":75,"player_choice":"Gather Gold","damage_taken":11,"max_hp_gain":0,"max_hp_loss":0,"event_name":"World of Goop","floor":2,"gold_loss":0},{"damage_healed":0,"gold_gain":0,"player_choice":"Donut","damage_taken":0,"max_hp_gain":5,"max_hp_loss":0,"event_name":"Big Fish","floor":3,"gold_loss":0},{"damage_healed":0,"gold_gain":0,"player_choice":"Success","damage_taken":18,"relics_obtained":["Orichalcum"],"max_hp_gain":0,"max_hp_loss":0,"event_name":"Scrap Ooze","floor":5,"gold_loss":0},{"damage_healed":0,"gold_gain":0,"player_choice":"Bought 0 Potions","damage_taken":0,"max_hp_gain":0,"max_hp_loss":0,"event_name":"The Woman in Blue","floor":19,"gold_loss":0},{"damage_healed":0,"gold_gain":0,"player_choice":"Ignored","damage_taken":0,"max_hp_gain":0,"max_hp_loss":0,"event_name":"Ghosts","floor":31,"gold_loss":0}],"is_beta":false,"boss_relics":[{"not_picked":["Astrolabe","Tiny House"],"picked":"Empty Cage"},{"not_picked":["White Beast Statue","Runic Dome"],"picked":"Nuclear Battery"}],"items_purged_floors":[11],"is_endless":false,"potions_floor_spawned":[4,6,13,14,20,21,33,35],"killed_by":"Transient","ascension_level":0}