{"gold_per_floor":[115,127,139,158,177,206,50,50,74,74,103,103,103,113,113,188,188,208,133,112,0,0],"floor_reached":22,"playtime":937,"items_purged":["Strike_B"],"score":392,"play_id":"9cef728b-b4c2-4288-8760-f62826fc3998","local_time":"20190310003912","is_ascension_mode":true,"campfire_choices":[{"floor":8.0,"key":"REST"},{"floor":10.0,"key":"REST"},{"data":"Zap","floor":12.0,"key":"SMITH"},{"floor":15.0,"key":"REST"}],"neow_cost":"NONE","seed_source_timestamp":2246171512702200,"circlet_count":0,"master_deck":["AscendersBane","Strike_B","Strike_B","Defend_B","Defend_B","Defend_B","Defend_B","Zap+1","Dualcast","Ball Lightning","Conserve Battery","Coolheaded","Compile Driver","Ball Lightning","Conserve Battery","Sweeping Beam","Leap","Buffer","Capacitor","Defragment"],"special_seed":0,"relics":["Cracked Core","NeowsBlessing","Vajra","DataDisk","Blood Vial","Anchor","Eternal Feather"],"potions_floor_usage":[22],"damage_taken":[{"damage":0.0,"enemies":"Cultist","floor":1.0,"turns":1.0},{"damage":0.0,"enemies":"2 Louse","floor":2.0,"turns":1.0},{"damage":0.0,"enemies":"Small Slimes","floor":3.0,"turns":1.0},{"damage":12.0,"enemies":"3 Louse","floor":4.0,"turns":3.0},{"damage":4.0,"enemies":"Blue Slaver","floor":5.0,"turns":4.0},{"damage":44.0,"enemies":"Gremlin Nob","floor":6.0,"turns":5.0},{"damage":19.0,"enemies":"Lagavulin","floor":11.0,"turns":6.0},{"damage":0.0,"enemies":"Large Slime","floor":14.0,"turns":4.0},{"damage":44.0,"enemies":"Slime Boss","floor":16.0,"turns":11.0},{"damage":14.0,"enemies":"Spheric Guardian","floor":18.0,"turns":4.0},{"damage":19.0,"enemies":"2 Thieves","floor":20.0,"turns":4.0},{"damage":39,"enemies":"Colosseum Slavers","floor":22,"turns":3}],"seed_played":"530061508976566069","potions_obtained":[{"floor":1.0,"key":"Weak Potion"},{"floor":2.0,"key":"Explosive Potion"},{"floor":5.0,"key":"Regen Potion"},{"floor":14.0,"key":"Swift Potion"},{"floor":16.0,"key":"Dexterity Potion"},{"floor":20.0,"key":"SneckoOil"}],"is_trial":false,"path_per_floor":["M","M","M","M","M","E","$","R","T","R","E","R","?","M","R","B",null,"M","?","M","?","?"],"character_chosen":"DEFECT","items_purchased":["Conserve Battery","Sweeping Beam"],"campfire_rested":3,"item_purchase_floors":[7,7],"current_hp_per_floor":[64,64,64,52,48,18,18,39,39,60,41,41,36,38,59,17,58,46,46,29,29,0],"gold":0,"neow_bonus":"THREE_ENEMY_KILL","is_prod":false,"is_daily":false,"chose_seed":false,"campfire_upgraded":1,"win_rate":0,"timestamp":1552207152,"path_taken":["M","M","M","?","M","E","$","R","T","R","E","R","?","M","R","BOSS","M","?","M","?","?"],"build_version":"2019-01-23","purchased_purges":1,"victory":false,"max_hp_per_floor":[71,71,71,71,71,71,71,71,71,71,71,71,71,71,71,71,71,71,71,71,71,71],"card_choices":[{"not_picked":["Turbo","Undo"],"picked":"Ball Lightning","floor":1.0},{"not_picked":["Undo","Rebound"],"picked":"Conserve Battery","floor":2.0},{"not_picked":["Rip and Tear","Beam Cell"],"picked":"Coolheaded","floor":3.0},{"not_picked":["Hologram","Steam Power","Reprogram"],"picked":"SKIP","floor":4.0},{"not_picked":["Rainbow","Consume"],"picked":"Compile Driver","floor":5.0},{"not_picked":["Redo","Conserve Battery"],"picked":"Ball Lightning","floor":6.0},{"not_picked":["Steam","Beam Cell"],"picked":"Leap","floor":11.0},{"not_picked":["Turbo","Static Discharge","Rebound"],"picked":"SKIP","floor":14.0},{"not_picked":["Fission","Multi-Cast"],"picked":"Buffer","floor":16.0},{"not_picked":["Steam","Chaos"],"picked":"Capacitor","floor":18.0},{"not_picked":["Cold Snap","Compile Driver+1"],"picked":"Defragment","floor":20.0}],"player_experience":1053821,"relics_obtained":[{"floor":6.0,"key":"Vajra"},{"floor":9.0,"key":"DataDisk"},{"floor":11.0,"key":"Blood Vial"}],"event_choices":[{"damage_healed":0.0,"max_hp_gain":0.0,"max_hp_loss":0.0,"gold_gain":0.0,"event_name":"Scrap Ooze","player_choice":"Success","floor":13.0,"gold_loss":0.0,"damage_taken":5.0,"relics_obtained":["Anchor"]},{"cards_removed":["Strike_B"],"damage_healed":0.0,"max_hp_gain":0.0,"max_hp_loss":0.0,"gold_gain":0.0,"event_name":"Beggar","player_choice":"Gave Gold","floor":19.0,"gold_loss":75.0,"damage_taken":0.0},{"damage_healed":0.0,"max_hp_gain":0.0,"max_hp_loss":0.0,"gold_gain":0.0,"event_name":"Masked Bandits","player_choice":"Paid Fearfully","floor":21.0,"gold_loss":112.0,"damage_taken":0.0},{"damage_healed":0,"gold_gain":0,"player_choice":"Fight","damage_taken":0,"max_hp_gain":0,"max_hp_loss":0,"event_name":"Colosseum","floor":22,"gold_loss":0}],"is_beta":false,"boss_relics":[{"not_picked":["Runic Dome","Philosopher\u0027s Stone"],"picked":"Eternal Feather"}],"items_purged_floors":[7],"is_endless":false,"potions_floor_spawned":[1,2,5,14,16,20],"killed_by":"Colosseum Slavers","ascension_level":20}