{"gold_per_floor":[118,118,131,146,162,196,213,213,213,248,248,58,91,107,107,210,210,224,236,254,266,278,278,278,278,304,331,5,5,21,35,35,136,136,152,167,186,186,196,196,245,245,323,335,335,352,352,372,372,372],"floor_reached":50,"playtime":9566,"items_purged":[],"score":590,"play_id":"910f8a5f-1ef2-4f7f-b173-f58726b88cd8","local_time":"20180701145433","is_ascension_mode":false,"campfire_choices":[{"data":"Dash","floor":8,"key":"SMITH"},{"floor":15,"key":"REST"},{"floor":23,"key":"REST"},{"floor":29,"key":"REST"},{"data":"After Image","floor":32,"key":"SMITH"},{"data":"A Thousand Cuts","floor":40,"key":"SMITH"},{"data":"Noxious Fumes","floor":42,"key":"SMITH"},{"data":"Noxious Fumes","floor":47,"key":"SMITH"},{"data":"Noxious Fumes","floor":49,"key":"SMITH"}],"neow_cost":"","seed_source_timestamp":1344083591161300,"circlet_count":0,"master_deck":["Defend_G","Defend_G","Defend_G","Defend_G","Strike_G","Strike_G","Strike_G","Strike_G","Strike_G","Survivor","Neutralize","Slice","Quick Slash","Blur","Dagger Throw","Dash+1","Noxious Fumes+1","Flying Knee","Riddle With Holes","Terror","Backstab","Noxious Fumes+1","Deflect","Predator","After Image+1","Dodge and Roll+1","Flying Knee","Blur","Choke","Flying Knee+1","Purity","Quick Slash","Caltrops","Masterful Stab+1","Deflect","A Thousand Cuts+1","Dodge and Roll+1","Backflip","Calculated Gamble","Flying Knee","Dodge and Roll+1","Caltrops","Noxious Fumes+1","Backflip+1","Madness","Madness","Backflip","Flying Knee","Footwork","Deadly Poison","Quick Slash+1"],"relics":["Ring of the Snake","Mummified Hand","Bottled Tornado","Letter Opener","Centennial Puzzle","Sozu","Strawberry","Bird Faced Urn","Pear","Orrery","Thread and Needle","Toolbox"],"potions_floor_usage":[3,6,13,13,16,27,33],"damage_taken":[{"damage":0,"enemies":"Small Slimes","floor":1,"turns":4},{"damage":0,"enemies":"Cultist","floor":3,"turns":3},{"damage":2,"enemies":"Jaw Worm","floor":4,"turns":4},{"damage":4,"enemies":"Large Slime","floor":5,"turns":10},{"damage":6,"enemies":"3 Sentries","floor":6,"turns":7},{"damage":1,"enemies":"Exordium Wildlife","floor":7,"turns":6},{"damage":12,"enemies":"Lagavulin","floor":10,"turns":8},{"damage":6,"enemies":"3 Sentries","floor":13,"turns":5},{"damage":0,"enemies":"2 Fungi Beasts","floor":14,"turns":2},{"damage":13,"enemies":"Hexaghost","floor":16,"turns":9},{"damage":5,"enemies":"2 Thieves","floor":18,"turns":4},{"damage":7,"enemies":"Shell Parasite","floor":19,"turns":4},{"damage":2,"enemies":"3 Cultists","floor":20,"turns":5},{"damage":3,"enemies":"Snake Plant","floor":21,"turns":4},{"damage":8,"enemies":"Snecko","floor":22,"turns":5},{"damage":18,"enemies":"Book of Stabbing","floor":27,"turns":5},{"damage":9,"enemies":"Centurion and Healer","floor":30,"turns":5},{"damage":11,"enemies":"Snake Plant","floor":31,"turns":4},{"damage":63,"enemies":"Champ","floor":33,"turns":10},{"damage":12,"enemies":"3 Darklings","floor":35,"turns":5},{"damage":2,"enemies":"Orb Walker","floor":36,"turns":3},{"damage":18,"enemies":"Maw","floor":37,"turns":8},{"damage":3,"enemies":"4 Shapes","floor":39,"turns":5},{"damage":7,"floor":41,"turns":4},{"damage":14,"enemies":"3 Darklings","floor":44,"turns":4},{"damage":5,"enemies":"Maw","floor":46,"turns":7},{"damage":0,"enemies":"4 Shapes","floor":48,"turns":4},{"damage":101,"enemies":"Awakened One","floor":50,"turns":9}],"seed_played":"-2289965819715361142","potions_obtained":[{"floor":1,"key":"SteroidPotion"},{"floor":2,"key":"Explosive Potion"},{"floor":2,"key":"GamblersBrew"},{"floor":2,"key":"Regen Potion"},{"floor":7,"key":"LiquidBronze"},{"floor":10,"key":"Block Potion"},{"floor":13,"key":"Block Potion"},{"floor":14,"key":"SkillPotion"}],"is_trial":false,"path_per_floor":["M","?","M","M","M","E","M","R","T","E","?","$","E","M","R","B",null,"M","M","M","M","M","R","?","?","T","E","$","R","M","M","R","B",null,"M","M","M","?","M","R","?","R","T","M","?","M","R","M","R"],"character_chosen":"THE_SILENT","items_purchased":["Terror","Backstab","Noxious Fumes","Caltrops","Pear"],"campfire_rested":3,"item_purchase_floors":[12,12,12,28,28],"current_hp_per_floor":[70,70,70,68,64,58,57,57,57,45,45,45,51,51,70,57,70,65,58,56,53,45,66,66,52,59,41,51,77,76,71,71,16,87,79,87,71,60,67,67,72,72,72,68,68,79,79,85,85,0],"gold":372,"neow_bonus":"","is_prod":false,"is_daily":false,"chose_seed":false,"campfire_upgraded":6,"win_rate":0.0,"timestamp":1530482073,"path_taken":["M","?","M","M","M","E","M","R","T","E","?","$","E","M","R","BOSS","M","M","?","?","M","R","?","?","T","E","$","R","M","M","R","BOSS","M","?","M","?","M","R","?","R","T","M","?","M","R","M","R","BOSS"],"build_version":"2018-06-28","purchased_purges":0,"victory":false,"max_hp_per_floor":[70,70,70,70,70,70,70,70,70,70,70,70,70,70,70,70,70,70,70,70,70,70,70,70,70,77,77,87,87,87,87,87,87,87,87,87,87,87,87,87,87,87,87,87,87,87,87,87,87,87],"card_choices":[{"not_picked":["Malaise","Acrobatics"],"picked":"Slice","floor":1},{"not_picked":["Underhanded Strike","Outmaneuver"],"picked":"Quick Slash","floor":3},{"not_picked":["Expertise","Slice"],"picked":"Blur","floor":4},{"not_picked":["Acrobatics","Wraith Form v2"],"picked":"Dagger Throw","floor":5},{"not_picked":["Poisoned Stab","Riddle With Holes"],"picked":"Dash","floor":6},{"not_picked":["Well Laid Plans","Malaise"],"picked":"Noxious Fumes","floor":7},{"not_picked":["Backflip","Outmaneuver"],"picked":"Flying Knee","floor":10},{"not_picked":["PiercingWail","Wraith Form v2"],"picked":"Deflect","floor":13},{"not_picked":["Escape Plan","Backflip"],"picked":"Predator","floor":14},{"not_picked":["Envenom","Doppelganger"],"picked":"After Image","floor":16},{"not_picked":["Prepared+1","Poisoned Stab+1"],"picked":"Dodge and Roll+1","floor":18},{"not_picked":["Prepared","Tactician"],"picked":"Flying Knee","floor":19},{"not_picked":["Outmaneuver","Dagger Throw"],"picked":"Blur","floor":20},{"not_picked":["PiercingWail","Reflex"],"picked":"Choke","floor":21},{"not_picked":["Acrobatics","Dagger Throw+1"],"picked":"Flying Knee+1","floor":22},{"not_picked":["Escape Plan","Eviscerate"],"picked":"Quick Slash","floor":27},{"not_picked":["Outmaneuver","Prepared"],"picked":"Masterful Stab+1","floor":30},{"not_picked":["Heel Hook","Poisoned Stab+1"],"picked":"Deflect","floor":31},{"not_picked":["Tools of the Trade","Adrenaline"],"picked":"A Thousand Cuts","floor":33},{"not_picked":["Prepared+1","PiercingWail"],"picked":"Dodge and Roll+1","floor":34},{"not_picked":["Deadly Poison","PiercingWail+1"],"picked":"Backflip","floor":34},{"not_picked":["Outmaneuver","Expertise"],"picked":"Calculated Gamble","floor":34},{"not_picked":["Bouncing Flask","Deadly Poison"],"picked":"Flying Knee","floor":34},{"not_picked":["Poisoned Stab","Quick Slash"],"picked":"Dodge and Roll+1","floor":34},{"not_picked":["Sucker Punch+1","All Out Attack"],"picked":"Caltrops","floor":35},{"not_picked":["Distraction+1","Outmaneuver"],"picked":"Noxious Fumes","floor":36},{"not_picked":["Quick Slash+1","Tactician"],"picked":"Backflip+1","floor":37},{"not_picked":["Heel Hook","Dagger Throw"],"picked":"Backflip","floor":39},{"not_picked":["Acrobatics+1","PiercingWail"],"picked":"Flying Knee","floor":41},{"not_picked":["Sucker Punch","Dagger Throw"],"picked":"Footwork","floor":44},{"not_picked":["Skewer+1","Choke+1"],"picked":"Deadly Poison","floor":46},{"not_picked":["Tactician","Terror+1"],"picked":"Quick Slash+1","floor":48}],"player_experience":2374,"relics_obtained":[{"floor":6,"key":"Mummified Hand"},{"floor":9,"key":"Bottled Tornado"},{"floor":10,"key":"Letter Opener"},{"floor":13,"key":"Centennial Puzzle"},{"floor":26,"key":"Strawberry"},{"floor":27,"key":"Bird Faced Urn"},{"floor":41,"key":"Thread and Needle"},{"floor":43,"key":"Toolbox"}],"event_choices":[{"event_name":"The Lab","player_choice":"Got Potions","floor":2,"damage_taken":0},{"event_name":"Living Wall","player_choice":"Change","floor":11,"damage_taken":0},{"event_name":"Vampires","player_choice":"Ignored","floor":24,"damage_taken":0},{"event_name":"Knowing Skull","player_choice":"CARD ","floor":25,"damage_taken":0},{"event_name":"Winding Halls","player_choice":"Embrace Madness","floor":38,"damage_taken":0},{"event_name":"Mysterious Sphere","player_choice":"Fight","floor":41,"damage_taken":0},{"event_name":"The Woman in Blue","player_choice":"Bought 0 Potions","floor":45,"damage_taken":0}],"boss_relics":[{"not_picked":["Lizard Tail","Eternal Feather"],"picked":"Sozu"},{"not_picked":["Snecko Eye","Velvet Choker"],"picked":"Orrery"}],"items_purged_floors":[],"is_endless":false,"potions_floor_spawned":[1,7,10,13,14,18,20,22,33,36,39,48],"killed_by":"Awakened One","ascension_level":0}