{"gold_per_floor":[109,129,129,148,172,172,215,215,267,267,297,338,338,351,351,351],"floor_reached":16,"playtime":509,"items_purged":[],"score":209,"play_id":"30891fbe-40d8-4fd6-9737-46966bd6d023","local_time":"20190911013214","is_ascension_mode":true,"campfire_choices":[{"data":"Armaments","floor":6,"key":"SMITH"},{"data":"Bash","floor":8,"key":"SMITH"},{"floor":10,"key":"REST"},{"floor":15,"key":"REST"}],"neow_cost":"PERCENT_DAMAGE","seed_source_timestamp":535716291086700,"circlet_count":0,"master_deck":["AscendersBane","Strike_R","Strike_R","Strike_R","Defend_R","Defend_R","Defend_R","Defend_R","Bash+1","Sword Boomerang","Iron Wave","Cleave","Armaments+1","True Grit","Carnage+1"],"relics":["Burning Blood","Golden Idol","Pear","Bag of Marbles","Blood Vial","Molten Egg 2"],"potions_floor_usage":[5,14,16],"damage_taken":[{"damage":4,"enemies":"2 Louse","floor":1,"turns":4},{"damage":2,"enemies":"Small Slimes","floor":2,"turns":4},{"damage":7,"enemies":"Jaw Worm","floor":4,"turns":2},{"damage":21,"enemies":"Exordium Thugs","floor":5,"turns":5},{"damage":27,"enemies":"3 Sentries","floor":7,"turns":9},{"damage":42,"enemies":"Gremlin Nob","floor":12,"turns":5},{"damage":7,"enemies":"Gremlin Gang","floor":14,"turns":4},{"damage":46,"enemies":"Hexaghost","floor":16,"turns":9}],"seed_played":"7033827408968093959","potions_obtained":[{"floor":4,"key":"Fire Potion"},{"floor":7,"key":"SneckoOil"},{"floor":14,"key":"Swift Potion"}],"is_trial":false,"path_per_floor":["M","M","?","M","M","R","E","R","T","R","?","E","T","M","R","B"],"character_chosen":"IRONCLAD","items_purchased":[],"campfire_rested":2,"item_purchase_floors":[],"current_hp_per_floor":[52,56,56,55,40,40,29,29,29,52,52,16,16,17,40,0],"gold":351,"neow_bonus":"REMOVE_TWO","is_prod":false,"is_daily":false,"chose_seed":false,"campfire_upgraded":2,"win_rate":0,"timestamp":1568190734,"path_taken":["M","M","?","M","M","R","E","R","T","R","?","E","?","M","R","BOSS"],"build_version":"2019-09-10","purchased_purges":0,"victory":false,"max_hp_per_floor":[75,75,68,68,68,68,78,78,78,78,78,78,78,78,78,78],"card_choices":[{"not_picked":["Rupture","Heavy Blade"],"picked":"Sword Boomerang","floor":1},{"not_picked":["Clash","Seeing Red"],"picked":"Iron Wave","floor":2},{"not_picked":["Thunderclap","Flex"],"picked":"Cleave","floor":4},{"not_picked":["Infernal Blade","Sword Boomerang"],"picked":"Armaments","floor":5},{"not_picked":["Clothesline","Infernal Blade","Flex"],"picked":"SKIP","floor":7},{"not_picked":["Exhume","Sever Soul"],"picked":"True Grit","floor":12},{"not_picked":["Armaments","Battle Trance"],"picked":"Carnage+1","floor":14}],"player_experience":1412619,"relics_obtained":[{"floor":7,"key":"Pear"},{"floor":9,"key":"Bag of Marbles"},{"floor":12,"key":"Blood Vial"},{"floor":13,"key":"Molten Egg 2"}],"event_choices":[{"damage_healed":0,"gold_gain":0,"player_choice":"Lose Max HP","damage_taken":0,"relics_obtained":["Golden Idol"],"max_hp_gain":0,"max_hp_loss":7,"event_name":"Golden Idol","floor":3,"gold_loss":0},{"damage_healed":0,"gold_gain":30,"player_choice":"Searched \u00271\u0027 times","damage_taken":0,"max_hp_gain":0,"max_hp_loss":0,"event_name":"Dead Adventurer","floor":11,"gold_loss":0}],"is_beta":true,"boss_relics":[],"items_purged_floors":[],"is_endless":false,"potions_floor_spawned":[4,7,14],"killed_by":"Hexaghost","ascension_level":18}