{"gold_per_floor":[114,128,128,151,167,167,206,206,206,231,231,254,297,310,310,400,400,423,423,295,295,210,210,31,44,44,83,114,126,162,194,206,313,325,353,385,411,423,451,463,238,262,288,288,308,322,335,353,353,353],"floor_reached":50,"playtime":5069,"items_purged":["Injury","Defend_B"],"score":989,"play_id":"2f4e115d-2406-4c9f-920c-89a9518acabb","local_time":"20190927225938","is_ascension_mode":true,"campfire_choices":[{"data":"Conserve Battery","floor":6.0,"key":"SMITH"},{"data":"Electrodynamics","floor":11.0,"key":"SMITH"},{"data":"Zap","floor":15.0,"key":"SMITH"},{"floor":23.0,"key":"RECALL"},{"floor":32.0,"key":"REST"},{"floor":40.0,"key":"REST"},{"floor":44.0,"key":"REST"},{"floor":49.0,"key":"REST"}],"neow_cost":"NONE","seed_source_timestamp":0,"circlet_count":0,"master_deck":["AscendersBane","Defend_B","Defend_B","Defend_B","Zap+1","Dualcast","Lockon","Chill","Conserve Battery+1","Electrodynamics+1","Melter","Cold Snap","Echo Form","Static Discharge","Bite","Bite","Bite","Bite","Bite","Glacier","Capacitor","Ball Lightning+1","Chill","Apotheosis","Cold Snap+1","Biased Cognition","Glacier"],"special_seed":0,"relics":["Cracked Core","Golden Idol","Ginger","Shuriken","DataDisk","Meat on the Bone","Fusion Hammer","Molten Egg 2","Mummified Hand","MawBank","Omamori","Cursed Key","Dream Catcher"],"potions_floor_usage":[50],"damage_taken":[{"damage":6.0,"enemies":"Cultist","floor":1.0,"turns":3.0},{"damage":6.0,"enemies":"Small Slimes","floor":2.0,"turns":3.0},{"damage":10.0,"enemies":"Jaw Worm","floor":4.0,"turns":3.0},{"damage":0.0,"enemies":"2 Fungi Beasts","floor":5.0,"turns":4.0},{"damage":10.0,"enemies":"Lagavulin","floor":7.0,"turns":7.0},{"damage":0.0,"enemies":"Exordium Wildlife","floor":10.0,"turns":1.0},{"damage":8.0,"enemies":"Gremlin Nob","floor":13.0,"turns":3.0},{"damage":0.0,"enemies":"Looter","floor":14.0,"turns":2.0},{"damage":32.0,"enemies":"Hexaghost","floor":16.0,"turns":11.0},{"damage":0.0,"enemies":"3 Byrds","floor":18.0,"turns":2.0},{"damage":3.0,"enemies":"Shell Parasite","floor":25.0,"turns":4.0},{"damage":31.0,"enemies":"Book of Stabbing","floor":27.0,"turns":4.0},{"damage":14.0,"enemies":"Centurion and Healer","floor":28.0,"turns":6.0},{"damage":0.0,"enemies":"Cultist and Chosen","floor":30.0,"turns":5.0},{"damage":4.0,"enemies":"Snecko","floor":31.0,"turns":3.0},{"damage":30.0,"enemies":"Automaton","floor":33.0,"turns":8.0},{"damage":12.0,"enemies":"3 Darklings","floor":35.0,"turns":7.0},{"damage":17.0,"enemies":"Orb Walker","floor":36.0,"turns":3.0},{"damage":12.0,"enemies":"Jaw Worm Horde","floor":37.0,"turns":4.0},{"damage":0.0,"enemies":"Spire Growth","floor":38.0,"turns":2.0},{"damage":9.0,"enemies":"Transient","floor":39.0,"turns":6.0},{"damage":0.0,"enemies":"Maw","floor":42.0,"turns":8.0},{"damage":14.0,"enemies":"4 Shapes","floor":45.0,"turns":4.0},{"damage":9.0,"enemies":"Transient","floor":46.0,"turns":6.0},{"damage":13.0,"enemies":"Writhing Mass","floor":47.0,"turns":8.0},{"damage":22.0,"enemies":"Sphere and 2 Shapes","floor":48.0,"turns":3.0},{"damage":76,"enemies":"Time Eater","floor":50,"turns":6}],"seed_played":"-5963956679782110345","potions_obtained":[{"floor":2.0,"key":"FearPotion"},{"floor":4.0,"key":"EntropicBrew"},{"floor":13.0,"key":"Weak Potion"},{"floor":14.0,"key":"Fire Potion"},{"floor":16.0,"key":"FocusPotion"},{"floor":28.0,"key":"Fire Potion"},{"floor":31.0,"key":"Strength Potion"},{"floor":33.0,"key":"SmokeBomb"},{"floor":37.0,"key":"Swift Potion"},{"floor":39.0,"key":"Poison Potion"},{"floor":45.0,"key":"AttackPotion"},{"floor":47.0,"key":"Fire Potion"}],"is_trial":false,"path_per_floor":["M","M","?","M","M","R","E","?","T","M","R","T","E","M","R","B",null,"M","?","$","?","?","R","$","M","T","E","M","?","M","M","R","B",null,"M","M","M","M","M","R","$","M","T","R","M","M","M","M","R","B"],"character_chosen":"DEFECT","items_purchased":["Explosive Potion","Capacitor","Apotheosis","Block Potion"],"campfire_rested":4,"item_purchase_floors":[20,24,41,41],"current_hp_per_floor":[65,59,59,49,49,49,39,39,39,39,39,39,31,43,43,23,64,64,54,54,54,54,54,54,54,54,29,35,35,43,47,54,44,52,54,37,35,35,38,54,54,54,54,54,46,52,54,42,54,0],"gold":353,"neow_bonus":"TEN_PERCENT_HP_BONUS","is_prod":false,"is_daily":false,"chose_seed":false,"campfire_upgraded":3,"win_rate":0,"timestamp":1569639578,"path_taken":["M","M","?","M","M","R","E","?","T","M","R","?","E","M","R","BOSS","M","?","$","?","?","R","$","M","T","E","M","?","M","?","R","BOSS","M","M","M","M","M","R","$","M","T","R","M","M","M","M","R","BOSS"],"build_version":"2019-07-17","purchased_purges":2,"victory":false,"max_hp_per_floor":[78,78,78,78,78,78,78,78,78,78,78,78,78,78,78,78,78,78,54,54,54,54,54,54,54,54,54,54,54,54,54,54,54,54,54,54,54,54,54,54,54,54,54,54,54,54,54,54,54,54],"card_choices":[{"not_picked":["Compile Driver","Sweeping Beam"],"picked":"Lockon","floor":1.0},{"not_picked":["Barrage","Steam"],"picked":"Chill","floor":2.0},{"not_picked":["Beam Cell","Reprogram"],"picked":"Conserve Battery","floor":4.0},{"not_picked":["Tempest","Gash","Leap"],"picked":"SKIP","floor":5.0},{"not_picked":["Skim","Sunder"],"picked":"Electrodynamics","floor":7.0},{"not_picked":["Redo","Beam Cell","Barrage"],"picked":"SKIP","floor":10.0},{"not_picked":["Redo","Beam Cell","Barrage"],"picked":"SKIP","floor":10.0},{"not_picked":["Conserve Battery","Stack"],"picked":"Melter","floor":13.0},{"not_picked":["FTL","Stack"],"picked":"Cold Snap","floor":14.0},{"not_picked":["Thunder Strike","Reboot"],"picked":"Echo Form","floor":16.0},{"not_picked":["Gash","Ball Lightning"],"picked":"Static Discharge","floor":18.0},{"not_picked":["Turbo","Streamline+1","Double Energy"],"picked":"SKIP","floor":25.0},{"not_picked":["Doom and Gloom+1","Steam"],"picked":"Ball Lightning+1","floor":27.0},{"not_picked":["Barrage+1","Amplify","Reinforced Body"],"picked":"SKIP","floor":28.0},{"not_picked":["Fusion","Skim","Steam+1"],"picked":"SKIP","floor":30.0},{"not_picked":["Hologram","Turbo","Conserve Battery"],"picked":"SKIP","floor":31.0},{"not_picked":["Leap","Turbo","Storm"],"picked":"SKIP","floor":35.0},{"not_picked":["Steam Power","Turbo","Fusion"],"picked":"SKIP","floor":36.0},{"not_picked":["Redo+1","Ball Lightning+1"],"picked":"Chill","floor":37.0},{"not_picked":["Hologram","Sweeping Beam+1","Reinforced Body"],"picked":"SKIP","floor":39.0},{"not_picked":["Rebound+1","Streamline+1","Steam+1"],"picked":"SKIP","floor":42.0},{"not_picked":["Ball Lightning+1","Leap"],"picked":"Cold Snap+1","floor":44.0},{"not_picked":["Skim+1","Chaos"],"picked":"Biased Cognition","floor":45.0},{"not_picked":["Steam+1","Storm","Double Energy"],"picked":"SKIP","floor":46.0},{"not_picked":["Melter+1","Storm","Streamline+1"],"picked":"SKIP","floor":47.0},{"not_picked":["Stack","Lockon+1"],"picked":"Glacier","floor":48.0}],"player_experience":492976,"relics_obtained":[{"floor":7.0,"key":"Ginger"},{"floor":9.0,"key":"Shuriken"},{"floor":12.0,"key":"DataDisk"},{"floor":13.0,"key":"Meat on the Bone"},{"floor":26.0,"key":"Mummified Hand"},{"floor":27.0,"key":"MawBank"},{"floor":43.0,"key":"Dream Catcher"}],"event_choices":[{"damage_healed":0.0,"max_hp_gain":0.0,"max_hp_loss":0.0,"gold_gain":0.0,"event_name":"Golden Idol","player_choice":"Take Wound","floor":3.0,"gold_loss":0.0,"damage_taken":0.0,"relics_obtained":["Golden Idol"],"cards_obtained":["Injury"]},{"damage_healed":0.0,"max_hp_gain":0.0,"max_hp_loss":0.0,"gold_gain":0.0,"event_name":"Scrap Ooze","player_choice":"Fled","floor":8.0,"gold_loss":0.0,"damage_taken":0.0},{"damage_healed":0.0,"max_hp_gain":0.0,"max_hp_loss":24.0,"gold_gain":0.0,"event_name":"Vampires","player_choice":"Became a vampire","floor":19.0,"gold_loss":0.0,"damage_taken":0.0,"cards_obtained":["Bite","Bite","Bite","Bite","Bite"]},{"damage_healed":0.0,"max_hp_gain":0.0,"max_hp_loss":0.0,"gold_gain":0.0,"event_name":"The Library","player_choice":"Read","floor":21.0,"gold_loss":0.0,"damage_taken":0.0,"cards_obtained":["Glacier"]},{"damage_healed":0.0,"max_hp_gain":0.0,"max_hp_loss":0.0,"gold_gain":0.0,"event_name":"Addict","player_choice":"Obtained Relic","floor":22.0,"gold_loss":85.0,"damage_taken":0.0,"relics_obtained":["Molten Egg 2"]},{"damage_healed":0.0,"max_hp_gain":0.0,"max_hp_loss":0.0,"gold_gain":0.0,"event_name":"WeMeetAgain","player_choice":"Gave Potion","floor":29.0,"gold_loss":0.0,"damage_taken":0.0,"relics_obtained":["Omamori"]}],"is_beta":false,"boss_relics":[{"not_picked":["Orrery","Philosopher\u0027s Stone"],"picked":"Fusion Hammer"},{"not_picked":["Tiny House","Lizard Tail"],"picked":"Cursed Key"}],"items_purged_floors":[20,24],"is_endless":false,"potions_floor_spawned":[2,4,13,14,16,28,31,33,37,39,45,47,48],"killed_by":"Time Eater","ascension_level":20}