{"gold_per_floor":[111,61,11,23,42,42,42,75,75,75,250,220,250,262,262,359,359,375,375,143,143,163,193,193,193,193,108,108,108],"floor_reached":29,"playtime":769,"items_purged":["Writhe"],"score":395,"play_id":"bf0288d3-1750-4296-9f76-86968ac029e0","local_time":"20190404201325","is_ascension_mode":true,"campfire_choices":[{"data":"Crippling Poison","floor":6,"key":"SMITH"},{"data":"After Image","floor":10,"key":"SMITH"},{"data":"Crippling Poison","floor":15,"key":"SMITH"},{"floor":25,"key":"REST"},{"data":"Neutralize","floor":28,"key":"SMITH"}],"neow_cost":"NONE","seed_source_timestamp":782820103901114,"circlet_count":0,"master_deck":["AscendersBane","Defend_G","Defend_G","Defend_G","Defend_G","Defend_G","Strike_G","Strike_G","Strike_G","Strike_G","Survivor","Neutralize+1","Dagger Throw","Dodge and Roll","Poisoned Stab","Crippling Poison+1","After Image+1","Doubt","Crippling Poison+1","Flying Knee+1","Tools of the Trade","Backflip","Blade Dance","Dagger Spray+1"],"relics":["Ring of the Snake","Snake Skull","WingedGreaves","Dead Branch","Molten Egg 2","Black Star","Turnip","Bronze Scales","Dodecahedron","Blood Vial","MutagenicStrength","Ninja Scroll","Sundial"],"potions_floor_usage":[8,23,23,23,29],"damage_taken":[{"damage":0,"enemies":"Small Slimes","floor":1,"turns":6},{"damage":1,"enemies":"Jaw Worm","floor":4,"turns":5},{"damage":0,"enemies":"2 Louse","floor":5,"turns":3},{"damage":18,"enemies":"Lagavulin","floor":8,"turns":6},{"damage":13,"enemies":"Gremlin Nob","floor":13,"turns":5},{"damage":3,"enemies":"2 Fungi Beasts","floor":14,"turns":4},{"damage":28,"enemies":"The Guardian","floor":16,"turns":10},{"damage":6,"enemies":"Shell Parasite","floor":18,"turns":8},{"damage":9,"enemies":"Spheric Guardian","floor":22,"turns":5},{"damage":39,"enemies":"Gremlin Leader","floor":23,"turns":8},{"damage":25,"enemies":"Book of Stabbing","floor":29,"turns":4}],"seed_played":"4100640502007781067","potions_obtained":[{"floor":5,"key":"Strength Potion"},{"floor":12,"key":"Energy Potion"},{"floor":12,"key":"LiquidBronze"},{"floor":22,"key":"EntropicBrew"}],"is_trial":false,"path_per_floor":["M","?","$","M","M","R","?","E","T","R","?","?","E","M","R","B",null,"M","?","$","?","M","E","?","R","T","?","R","E"],"character_chosen":"THE_SILENT","items_purchased":["Dodge and Roll","Bronze Scales"],"campfire_rested":1,"item_purchase_floors":[3,20],"current_hp_per_floor":[63,63,63,62,62,62,67,49,49,49,49,49,36,33,33,5,58,52,52,52,52,43,4,4,26,26,26,26,3],"gold":108,"neow_bonus":"RANDOM_COMMON_RELIC","is_prod":false,"is_daily":false,"chose_seed":false,"campfire_upgraded":4,"win_rate":0,"timestamp":1554430405,"path_taken":["M","?","$","M","M","R","?","E","T","R","?","?","E","?","R","BOSS","M","?","?","?","M","E","?","R","T","?","R","E"],"build_version":"2019-01-23","purchased_purges":1,"victory":false,"max_hp_per_floor":[70,70,70,70,70,70,75,75,75,75,75,75,75,75,75,75,75,75,75,75,75,75,75,75,75,75,75,75,75],"card_choices":[{"not_picked":["Slice","Deflect"],"picked":"Dagger Throw","floor":1},{"not_picked":["Infinite Blades","Deflect"],"picked":"Poisoned Stab","floor":4},{"not_picked":["Blade Dance","Dagger Spray"],"picked":"Crippling Poison","floor":5},{"not_picked":["Finisher","Poisoned Stab"],"picked":"After Image","floor":8},{"not_picked":["Choke","Outmaneuver"],"picked":"Crippling Poison","floor":13},{"not_picked":["Dagger Spray+1","Reflex"],"picked":"Flying Knee+1","floor":14},{"not_picked":["Doppelganger","Grand Finale+1"],"picked":"Tools of the Trade","floor":16},{"not_picked":["Underhanded Strike+1","Riddle With Holes+1"],"picked":"Backflip","floor":18},{"not_picked":["Acrobatics+1","Underhanded Strike+1"],"picked":"Blade Dance","floor":22},{"not_picked":["Blade Dance","Dodge and Roll"],"picked":"Dagger Spray+1","floor":23}],"player_experience":492784,"relics_obtained":[{"floor":8,"key":"WingedGreaves"},{"floor":9,"key":"Dead Branch"},{"floor":13,"key":"Molten Egg 2"},{"floor":23,"key":"Dodecahedron"},{"floor":23,"key":"Blood Vial"},{"floor":26,"key":"Ninja Scroll"}],"event_choices":[{"cards_removed":["Strike_G"],"damage_healed":0,"gold_gain":0,"player_choice":"Card Removal","damage_taken":0,"max_hp_gain":0,"max_hp_loss":0,"event_name":"The Cleric","floor":2,"gold_loss":50},{"damage_healed":0,"gold_gain":0,"player_choice":"Donut","damage_taken":0,"max_hp_gain":5,"max_hp_loss":0,"event_name":"Big Fish","floor":7,"gold_loss":0},{"damage_healed":0,"gold_gain":175,"player_choice":"AGREE","damage_taken":0,"max_hp_gain":0,"max_hp_loss":0,"event_name":"Liars Game","floor":11,"gold_loss":0,"cards_obtained":["Doubt"]},{"damage_healed":0,"gold_gain":0,"player_choice":"Bought 2 Potions","damage_taken":0,"max_hp_gain":0,"max_hp_loss":0,"event_name":"The Woman in Blue","floor":12,"gold_loss":0},{"damage_healed":0,"gold_gain":0,"player_choice":"Opened","damage_taken":0,"relics_obtained":["Turnip"],"max_hp_gain":0,"max_hp_loss":0,"event_name":"The Mausoleum","floor":19,"gold_loss":0,"cards_obtained":["Writhe"]},{"damage_healed":0,"gold_gain":0,"player_choice":"Ignored","damage_taken":0,"max_hp_gain":0,"max_hp_loss":0,"event_name":"Vampires","floor":21,"gold_loss":0},{"damage_healed":0,"gold_gain":0,"player_choice":"Inject Mutagens","damage_taken":0,"relics_obtained":["MutagenicStrength"],"max_hp_gain":0,"max_hp_loss":0,"event_name":"Drug Dealer","floor":24,"gold_loss":0},{"damage_healed":0,"gold_gain":0,"player_choice":"Obtained Relic","damage_taken":0,"relics_obtained":["Sundial"],"max_hp_gain":0,"max_hp_loss":0,"event_name":"Addict","floor":27,"gold_loss":85}],"is_beta":false,"boss_relics":[{"not_picked":["Tiny House","Lizard Tail"],"picked":"Black Star"}],"items_purged_floors":[20],"is_endless":false,"potions_floor_spawned":[5,14,22],"killed_by":"Book of Stabbing","ascension_level":12}