{"gold_per_floor":[111,127,143,162,162,162,223,223,250,262,288,288,35,50,50,145,145,163,177,192,47,96,96,96],"floor_reached":24,"playtime":1179,"items_purged":[],"score":335,"play_id":"081de100-8d1c-4ae1-a44c-e2c665f7af38","local_time":"20180921211050","is_ascension_mode":true,"campfire_choices":[{"data":"Zap","floor":6,"key":"SMITH"},{"floor":8,"key":"REST"},{"data":"Loop","floor":12,"key":"SMITH"},{"floor":15,"key":"REST"},{"data":"Creative AI","floor":23,"key":"SMITH"}],"neow_cost":"NONE","seed_source_timestamp":339455710394300,"circlet_count":0,"master_deck":["Strike_B","Strike_B","Strike_B","Strike_B+1","Defend_B+1","Defend_B","Defend_B","Defend_B","Zap+1","Dualcast","Gash","Undo","Ball Lightning+1","BootSequence+1","Go for the Eyes","Gash","Loop+1","Static Discharge","Creative AI+1","Compile Driver+1","Loop","Double Energy+1","Leap","Cold Snap","Auto Shields"],"relics":["Cracked Core","NeowsBlessing","Tiny Chest","Bag of Marbles","War Paint","Mummified Hand","Coffee Dripper","PreservedInsect"],"potions_floor_usage":[7,11,16,18,19],"damage_taken":[{"damage":0,"enemies":"Jaw Worm","floor":1,"turns":1},{"damage":0,"enemies":"2 Louse","floor":2,"turns":1},{"damage":0,"enemies":"Cultist","floor":3,"turns":1},{"damage":1,"enemies":"Red Slaver","floor":4,"turns":3},{"damage":17,"enemies":"3 Sentries","floor":7,"turns":5},{"damage":1,"enemies":"Exordium Thugs","floor":10,"turns":4},{"damage":16,"enemies":"Gremlin Nob","floor":11,"turns":3},{"damage":3,"enemies":"Blue Slaver","floor":14,"turns":2},{"damage":0,"enemies":"Slime Boss","floor":16,"turns":8},{"damage":22,"enemies":"2 Thieves","floor":18,"turns":4},{"damage":5,"enemies":"3 Byrds","floor":19,"turns":3},{"damage":15,"enemies":"Snecko","floor":20,"turns":5},{"damage":33,"enemies":"Slavers","floor":24,"turns":3}],"seed_played":"-8878379958937582248","potions_obtained":[{"floor":1,"key":"SteroidPotion"},{"floor":2,"key":"LiquidBronze"},{"floor":3,"key":"Strength Potion"},{"floor":11,"key":"LiquidBronze"},{"floor":16,"key":"SteroidPotion"},{"floor":20,"key":"SteroidPotion"}],"is_trial":false,"path_per_floor":["M","M","M","M","?","R","E","R","T","M","E","R","$","M","R","B",null,"M","M","M","$","T","R"],"character_chosen":"DEFECT","items_purchased":["Mummified Hand","Leap","Cold Snap","Auto Shields"],"campfire_rested":2,"item_purchase_floors":[13,21,21,21],"current_hp_per_floor":[68,68,68,67,52,52,35,57,57,56,40,40,40,37,59,59,71,49,44,29,29,29,29,0],"gold":96,"neow_bonus":"THREE_ENEMY_KILL","is_prod":false,"is_daily":false,"chose_seed":false,"campfire_upgraded":3,"win_rate":0,"timestamp":1537589450,"path_taken":["M","M","M","M","?","R","E","R","T","?","E","R","$","M","R","BOSS","M","M","M","$","?","R","E"],"build_version":"2018-09-20","purchased_purges":0,"victory":false,"max_hp_per_floor":[75,75,75,75,75,75,75,75,75,75,75,75,75,75,75,75,75,75,75,75,75,75,75,75],"card_choices":[{"not_picked":["Storm","Scrape"],"picked":"Gash","floor":1},{"not_picked":["FTL","Capacitor"],"picked":"Undo","floor":2},{"not_picked":["Streamline","Sweeping Beam"],"picked":"Ball Lightning","floor":3},{"not_picked":["Glacier","Conserve Battery"],"picked":"BootSequence","floor":4},{"not_picked":["Turbo","Rip and Tear"],"picked":"Go for the Eyes","floor":7},{"not_picked":["Go for the Eyes","Thunder Strike"],"picked":"Gash","floor":10},{"not_picked":["Force Field","Hyperbeam"],"picked":"Loop","floor":11},{"not_picked":["Sweeping Beam","Cold Snap"],"picked":"Static Discharge","floor":14},{"not_picked":["Amplify","Seek"],"picked":"Creative AI","floor":16},{"not_picked":["Ball Lightning+1","Barrage+1"],"picked":"Compile Driver+1","floor":18},{"not_picked":["Steam","Lockon+1"],"picked":"Loop","floor":19},{"not_picked":["Rebound+1","Compile Driver"],"picked":"Double Energy+1","floor":20}],"player_experience":428157,"relics_obtained":[{"floor":7,"key":"Tiny Chest"},{"floor":9,"key":"Bag of Marbles"},{"floor":11,"key":"War Paint"},{"floor":22,"key":"PreservedInsect"}],"event_choices":[{"event_name":"Shining Light","player_choice":"Entered Light","floor":5,"damage_taken":0}],"is_beta":false,"boss_relics":[{"not_picked":["White Beast Statue","Black Star"],"picked":"Coffee Dripper"}],"items_purged_floors":[],"is_endless":false,"potions_floor_spawned":[1,2,3,11,16,20],"killed_by":"Slavers","ascension_level":6}