{"gold_per_floor":[219,296,308,326,343,372,386,386,409,426,455,455,467,467,467,539,539,558,558,149,169,11,38,50,92,104,116,128,140,179,51,51,125,125,135,153,166,184,184,184,217,217,243,22,38,38,57,86,86,86,86],"floor_reached":52,"playtime":9938,"items_purged":["Strike_B","Decay","Doubt"],"score":1960,"play_id":"5619ecd5-f4ee-4fce-acf1-179587f4a192","local_time":"20190928165638","is_ascension_mode":true,"campfire_choices":[{"data":"Go for the Eyes","floor":8.0,"key":"SMITH"},{"data":"Static Discharge","floor":12.0,"key":"SMITH"},{"data":"Cold Snap","floor":15.0,"key":"SMITH"},{"data":"Biased Cognition","floor":24.0,"key":"SMITH"},{"floor":27.0,"key":"REST"},{"floor":32.0,"key":"REST"},{"data":"Loop","floor":40.0,"key":"SMITH"},{"data":"Creative AI","floor":42.0,"key":"SMITH"},{"floor":49.0,"key":"REST"}],"neow_cost":"NONE","seed_source_timestamp":0,"circlet_count":0,"master_deck":["AscendersBane","Strike_B","Strike_B","Defend_B","Defend_B","Defend_B","Defend_B","Zap+1","Dualcast","Sweeping Beam","Chill+1","Go for the Eyes+1","Glacier+1","Static Discharge+1","White Noise+1","Cold Snap+1","Consume+1","Machine Learning","Biased Cognition+1","Leap+1","Coolheaded+1","Hologram+1","Loop+1","Echo Form","Leap+1","Ball Lightning","Redo+1","Self Repair","Creative AI+1","Recycle+1","FTL","Rip and Tear+1","Tempest+1","Conserve Battery+1","Doom and Gloom","Stack+1","Barrage+1","FTL+1","Loop+1"],"special_seed":0,"relics":["Cracked Core","Toxic Egg 2","Strawberry","PreservedInsect","Bag of Preparation","Cursed Key","Happy Flower","MawBank","Regal Pillow","Meat on the Bone","Dream Catcher","Inserter","Ancient Tea Set","DataDisk","Boot"],"potions_floor_usage":[51],"damage_taken":[{"damage":1.0,"enemies":"Cultist","floor":1.0,"turns":3.0},{"damage":4.0,"enemies":"Jaw Worm","floor":3.0,"turns":4.0},{"damage":0.0,"enemies":"2 Louse","floor":4.0,"turns":2.0},{"damage":10.0,"enemies":"Large Slime","floor":5.0,"turns":5.0},{"damage":22.0,"enemies":"3 Sentries","floor":6.0,"turns":8.0},{"damage":0.0,"enemies":"Red Slaver","floor":7.0,"turns":4.0},{"damage":0.0,"enemies":"Lots of Slimes","floor":10.0,"turns":4.0},{"damage":17.0,"enemies":"Lagavulin","floor":11.0,"turns":7.0},{"damage":3.0,"enemies":"Exordium Thugs","floor":13.0,"turns":4.0},{"damage":15.0,"enemies":"Hexaghost","floor":16.0,"turns":9.0},{"damage":0.0,"enemies":"3 Byrds","floor":18.0,"turns":4.0},{"damage":18.0,"enemies":"2 Thieves","floor":21.0,"turns":4.0},{"damage":6.0,"enemies":"Book of Stabbing","floor":23.0,"turns":7.0},{"damage":15.0,"enemies":"Slavers","floor":25.0,"turns":6.0},{"damage":8.0,"enemies":"Book of Stabbing","floor":30.0,"turns":5.0},{"damage":4.0,"enemies":"Champ","floor":33.0,"turns":16.0},{"damage":35.0,"enemies":"3 Darklings","floor":35.0,"turns":6.0},{"damage":16.0,"enemies":"3 Shapes","floor":36.0,"turns":14.0},{"damage":49.0,"enemies":"Transient","floor":37.0,"turns":6.0},{"damage":3.0,"enemies":"Writhing Mass","floor":38.0,"turns":15.0},{"damage":12.0,"enemies":"Nemesis","floor":41.0,"turns":9.0},{"damage":17.0,"enemies":"3 Darklings","floor":45.0,"turns":4.0},{"damage":4.0,"enemies":"4 Shapes","floor":47.0,"turns":3.0},{"damage":22.0,"enemies":"Giant Head","floor":48.0,"turns":5.0},{"damage":46.0,"enemies":"Donu and Deca","floor":50.0,"turns":9.0},{"damage":44,"enemies":"Awakened One","floor":51,"turns":46}],"seed_played":"5042807028766690815","potions_obtained":[{"floor":1.0,"key":"Regen Potion"},{"floor":4.0,"key":"Swift Potion"},{"floor":5.0,"key":"Block Potion"},{"floor":7.0,"key":"SpeedPotion"},{"floor":13.0,"key":"Block Potion"},{"floor":21.0,"key":"Fruit Juice"},{"floor":23.0,"key":"PowerPotion"},{"floor":33.0,"key":"SkillPotion"},{"floor":38.0,"key":"FocusPotion"},{"floor":41.0,"key":"Strength Potion"},{"floor":45.0,"key":"AttackPotion"}],"is_trial":false,"path_per_floor":["M","T","M","M","M","E","M","R","T","M","E","R","M","?","R","B",null,"M","?","$","M","$","E","R","E","T","R","?","?","E","$","R","B",null,"M","M","M","M","$","R","E","R","T","$","M","?","M","E","R","B","B",null],"character_chosen":"DEFECT","items_purchased":["Coolheaded+1","Hologram+1","Loop","Happy Flower","Echo Form","Self Repair","Doom and Gloom","Stack+1"],"campfire_rested":3,"item_purchase_floors":[20,20,20,20,22,31,44,44],"current_hp_per_floor":[63,63,59,59,49,49,49,49,49,49,32,32,29,29,29,14,62,62,62,62,49,49,43,43,28,28,67,43,43,47,47,88,88,88,67,65,35,58,58,58,53,53,53,53,48,48,56,46,87,60,28],"gold":86,"neow_bonus":"HUNDRED_GOLD","is_prod":false,"is_daily":false,"chose_seed":false,"campfire_upgraded":6,"win_rate":0,"timestamp":1569704198,"path_taken":["M","?","M","M","M","E","M","R","T","M","E","R","M","?","R","BOSS","M","?","$","M","$","E","R","E","T","R","?","?","E","$","R","BOSS","M","M","M","M","$","R","E","R","T","$","M","?","M","E","R","BOSS","BOSS"],"build_version":"2019-07-17","purchased_purges":3,"victory":true,"max_hp_per_floor":[71,71,71,71,71,78,78,78,78,78,78,78,78,78,78,78,78,78,78,78,83,83,83,83,83,83,83,88,88,88,88,88,88,88,88,88,88,88,88,88,88,88,88,88,88,88,88,88,88,88,88],"card_choices":[{"not_picked":["Heatsinks","Aggregate"],"picked":"Sweeping Beam","floor":1.0},{"not_picked":["Recycle+1","Auto Shields+1"],"picked":"Chill+1","floor":3.0},{"not_picked":["Turbo+1","Storm"],"picked":"Go for the Eyes","floor":4.0},{"not_picked":["Leap+1","Redo+1"],"picked":"Glacier+1","floor":5.0},{"not_picked":["Barrage","Gash"],"picked":"Static Discharge","floor":6.0},{"not_picked":["Stack+1","Steam+1","Compile Driver"],"picked":"SKIP","floor":7.0},{"not_picked":["Leap+1","Chill+1"],"picked":"White Noise+1","floor":10.0},{"not_picked":["Beam Cell","Rip and Tear"],"picked":"Cold Snap","floor":11.0},{"not_picked":["Rebound","Sunder"],"picked":"Consume+1","floor":13.0},{"not_picked":["Reboot+1","Fission+1"],"picked":"Biased Cognition","floor":16.0},{"not_picked":["Turbo+1","Static Discharge"],"picked":"Leap+1","floor":18.0},{"not_picked":["Compile Driver+1","Beam Cell","Static Discharge"],"picked":"SKIP","floor":21.0},{"not_picked":["Barrage","Compile Driver"],"picked":"Leap+1","floor":23.0},{"not_picked":["FTL","Rebound"],"picked":"Ball Lightning","floor":25.0},{"not_picked":["Leap+1","Steam Power+1"],"picked":"Redo+1","floor":30.0},{"not_picked":["Hello World","Steam Power+1"],"picked":"Creative AI","floor":32.0},{"not_picked":["Gash","Stack+1"],"picked":"Recycle+1","floor":35.0},{"not_picked":["Consume+1","Hologram+1"],"picked":"FTL","floor":36.0},{"not_picked":["Gash","Reinforced Body+1"],"picked":"Rip and Tear+1","floor":37.0},{"not_picked":["Chill+1","Stack+1"],"picked":"Tempest+1","floor":38.0},{"not_picked":["Multi-Cast+1","Hologram+1"],"picked":"Conserve Battery+1","floor":41.0},{"not_picked":["Chill+1","Hello World"],"picked":"Barrage+1","floor":45.0},{"not_picked":["Static Discharge","Scrape"],"picked":"FTL+1","floor":47.0},{"not_picked":["Auto Shields+1","Stack+1","Chill+1"],"picked":"SKIP","floor":48.0},{"not_picked":["Stack+1","Rebound"],"picked":"Loop+1","floor":49.0}],"player_experience":512448,"relics_obtained":[{"floor":2.0,"key":"Toxic Egg 2"},{"floor":6.0,"key":"Strawberry"},{"floor":9.0,"key":"PreservedInsect"},{"floor":11.0,"key":"Bag of Preparation"},{"floor":23.0,"key":"MawBank"},{"floor":25.0,"key":"Regal Pillow"},{"floor":26.0,"key":"Meat on the Bone"},{"floor":30.0,"key":"Dream Catcher"},{"floor":41.0,"key":"Ancient Tea Set"},{"floor":43.0,"key":"DataDisk"},{"floor":48.0,"key":"Boot"}],"event_choices":[{"damage_healed":0.0,"max_hp_gain":0.0,"max_hp_loss":0.0,"gold_gain":0.0,"cards_transformed":["Strike_B"],"event_name":"Living Wall","player_choice":"Change","floor":14.0,"gold_loss":0.0,"damage_taken":0.0,"cards_obtained":["Machine Learning"]},{"damage_healed":0.0,"max_hp_gain":5.0,"max_hp_loss":0.0,"gold_gain":0.0,"event_name":"Forgotten Altar","player_choice":"Shed Blood","floor":28.0,"gold_loss":0.0,"damage_taken":29.0},{"damage_healed":0.0,"max_hp_gain":0.0,"max_hp_loss":0.0,"gold_gain":0.0,"event_name":"N\u0027loth","player_choice":"Ignored","floor":29.0,"gold_loss":0.0,"damage_taken":0.0},{"damage_healed":0.0,"max_hp_gain":0.0,"max_hp_loss":0.0,"gold_gain":0.0,"event_name":"Accursed Blacksmith","player_choice":"Forge","floor":46.0,"gold_loss":0.0,"damage_taken":0.0,"cards_upgraded":["Zap"]}],"is_beta":false,"boss_relics":[{"not_picked":["Snecko Eye","Black Star"],"picked":"Cursed Key"},{"not_picked":["Calling Bell","Runic Dome"],"picked":"Inserter"}],"items_purged_floors":[20,31,44],"is_endless":false,"potions_floor_spawned":[1,4,5,7,13,21,23,33,38,41,45],"ascension_level":20}