{"gold_per_floor":[113,63,87,87,106,133,149,182,205,205,219,244,259,66,66,161,161,179,193,193,293,39,71,45,45,45,64,77,24,55,70,70,168,168,188,202,202,219,232,232,252,286,286,303,330,330,356,375,375,375,375,375,6,38,38],"floor_reached":55,"playtime":2254,"items_purged":["Strike_G"],"score":1344,"play_id":"0dff298d-3277-44d5-84a6-4baeb04ca3c1","local_time":"20190329191401","is_ascension_mode":true,"campfire_choices":[{"floor":10,"key":"REST"},{"floor":15,"key":"REST"},{"data":"Strike_G+1","floor":25,"key":"PURGE"},{"data":"Noxious Fumes","floor":32,"key":"SMITH"},{"data":"Well Laid Plans","floor":40,"key":"SMITH"},{"floor":49,"key":"RECALL"},{"data":"Neutralize","floor":52,"key":"SMITH"}],"neow_cost":"NONE","seed_source_timestamp":259348796866164,"circlet_count":0,"master_deck":["AscendersBane","Defend_G+1","Defend_G+1","Defend_G+1","Defend_G+1","Defend_G+1","Strike_G+1","Survivor+1","Neutralize+1","Backstab","Poisoned Stab","Leg Sweep+1","Storm of Steel+1","Backflip+1","Well Laid Plans+1","Noxious Fumes+1","Deadly Poison+1","Corpse Explosion+1","Cloak And Dagger+1","Cloak And Dagger+1","Die Die Die","Cloak And Dagger+1","Blur+1","Deadly Poison+1","PiercingWail+1","Catalyst+1","Envenom+1","Bane","Blur+1","Catalyst+1","Blade Dance+1","Calculated Gamble+1","Deadly Poison+1","Flechettes+1","PiercingWail+1","Noxious Fumes","Caltrops"],"relics":["Ring of the Snake","Pen Nib","Toxic Egg 2","Happy Flower","Snake Skull","Nunchaku","Eternal Feather","Peace Pipe","Singing Bowl","Ninja Scroll","Centennial Puzzle","Bottled Tornado","Strawberry","Sozu","Gremlin Horn","Tough Bandages","Prayer Wheel","Mango","War Paint"],"potions_floor_usage":[8,33,50],"damage_taken":[{"damage":8,"enemies":"Small Slimes","floor":1,"turns":6},{"damage":0,"enemies":"Jaw Worm","floor":5,"turns":3},{"damage":27,"enemies":"Lagavulin","floor":6,"turns":9},{"damage":0,"enemies":"2 Louse","floor":7,"turns":2},{"damage":17,"enemies":"3 Sentries","floor":8,"turns":9},{"damage":0,"enemies":"Blue Slaver","floor":11,"turns":3},{"damage":4,"enemies":"Gremlin Nob","floor":12,"turns":4},{"damage":0,"enemies":"Gremlin Gang","floor":13,"turns":3},{"damage":19,"enemies":"Slime Boss","floor":16,"turns":8},{"damage":2,"enemies":"Chosen","floor":18,"turns":4},{"damage":0,"enemies":"3 Byrds","floor":19,"turns":4},{"damage":0,"enemies":"Colosseum Slavers","floor":21,"turns":2},{"damage":9,"enemies":"Colosseum Nobs","floor":21,"turns":3},{"damage":5,"enemies":"Book of Stabbing","floor":23,"turns":7},{"damage":10,"enemies":"Snake Plant","floor":27,"turns":3},{"damage":0,"enemies":"3 Cultists","floor":28,"turns":1},{"damage":20,"enemies":"Gremlin Leader","floor":30,"turns":6},{"damage":18,"enemies":"Shelled Parasite and Fungi","floor":31,"turns":5},{"damage":28,"enemies":"Automaton","floor":33,"turns":7},{"damage":0,"enemies":"Orb Walker","floor":35,"turns":3},{"damage":0,"enemies":"3 Shapes","floor":36,"turns":4},{"damage":0,"enemies":"Transient","floor":38,"turns":5},{"damage":18,"enemies":"4 Shapes","floor":39,"turns":4},{"damage":13,"enemies":"Sphere and 2 Shapes","floor":41,"turns":3},{"damage":13,"enemies":"Reptomancer","floor":42,"turns":5},{"damage":6,"enemies":"Spire Growth","floor":44,"turns":3},{"damage":0,"enemies":"Nemesis","floor":45,"turns":5},{"damage":5,"enemies":"Giant Head","floor":47,"turns":5},{"damage":0,"enemies":"4 Shapes","floor":48,"turns":3},{"damage":45,"enemies":"Awakened One","floor":50,"turns":9},{"damage":12,"enemies":"Shield and Spear","floor":54,"turns":6},{"damage":98,"enemies":"The Heart","floor":55,"turns":6}],"seed_played":"-7581551646605070459","potions_obtained":[{"floor":1,"key":"Fire Potion"},{"floor":8,"key":"GhostInAJar"},{"floor":16,"key":"SteroidPotion"},{"floor":19,"key":"FearPotion"},{"floor":33,"key":"FearPotion"}],"is_trial":false,"path_per_floor":["M","?","T","?","M","E","M","E","T","R","M","E","M","$","R","B",null,"M","M","?","?","$","E","$","R","T","M","M","$","E","M","R","B",null,"M","M","?","M","M","R","M","E","T","M","E","?","E","M","R","B",null,"R","$","E","B"],"character_chosen":"THE_SILENT","items_purchased":["Noxious Fumes","Deadly Poison+1","Ninja Scroll","Cloak And Dagger+1","Deadly Poison+1","Mango","Noxious Fumes"],"campfire_rested":2,"item_purchase_floors":[14,14,22,24,29,53,53],"current_hp_per_floor":[62,62,62,47,47,20,20,3,3,26,26,22,22,22,45,26,64,62,62,62,53,53,50,50,62,62,52,54,54,41,23,38,10,69,71,73,73,73,57,72,59,46,46,40,40,40,35,35,56,11,73,94,108,96,0],"gold":38,"neow_bonus":"TEN_PERCENT_HP_BONUS","is_prod":false,"is_daily":false,"chose_seed":false,"campfire_upgraded":3,"win_rate":0,"timestamp":1553908441,"path_taken":["M","?","?","?","?","E","?","E","T","R","M","E","M","$","R","BOSS","M","M","?","?","$","E","$","R","T","?","M","?","E","M","R","BOSS","M","M","?","M","M","R","M","E","T","?","E","?","E","M","R","BOSS","R","$","E","BOSS"],"build_version":"2019-01-23","purchased_purges":1,"victory":false,"max_hp_per_floor":[77,77,77,77,77,77,77,77,77,77,77,77,77,77,77,77,77,77,77,77,77,77,79,79,79,79,79,81,81,88,88,88,88,88,90,92,92,92,94,94,94,94,94,94,94,94,94,94,94,94,94,94,108,108,108],"card_choices":[{"not_picked":["Flying Knee","Slice"],"picked":"Backstab","floor":1},{"not_picked":["Eviscerate","Prepared","Distraction"],"picked":"SKIP","floor":5},{"not_picked":["Slice","Sucker Punch","Flechettes"],"picked":"SKIP","floor":6},{"not_picked":["Deflect+1","Prepared+1"],"picked":"Poisoned Stab","floor":7},{"not_picked":["Prepared+1","Accuracy"],"picked":"Leg Sweep+1","floor":8},{"not_picked":["Underhanded Strike","Masterful Stab"],"picked":"Storm of Steel+1","floor":11},{"not_picked":["PiercingWail+1","Expertise+1"],"picked":"Backflip+1","floor":12},{"not_picked":["Quick Slash","All Out Attack"],"picked":"Well Laid Plans","floor":13},{"not_picked":["Glass Knife","Venomology+1"],"picked":"Corpse Explosion+1","floor":16},{"not_picked":["Flying Knee","Flechettes+1"],"picked":"Cloak And Dagger+1","floor":18},{"not_picked":["PiercingWail+1","Distraction+1"],"picked":"Cloak And Dagger+1","floor":19},{"not_picked":["Backstab","Cloak And Dagger+1"],"picked":"Die Die Die","floor":21},{"not_picked":["Flying Knee","Deflect+1","Flechettes"],"picked":"Singing Bowl","floor":23},{"not_picked":["Sucker Punch+1","Terror+1"],"picked":"Blur+1","floor":27},{"not_picked":["Sucker Punch","Concentrate+1","Quick Slash"],"picked":"Singing Bowl","floor":28},{"not_picked":["Dash","Predator"],"picked":"PiercingWail+1","floor":30},{"not_picked":["Quick Slash","Finisher"],"picked":"Catalyst+1","floor":31},{"not_picked":["Tools of the Trade","Malaise+1"],"picked":"Envenom","floor":33},{"not_picked":["Dagger Throw","All Out Attack+1","Sucker Punch+1"],"picked":"Singing Bowl","floor":35},{"not_picked":["All Out Attack","Distraction+1","Sucker Punch+1"],"picked":"Singing Bowl","floor":36},{"not_picked":["PiercingWail+1","Tactician+1"],"picked":"Bane","floor":38},{"not_picked":["PiercingWail+1","Eviscerate+1","Acrobatics+1"],"picked":"Singing Bowl","floor":39},{"not_picked":["Deadly Poison+1","Quick Slash"],"picked":"Blur+1","floor":41},{"not_picked":["Dagger Throw+1","Slice+1"],"picked":"Catalyst+1","floor":42},{"not_picked":["Dagger Spray","Underhanded Strike+1"],"picked":"Blade Dance+1","floor":44},{"not_picked":["Grand Finale","Dagger Throw+1"],"picked":"Calculated Gamble+1","floor":45},{"not_picked":["Eviscerate","Terror+1"],"picked":"Deadly Poison+1","floor":47},{"not_picked":["Underhanded Strike","Acrobatics+1"],"picked":"Flechettes+1","floor":48},{"not_picked":["Choke","Riddle With Holes+1"],"picked":"PiercingWail+1","floor":48},{"not_picked":["Poisoned Stab+1","Outmaneuver+1"],"picked":"Caltrops","floor":54}],"player_experience":475499,"relics_obtained":[{"floor":3,"key":"Pen Nib"},{"floor":6,"key":"Toxic Egg 2"},{"floor":8,"key":"Happy Flower"},{"floor":9,"key":"Snake Skull"},{"floor":12,"key":"Nunchaku"},{"floor":21,"key":"Peace Pipe"},{"floor":21,"key":"Singing Bowl"},{"floor":23,"key":"Centennial Puzzle"},{"floor":26,"key":"Bottled Tornado"},{"floor":30,"key":"Strawberry"},{"floor":42,"key":"Gremlin Horn"},{"floor":45,"key":"Tough Bandages"},{"floor":47,"key":"Prayer Wheel"},{"floor":54,"key":"War Paint"}],"event_choices":[{"cards_removed":["Strike_G"],"damage_healed":0,"gold_gain":0,"player_choice":"Card Removal","damage_taken":0,"max_hp_gain":0,"max_hp_loss":0,"event_name":"The Cleric","floor":2,"gold_loss":50},{"damage_healed":0,"gold_gain":0,"player_choice":"Entered Light","damage_taken":15,"max_hp_gain":0,"max_hp_loss":0,"event_name":"Shining Light","floor":4,"gold_loss":0,"cards_upgraded":["Strike_G","Survivor"]},{"damage_healed":0,"gold_gain":0,"player_choice":"Simplicity","damage_taken":0,"max_hp_gain":0,"max_hp_loss":0,"event_name":"Back to Basics","floor":20,"gold_loss":0,"cards_upgraded":["Defend_G","Defend_G","Defend_G","Defend_G","Defend_G","Strike_G","Strike_G"]},{"damage_healed":0,"gold_gain":0,"player_choice":"Fight","damage_taken":0,"max_hp_gain":0,"max_hp_loss":0,"event_name":"Colosseum","floor":21,"gold_loss":0},{"damage_healed":0,"gold_gain":0,"player_choice":"Fought Nobs","damage_taken":0,"max_hp_gain":0,"max_hp_loss":0,"event_name":"Colosseum","floor":21,"gold_loss":0},{"damage_healed":0,"gold_gain":0,"player_choice":"Forge","damage_taken":0,"max_hp_gain":0,"max_hp_loss":0,"event_name":"Accursed Blacksmith","floor":37,"gold_loss":0,"cards_upgraded":["Envenom"]},{"cards_removed":["Strike_G"],"damage_healed":0,"gold_gain":0,"player_choice":"Removed Attack","damage_taken":0,"max_hp_gain":0,"max_hp_loss":0,"event_name":"Falling","floor":46,"gold_loss":0}],"is_beta":false,"boss_relics":[{"not_picked":["Fusion Hammer","Orrery"],"picked":"Eternal Feather"},{"not_picked":["Lizard Tail","Ring of the Serpent"],"picked":"Sozu"}],"items_purged_floors":[14],"is_endless":false,"potions_floor_spawned":[1,8,16,19,28,33,39,42,44,45,48],"killed_by":"The Heart","ascension_level":11}