{"gold_per_floor":[111,130,130,142,160,186,186,211,236,236,271,271,282,298,298,397,397,411,25,37,37],"floor_reached":21,"playtime":1063,"items_purged":["Bash"],"score":322,"play_id":"442407ff-3f3f-42a1-bcfe-4746ef50f563","local_time":"20181010210720","is_ascension_mode":true,"campfire_choices":[{"data":"Uppercut","floor":7,"key":"SMITH"},{"data":"Twin Strike","floor":10,"key":"SMITH"},{"floor":12,"key":"REST"},{"floor":15,"key":"REST"}],"neow_cost":"","seed_source_timestamp":88525569440336,"circlet_count":0,"master_deck":["Strike_R","Strike_R","Strike_R","Strike_R","Strike_R","Defend_R","Defend_R+1","Defend_R+1","Defend_R","AscendersBane","Uppercut+1","Twin Strike+1","Sword Boomerang","Sword Boomerang","Twin Strike","Impervious","Metallicize","Heavy Blade"],"relics":["Burning Blood","Happy Flower","Red Skull","War Paint","Dream Catcher","Paper Frog","Runic Pyramid","Matryoshka"],"potions_floor_usage":[6,16,21],"damage_taken":[{"damage":3,"enemies":"2 Louse","floor":1,"turns":4},{"damage":1,"enemies":"Cultist","floor":2,"turns":4},{"damage":7,"enemies":"Jaw Worm","floor":4,"turns":3},{"damage":11,"enemies":"Gremlin Gang","floor":5,"turns":7},{"damage":30,"enemies":"Lagavulin","floor":6,"turns":6},{"damage":18,"enemies":"Gremlin Nob","floor":8,"turns":4},{"damage":36,"enemies":"3 Sentries","floor":11,"turns":9},{"damage":0,"enemies":"3 Louse","floor":13,"turns":2},{"damage":2,"enemies":"Large Slime","floor":14,"turns":4},{"damage":30,"enemies":"Slime Boss","floor":16,"turns":6},{"damage":17,"enemies":"Shell Parasite","floor":18,"turns":5},{"damage":9,"enemies":"3 Byrds","floor":20,"turns":6},{"damage":57,"enemies":"Centurion and Healer","floor":21,"turns":6}],"seed_played":"600456795682549723","potions_obtained":[{"floor":1,"key":"Strength Potion"},{"floor":4,"key":"Poison Potion"},{"floor":13,"key":"FearPotion"},{"floor":14,"key":"SteroidPotion"}],"is_trial":false,"path_per_floor":["M","M","?","M","M","E","R","E","T","R","E","R","M","M","R","B",null,"M","$","M"],"character_chosen":"IRONCLAD","items_purchased":["Heavy Blade","Matryoshka"],"campfire_rested":2,"item_purchase_floors":[19,19],"current_hp_per_floor":[75,80,80,79,74,50,50,38,38,38,8,32,38,42,66,42,71,60,60,57,0],"gold":37,"neow_bonus":"","is_prod":false,"is_daily":false,"chose_seed":false,"campfire_upgraded":2,"win_rate":0,"timestamp":1539220040,"path_taken":["M","M","?","M","M","E","R","E","T","R","E","R","M","M","R","BOSS","M","$","M","M"],"build_version":"2018-10-09","purchased_purges":1,"victory":false,"max_hp_per_floor":[80,80,80,80,80,80,80,80,80,80,80,80,80,80,80,80,80,80,80,80,80],"card_choices":[{"not_picked":["Rupture","Havoc"],"picked":"Uppercut","floor":1},{"not_picked":["Iron Wave","Anger","True Grit"],"picked":"SKIP","floor":2},{"not_picked":["Clothesline","Heavy Blade","True Grit"],"picked":"SKIP","floor":4},{"not_picked":["Thunderclap","Fiend Fire"],"picked":"Twin Strike","floor":5},{"not_picked":["Entrench","Rupture","True Grit"],"picked":"SKIP","floor":6},{"not_picked":["Wild Strike","Armaments","Evolve"],"picked":"SKIP","floor":8},{"not_picked":["Berserk","Fire Breathing"],"picked":"Sword Boomerang","floor":11},{"not_picked":["True Grit","Disarm"],"picked":"Sword Boomerang","floor":13},{"not_picked":["Headbutt","Warcry"],"picked":"Twin Strike","floor":14},{"not_picked":["Berserk","Exhume"],"picked":"Impervious","floor":16},{"not_picked":["Iron Wave","Flex"],"picked":"Metallicize","floor":18},{"not_picked":["Power Through","Infernal Blade","Sentinel+1"],"picked":"SKIP","floor":20}],"player_experience":844584,"relics_obtained":[{"floor":6,"key":"Red Skull"},{"floor":8,"key":"War Paint"},{"floor":9,"key":"Dream Catcher"},{"floor":11,"key":"Paper Frog"}],"event_choices":[{"event_name":"WeMeetAgain","player_choice":"Potion","floor":3,"damage_taken":0}],"is_beta":true,"boss_relics":[{"not_picked":["Orrery","Coffee Dripper"],"picked":"Runic Pyramid"}],"items_purged_floors":[19],"is_endless":false,"potions_floor_spawned":[1,4,13,14],"killed_by":"Centurion and Healer","ascension_level":12}