{"gold_per_floor":[113,129,129,143,69,69,99,111,138,138,138,155,165,182,182,260,260,277,277,237,256,268,268,285,285],"floor_reached":25,"playtime":1002,"items_purged":[],"score":393,"play_id":"8cfce069-0197-464f-abac-36aed18e1ba5","local_time":"20181030022620","is_ascension_mode":true,"campfire_choices":[{"data":"Neutralize","floor":6.0,"key":"SMITH"},{"floor":15.0,"key":"REST"},{"floor":23,"key":"REST"}],"neow_cost":"NONE","seed_source_timestamp":0,"circlet_count":0,"master_deck":["Defend_G","Defend_G","Defend_G","Defend_G","Defend_G","Strike_G","Strike_G+1","Strike_G","Strike_G","Strike_G","Survivor","Neutralize+1","AscendersBane","Deadly Poison","Bane","Predator+1","Terror","Well Laid Plans","Sucker Punch","Poisoned Stab","Heel Hook","Die Die Die","Heel Hook","Ghostly","Ghostly","Ghostly","Prepared+1"],"special_seed":0,"relics":["Ring of the Snake","NeowsBlessing","StoneCalendar","Pear","Bag of Marbles","Philosopher\u0027s Stone"],"potions_floor_usage":[16,20,22,22,22,25],"damage_taken":[{"damage":0.0,"enemies":"Cultist","floor":1.0,"turns":1.0},{"damage":0.0,"enemies":"2 Louse","floor":2.0,"turns":1.0},{"damage":0.0,"enemies":"Small Slimes","floor":4.0,"turns":1.0},{"damage":6.0,"enemies":"Gremlin Nob","floor":7.0,"turns":3.0},{"damage":9.0,"enemies":"3 Louse","floor":8.0,"turns":4.0},{"damage":2.0,"enemies":"2 Fungi Beasts","floor":12.0,"turns":3.0},{"damage":4.0,"enemies":"Exordium Thugs","floor":13.0,"turns":4.0},{"damage":4.0,"enemies":"Large Slime","floor":14.0,"turns":4.0},{"damage":14,"enemies":"The Guardian","floor":16,"turns":9},{"damage":13,"enemies":"2 Thieves","floor":18,"turns":3},{"damage":0,"enemies":"Chosen","floor":21,"turns":3},{"damage":31,"enemies":"Snecko","floor":22,"turns":6},{"damage":3,"enemies":"3 Cultists","floor":24,"turns":5},{"damage":29,"enemies":"Slavers","floor":25,"turns":3}],"seed_played":"4754253764918443429","potions_obtained":[{"floor":1.0,"key":"FearPotion"},{"floor":4.0,"key":"GamblersBrew"},{"floor":7.0,"key":"Swift Potion"},{"floor":18,"key":"Block Potion"},{"floor":20,"key":"Fruit Juice"},{"floor":20,"key":"EntropicBrew"},{"floor":20,"key":"GhostInAJar"}],"is_trial":false,"path_per_floor":["M","M","T","M","$","R","E","M","T","?","?","M","M","M","R","B",null,"M","?","?","M","M","R","M"],"character_chosen":"THE_SILENT","items_purchased":["Terror"],"campfire_rested":2,"item_purchase_floors":[5],"current_hp_per_floor":[59,59,59,59,59,59,63,54,54,31,31,29,25,21,43,29,64,51,38,43,43,12,24,21,0],"gold":285,"neow_bonus":"THREE_ENEMY_KILL","is_prod":false,"is_daily":false,"chose_seed":false,"campfire_upgraded":1,"win_rate":0,"timestamp":1540891580,"path_taken":["M","M","?","M","$","R","E","M","T","?","?","M","M","M","R","BOSS","M","?","?","M","?","R","M","E"],"build_version":"2018-10-29v2","purchased_purges":0,"victory":false,"max_hp_per_floor":[66,66,66,66,66,66,76,76,76,76,76,76,76,76,76,76,76,76,38,43,43,43,43,43,43],"card_choices":[{"not_picked":["Accuracy","Blade Dance"],"picked":"Deadly Poison","floor":1.0},{"not_picked":["Slice","Backflip"],"picked":"Bane","floor":2.0},{"not_picked":["Slice","PiercingWail"],"picked":"Predator","floor":4.0},{"not_picked":["Masterful Stab","Backstab"],"picked":"Well Laid Plans","floor":7.0},{"not_picked":["Dagger Throw","Choke","Flying Knee"],"picked":"SKIP","floor":8.0},{"not_picked":["Acrobatics","Bullet Time"],"picked":"Sucker Punch","floor":12.0},{"not_picked":["Acrobatics","Bane"],"picked":"Poisoned Stab","floor":13.0},{"not_picked":["Prepared","Concentrate"],"picked":"Heel Hook","floor":14.0},{"not_picked":["Doppelganger","Tools of the Trade"],"picked":"Die Die Die","floor":16},{"not_picked":["Flying Knee","Endless Agony"],"picked":"Heel Hook","floor":18},{"not_picked":["All Out Attack+1","PiercingWail","Blade Dance"],"picked":"SKIP","floor":21},{"not_picked":["Underhanded Strike","Blade Dance","Deadly Poison"],"picked":"SKIP","floor":22},{"not_picked":["Acrobatics","Burst"],"picked":"Prepared+1","floor":24}],"player_experience":564307,"relics_obtained":[{"floor":3.0,"key":"StoneCalendar"},{"floor":7.0,"key":"Pear"},{"floor":9.0,"key":"Bag of Marbles"}],"event_choices":[{"damage_healed":0.0,"max_hp_gain":0.0,"max_hp_loss":0.0,"gold_gain":0.0,"event_name":"Shining Light","player_choice":"Entered Light","floor":10.0,"gold_loss":0.0,"damage_taken":23.0,"cards_upgraded":["Predator","Strike_G"]},{"damage_healed":0.0,"max_hp_gain":0.0,"max_hp_loss":0.0,"gold_gain":0.0,"event_name":"Scrap Ooze","player_choice":"Fled","floor":11.0,"gold_loss":0.0,"damage_taken":0.0},{"damage_healed":0,"gold_gain":0,"player_choice":"Became a Ghost","damage_taken":0,"max_hp_gain":0,"max_hp_loss":38,"event_name":"Ghosts","floor":19,"gold_loss":0,"cards_obtained":["Ghostly","Ghostly","Ghostly"]},{"damage_healed":0,"gold_gain":0,"player_choice":"Bought 3 Potions","damage_taken":0,"max_hp_gain":0,"max_hp_loss":0,"event_name":"The Woman in Blue","floor":20,"gold_loss":0}],"is_beta":true,"boss_relics":[{"not_picked":["Fusion Hammer","Black Star"],"picked":"Philosopher\u0027s Stone"}],"items_purged_floors":[],"is_endless":false,"potions_floor_spawned":[1,4,7,18,21],"killed_by":"Slavers","ascension_level":18}