{"path_per_floor":["M","M","M","M","M","R","E","M","T","E","M","$","?","?","R","B",null,"M","M","M","M","M","E","M","M","T","M","R","M","E","M","R","B",null,"M","?","M","M","M","E","M","R","T","?","E","$","T","M","R","B"],"character_chosen":"IRONCLAD","items_purchased":["Spot Weakness","Trip","Shuriken","Bottled Flame","Dark Shackles","Inflame"],"gold_per_floor":[114,129,144,159,174,174,204,219,244,274,289,115,115,148,148,248,248,263,278,293,308,323,353,368,383,408,423,423,438,468,483,483,583,583,598,621,636,651,666,696,711,711,711,711,741,205,205,220,220,220],"floor_reached":51,"campfire_rested":0,"playtime":10426,"current_hp_per_floor":[78,77,76,66,72,72,64,68,68,66,75,74,78,72,72,60,74,83,82,81,78,79,77,75,76,75,74,73,72,71,70,69,61,67,66,64,64,56,58,54,58,58,60,59,54,54,54,55,54,42],"items_purged":[],"gold":220,"score":896,"play_id":"d562376c-cab2-4bcf-b529-51ac031be4d8","local_time":"20180327131105","daily_mods":["Allstar","Terminal","Vintage"],"is_prod":false,"is_daily":true,"is_ascension_mode":false,"campfire_upgraded":6,"timestamp":1522170665,"path_taken":["M","M","M","M","M","R","E","M","T","E","M","$","?","?","R","BOSS","M","M","M","M","M","E","M","M","T","M","R","M","E","M","R","BOSS","M","?","M","M","M","E","M","R","T","?","E","$","?","M","R","BOSS"],"build_version":"2018-03-25","purchased_purges":0,"victory":true,"master_deck":["Strike_R","Strike_R+1","Strike_R","Strike_R","Strike_R+1","Defend_R","Defend_R+1","Defend_R","Defend_R+1","Bash+1","Dramatic Entrance","Enlightenment+1","Rampage+1","Sever Soul+1","Spot Weakness+1","Trip+1","Sword Boomerang+1","Demon Form+1","Fire Breathing+1","Twin Strike+1","Evolve+1","Offering+1","Heavy Blade+1","Hemokinesis+1","Body Slam+1","Dark Shackles+1","Inflame+1","Whirlwind+1"],"max_hp_per_floor":[78,77,76,75,74,73,72,71,70,69,75,74,78,77,76,75,74,83,82,81,80,79,78,77,76,75,74,73,72,71,70,69,68,67,66,65,64,63,62,61,60,59,60,59,58,57,56,55,54,53],"relics":["Burning Blood","Paper Frog","Dream Catcher","Meat on the Bone","Orichalcum","Frozen Egg 2","War Paint","Juzu Bracelet","Art of War","Toolbox","Strawberry","Prayer Wheel","Kunai","Velvet Choker","Pear","Vajra","Du-Vu Doll","Anchor","Regal Pillow","Whetstone","Toxic Egg 2","Self Forming Clay","Ancient Tea Set","Bottled Lightning","Centennial Puzzle","Pen Nib","Bag of Marbles","Bag of Preparation","Sozu","Molten Egg 2","Ginger","Singing Bowl","The Courier","Darkstone Periapt","Ice Cream","Happy Flower","Lantern","Omamori","Shuriken","Bottled Flame","Oddly Smooth Stone","Smiling Mask"],"card_choices":[{"not_picked":["Pummel","Disarm"],"picked":"Rampage","floor":7},{"not_picked":["Sentinel","Body Slam"],"picked":"Sever Soul","floor":10},{"not_picked":["Burning Pact","True Grit"],"picked":"Sword Boomerang","floor":14},{"not_picked":["Double Tap","Brutality"],"picked":"Demon Form","floor":16},{"not_picked":["Wild Strike","Thunderclap"],"picked":"Fire Breathing","floor":23},{"not_picked":["Wild Strike","Shrug It Off"],"picked":"Twin Strike","floor":26},{"not_picked":["Shrug It Off","Body Slam"],"picked":"Evolve","floor":30},{"not_picked":["Immolate","Berserk"],"picked":"Offering","floor":33},{"not_picked":["Ghostly Armor","Shrug It Off"],"picked":"Heavy Blade","floor":36},{"not_picked":["Seeing Red","Disarm"],"picked":"Hemokinesis","floor":40},{"not_picked":["Reckless Charge","Havoc"],"picked":"Body Slam","floor":45},{"not_picked":["Iron Wave","Clothesline"],"picked":"Whirlwind","floor":47}],"player_experience":607519,"potions_floor_usage":[14,50,50,50],"damage_taken":[{"damage":1,"enemies":"Jaw Worm","floor":1,"turns":3},{"damage":0,"enemies":"2 Louse","floor":2,"turns":2},{"damage":1,"enemies":"Small Slimes","floor":3,"turns":2},{"damage":16,"enemies":"Exordium Wildlife","floor":4,"turns":7},{"damage":0,"enemies":"3 Louse","floor":5,"turns":3},{"damage":14,"enemies":"Gremlin Nob","floor":7,"turns":5},{"damage":2,"enemies":"Red Slaver","floor":8,"turns":2},{"damage":8,"enemies":"Lagavulin","floor":10,"turns":7},{"damage":1,"enemies":"Blue Slaver","floor":11,"turns":2},{"damage":12,"enemies":"Lagavulin Event","floor":14,"turns":5},{"damage":18,"enemies":"The Guardian","floor":16,"turns":6},{"damage":7,"enemies":"Spheric Guardian","floor":18,"turns":4},{"damage":0,"enemies":"Chosen","floor":19,"turns":3},{"damage":0,"enemies":"Snecko","floor":20,"turns":3},{"damage":9,"enemies":"Snake Plant","floor":21,"turns":3},{"damage":0,"enemies":"Centurion and Healer","floor":22,"turns":4},{"damage":8,"enemies":"Slavers","floor":23,"turns":5},{"damage":8,"enemies":"Chosen and Byrds","floor":24,"turns":5},{"damage":1,"enemies":"Snecko","floor":25,"turns":4},{"damage":1,"enemies":"3 Cultists","floor":27,"turns":4},{"damage":1,"enemies":"Snake Plant","floor":29,"turns":2},{"damage":4,"enemies":"Book of Stabbing","floor":30,"turns":3},{"damage":0,"enemies":"Centurion and Healer","floor":31,"turns":4},{"damage":14,"enemies":"Champ","floor":33,"turns":5},{"damage":0,"enemies":"Flame Bruiser 1 Orb","floor":35,"turns":2},{"damage":8,"enemies":"Mysterious Sphere","floor":36,"turns":3},{"damage":4,"enemies":"Orb Walker","floor":37,"turns":1},{"damage":14,"enemies":"Spire Growth","floor":38,"turns":3},{"damage":4,"enemies":"Flame Bruiser 2 Orb","floor":39,"turns":3},{"damage":10,"enemies":"2 Orb Walkers","floor":40,"turns":2},{"damage":2,"enemies":"3 Darklings","floor":41,"turns":2},{"damage":11,"enemies":"Giant Head","floor":45,"turns":4},{"damage":2,"enemies":"Spire Growth","floor":48,"turns":1},{"damage":18,"enemies":"Time Eater","floor":50,"turns":4}],"event_choices":[{"event_name":"Big Fish","player_choice":"Donut","floor":13,"damage_taken":0},{"event_name":"Dead Adventurer","player_choice":"Searched \u00272\u0027 times","floor":14,"damage_taken":0},{"event_name":"Mysterious Sphere","player_choice":"Fight","floor":36,"damage_taken":0},{"event_name":"Upgrade Shrine","player_choice":"Upgraded","floor":44,"damage_taken":0}],"boss_relics":[{"not_picked":["Mark of Pain","Pandora\u0027s Box"],"picked":"Velvet Choker"},{"not_picked":["Runic Dome","Calling Bell"],"picked":"Sozu"}],"potions_floor_spawned":[1,3,5,10,14,16,18,22,23,24,29,31,35,36,39],"seed_played":"7182393064752794015","ascension_level":0,"is_trial":false}