{"gold_per_floor":[209,209,62,62,77,105,105,119,119,44,44,44,62,80,80,80],"floor_reached":16,"playtime":898,"items_purged":["Strike_R"],"score":110,"play_id":"03d78633-33ba-44a2-bb59-c6b260fa5642","local_time":"20190818204144","is_ascension_mode":true,"campfire_choices":[{"floor":7,"key":"REST"},{"data":"Bash","floor":12,"key":"SMITH"},{"data":"Power Through","floor":15,"key":"SMITH"}],"neow_cost":"NONE","seed_source_timestamp":2609651733700,"circlet_count":0,"master_deck":["Strike_R","Strike_R","Defend_R","Defend_R","Defend_R","Defend_R","Bash+1","Headbutt","Reaper","Battle Trance","Power Through+1","Pommel Strike"],"relics":["Burning Blood","Happy Flower","Oddly Smooth Stone","Gremlin Horn","Bottled Lightning"],"potions_floor_usage":[13,16,16],"damage_taken":[{"damage":6,"enemies":"Jaw Worm","floor":1,"turns":5},{"damage":0,"enemies":"Cultist","floor":5,"turns":3},{"damage":45,"enemies":"3 Sentries","floor":6,"turns":11},{"damage":0,"enemies":"Small Slimes","floor":8,"turns":3},{"damage":24,"enemies":"Gremlin Gang","floor":13,"turns":4},{"damage":0,"enemies":"Exordium Wildlife","floor":14,"turns":4},{"damage":73,"enemies":"Hexaghost","floor":16,"turns":14}],"seed_played":"-35035276175954878","potions_obtained":[{"floor":8,"key":"PowerPotion"},{"floor":13,"key":"SkillPotion"},{"floor":14,"key":"SneckoOil"}],"is_trial":false,"path_per_floor":["M","?","$","?","M","E","R","M","T","$","?","R","M","M","R","B"],"character_chosen":"IRONCLAD","items_purchased":["Oddly Smooth Stone"],"campfire_rested":1,"item_purchase_floors":[3],"current_hp_per_floor":[80,62,62,62,68,29,53,59,59,59,59,59,49,63,63,0],"gold":80,"neow_bonus":"HUNDRED_GOLD","is_prod":false,"is_daily":false,"chose_seed":false,"campfire_upgraded":2,"win_rate":0,"timestamp":1566157304,"path_taken":["M","?","$","?","?","E","R","M","T","$","?","R","?","M","R","BOSS"],"build_version":"2019-07-17","purchased_purges":1,"victory":false,"max_hp_per_floor":[80,80,80,80,80,80,80,80,80,80,80,80,80,80,80,80],"card_choices":[{"not_picked":["Sword Boomerang","Flex"],"picked":"Headbutt","floor":1},{"not_picked":["Hemokinesis","Fire Breathing","Anger"],"picked":"SKIP","floor":5},{"not_picked":["Pommel Strike","Disarm"],"picked":"Reaper","floor":6},{"not_picked":["True Grit","Reckless Charge"],"picked":"Battle Trance","floor":8},{"not_picked":["Thunderclap","Uppercut"],"picked":"Power Through","floor":13},{"not_picked":["Headbutt","Perfected Strike"],"picked":"Pommel Strike","floor":14}],"player_experience":150407,"relics_obtained":[{"floor":6,"key":"Gremlin Horn"},{"floor":9,"key":"Bottled Lightning"}],"event_choices":[{"damage_healed":0,"gold_gain":0,"player_choice":"Success","damage_taken":18,"relics_obtained":["Happy Flower"],"max_hp_gain":0,"max_hp_loss":0,"event_name":"Scrap Ooze","floor":2,"gold_loss":0},{"cards_removed":["Strike_R"],"damage_healed":0,"gold_gain":0,"player_choice":"Offered Basic","damage_taken":0,"max_hp_gain":0,"max_hp_loss":0,"event_name":"Bonfire Elementals","floor":4,"gold_loss":0},{"cards_removed":["Strike_R"],"damage_healed":0,"gold_gain":0,"player_choice":"Purged","damage_taken":0,"max_hp_gain":0,"max_hp_loss":0,"event_name":"Purifier","floor":11,"gold_loss":0}],"is_beta":false,"boss_relics":[],"items_purged_floors":[10],"is_endless":false,"potions_floor_spawned":[8,13,14],"killed_by":"Hexaghost","ascension_level":2}