{"gold_per_floor":[114,128,128,143,143,155,188,200,212,299,347,359,6,40,40,163,163,179,179,179],"floor_reached":20,"playtime":696,"items_purged":["Strike_G"],"score":230,"play_id":"4e94c26b-edd4-4cc5-96c3-720f30475869","local_time":"20190602161948","is_ascension_mode":false,"campfire_choices":[{"data":"Cloak And Dagger","floor":6,"key":"SMITH"},{"data":"Dagger Spray","floor":8,"key":"SMITH"},{"floor":12,"key":"REST"},{"data":"Replay:Bag of Tricks","floor":15,"key":"SMITH"}],"neow_cost":"NONE","seed_source_timestamp":616435303334300,"circlet_count":0,"master_deck":["Defend_G","Defend_G","Defend_G","Defend_G","Defend_G","Strike_G","Strike_G","Strike_G","Strike_G","Survivor","Neutralize","Cloak And Dagger+1","Infinite Blades","Caltrops","Dagger Spray+1","Cloak And Dagger","Replay:Bag of Tricks+1","Die Die Die","Storm of Steel","Dagger Spray"],"relics":["Ring of the Snake","NeowsBlessing","Golden Idol","MawBank","Iron Hammer","Blue Doll","Bronze Scales","ReplayTheSpireMod:TigerMarble","Black Star"],"potions_floor_usage":[14],"damage_taken":[{"damage":0,"enemies":"Small Slimes","floor":1,"turns":1},{"damage":0,"enemies":"2 Louse","floor":2,"turns":1},{"damage":0,"enemies":"Jaw Worm","floor":4,"turns":1},{"damage":2,"enemies":"Red Slaver","floor":7,"turns":4},{"damage":18,"enemies":"Gremlin Nob","floor":11,"turns":4},{"damage":2,"enemies":"3 Sentries","floor":14,"turns":4},{"damage":0,"enemies":"Slime Boss","floor":16,"turns":7},{"damage":4,"enemies":"theJungle:Flameango_and_Byrd","floor":18,"turns":4},{"damage":69,"enemies":"theJungle:MUSHROOMGANG","floor":20,"turns":5}],"seed_played":"6022623471494724670","potions_obtained":[{"floor":2,"key":"SpeedPotion"},{"floor":7,"key":"Explosive Potion"},{"floor":14,"key":"SkillPotion"},{"floor":16,"key":"Adrenaline Potion"}],"is_trial":false,"path_per_floor":["M","M","?","M","?","R","M","R","T","?","E","R","$","E","R","B",null,"M","?","M"],"character_chosen":"THE_SILENT","items_purchased":["Replay:Bag of Tricks","Bronze Scales"],"campfire_rested":1,"item_purchase_floors":[13,13],"current_hp_per_floor":[70,70,53,53,46,46,44,44,44,33,15,36,36,34,34,34,70,66,66,0],"gold":179,"neow_bonus":"THREE_ENEMY_KILL","is_prod":false,"is_daily":false,"chose_seed":false,"campfire_upgraded":3,"win_rate":0,"timestamp":1559517588,"path_taken":["M","M","?","M","?","R","M","R","T","?","E","R","$","E","R","BOSS","M","?","?"],"build_version":"2019-01-23","purchased_purges":1,"victory":false,"max_hp_per_floor":[70,70,70,70,70,70,70,70,70,70,70,70,70,70,70,70,70,70,70,70],"card_choices":[{"not_picked":["Dagger Spray","Hidden Blade"],"picked":"Cloak And Dagger","floor":1},{"not_picked":["Hidden Blade","Dagger Spray"],"picked":"Infinite Blades","floor":2},{"not_picked":["ReplayTheSpireMod:Shiv Toss","Infinite Blades"],"picked":"Caltrops","floor":4},{"not_picked":["ReplayTheSpireMod:Shiv Toss","Quick Slash"],"picked":"Dagger Spray","floor":7},{"not_picked":["Blade Dance","Caltrops"],"picked":"Cloak And Dagger","floor":11},{"not_picked":["Quick Slash","Dagger Spray"],"picked":"Die Die Die","floor":14},{"not_picked":["Replay:Bag of Tricks","Die Die Die"],"picked":"Storm of Steel","floor":16},{"not_picked":["Hidden Blade","ReplayTheSpireMod:Shiv Toss"],"picked":"Dagger Spray","floor":18}],"player_experience":1266920,"relics_obtained":[{"floor":9,"key":"Iron Hammer"},{"floor":11,"key":"Blue Doll"},{"floor":14,"key":"ReplayTheSpireMod:TigerMarble"}],"event_choices":[{"damage_healed":0,"gold_gain":0,"player_choice":"Take Damage","damage_taken":17,"relics_obtained":["Golden Idol"],"max_hp_gain":0,"max_hp_loss":0,"event_name":"Golden Idol","floor":3,"gold_loss":0},{"damage_healed":0,"gold_gain":0,"player_choice":"Success","damage_taken":7,"relics_obtained":["MawBank"],"max_hp_gain":0,"max_hp_loss":0,"event_name":"Scrap Ooze","floor":5,"gold_loss":0},{"damage_healed":0,"gold_gain":75,"player_choice":"Gather Gold","damage_taken":11,"max_hp_gain":0,"max_hp_loss":0,"event_name":"World of Goop","floor":10,"gold_loss":0},{"damage_healed":0,"gold_gain":0,"player_choice":"Bought 0 Potions","damage_taken":0,"max_hp_gain":0,"max_hp_loss":0,"event_name":"The Woman in Blue","floor":19,"gold_loss":0}],"is_beta":false,"boss_relics":[{"not_picked":["Kintsugi","Painkiller Herb"],"picked":"Black Star"}],"items_purged_floors":[13],"is_endless":false,"potions_floor_spawned":[2,7,14,16],"killed_by":"theJungle:MUSHROOMGANG","ascension_level":0}