{"gold_per_floor":[112,128,138,158,178,178,213,232,232,232,232,232,182,21,21,122,122,137,157,173,173],"floor_reached":21,"playtime":1376,"items_purged":["Strike_P"],"score":183,"play_id":"e342c238-edbb-455a-8c7b-853ae04becbb","local_time":"20190910185516","is_ascension_mode":false,"campfire_choices":[{"data":"Eruption","floor":6.0,"key":"SMITH"},{"floor":10.0,"key":"REST"},{"data":"CarveReality","floor":12.0,"key":"SMITH"},{"data":"Conclude","floor":15.0,"key":"SMITH"}],"neow_cost":"NONE","seed_source_timestamp":0,"circlet_count":0,"master_deck":["Strike_P","Defend_P","Defend_P","Defend_P","Eruption+1","Vigilance","Crescendo","BowlingBash","Worship","Protect","Conclude+1","CarveReality+1","Establishment","Protect+1","ReachHeaven","JustLucky+1","Sanctity+1","Collect+1"],"special_seed":0,"relics":["PureWater","NeowsBlessing","Darkstone Periapt","Toxic Egg 2","Empty Cage"],"potions_floor_usage":[],"damage_taken":[{"damage":0.0,"enemies":"Jaw Worm","floor":1.0,"turns":1.0},{"damage":0.0,"enemies":"Small Slimes","floor":2.0,"turns":2.0},{"damage":0.0,"enemies":"2 Louse","floor":3.0,"turns":1.0},{"damage":13.0,"enemies":"Large Slime","floor":4.0,"turns":5.0},{"damage":16.0,"enemies":"Lots of Slimes","floor":5.0,"turns":5.0},{"damage":21.0,"enemies":"Lagavulin","floor":7.0,"turns":5.0},{"damage":0.0,"enemies":"2 Fungi Beasts","floor":8.0,"turns":2.0},{"damage":20.0,"enemies":"Hexaghost","floor":16.0,"turns":10.0},{"damage":15.0,"enemies":"2 Thieves","floor":18.0,"turns":4.0},{"damage":10.0,"enemies":"Shell Parasite","floor":19.0,"turns":4.0},{"damage":8,"enemies":"Snecko","floor":20,"turns":5},{"damage":0,"enemies":"Snake Plant","floor":21,"turns":2}],"seed_played":"-8652974884156432205","potions_obtained":[{"floor":2.0,"key":"LiquidBronze"},{"floor":3.0,"key":"Explosive Potion"},{"floor":7.0,"key":"Poison Potion"}],"is_trial":false,"path_per_floor":["M","M","M","M","M","R","E","M","T","R","?","R","?","$","R","B",null,"M","M","M","M"],"character_chosen":"WATCHER","items_purchased":["Establishment","Protect+1"],"campfire_rested":1,"item_purchase_floors":[14,14],"current_hp_per_floor":[65,65,65,52,36,36,15,15,15,34,55,55,55,55,55,35,65,50,40,32,32],"gold":173,"neow_bonus":"THREE_ENEMY_KILL","is_prod":false,"is_daily":false,"chose_seed":false,"campfire_upgraded":3,"win_rate":0.0,"timestamp":1568109316,"path_taken":["M","M","M","M","M","R","E","M","T","R","?","R","?","$","R","BOSS","M","M","M","M"],"build_version":"2019-09-09v2","purchased_purges":1,"victory":false,"max_hp_per_floor":[65,65,65,65,65,65,65,65,65,65,65,65,65,65,65,65,65,65,65,65,65],"card_choices":[{"not_picked":["ThirdEye","Adaptation"],"picked":"Crescendo","floor":1.0},{"not_picked":["WreathOfFlame","CrushJoints"],"picked":"BowlingBash","floor":2.0},{"not_picked":["Weave","ForeignInfluence"],"picked":"Worship","floor":3.0},{"not_picked":["Sanctity","CutThroughFate"],"picked":"Protect","floor":4.0},{"not_picked":["Weave","Crescendo"],"picked":"Conclude","floor":5.0},{"not_picked":["BowlingBash","FlyingSleeves"],"picked":"CarveReality","floor":7.0},{"not_picked":["CrushJoints","FlyingSleeves","EmptyMind"],"picked":"SKIP","floor":8.0},{"not_picked":["Ragnarok","Pray+1"],"picked":"ReachHeaven","floor":16.0},{"not_picked":["Crescendo+1","WaveOfTheHand+1"],"picked":"JustLucky+1","floor":18.0},{"not_picked":["FearNoEvil","WaveOfTheHand+1"],"picked":"Sanctity+1","floor":19.0},{"not_picked":["Evaluate+1","WindmillStrike+1"],"picked":"Collect+1","floor":20}],"player_experience":578357,"relics_obtained":[{"floor":7.0,"key":"Darkstone Periapt"},{"floor":9.0,"key":"Toxic Egg 2"}],"event_choices":[{"damage_healed":21.0,"max_hp_gain":0.0,"max_hp_loss":0.0,"gold_gain":0.0,"event_name":"Big Fish","player_choice":"Banana","floor":11.0,"gold_loss":0.0,"damage_taken":0.0},{"cards_removed":["Strike_P"],"damage_healed":0.0,"max_hp_gain":0.0,"max_hp_loss":0.0,"gold_gain":0.0,"event_name":"The Cleric","player_choice":"Card Removal","floor":13.0,"gold_loss":50.0,"damage_taken":0.0}],"is_beta":true,"boss_relics":[{"not_picked":["Snecko Eye","Velvet Choker"],"picked":"Empty Cage"}],"items_purged_floors":[14],"is_endless":false,"potions_floor_spawned":[2,3,7,19],"killed_by":"Snake Plant","ascension_level":0}