{"gold_per_floor":[115,190,202,13,13,13,13,13,40,40,70,85,113,125,137,247,259,271],"floor_reached":18,"playtime":2028,"items_purged":[],"score":166,"play_id":"9b001d00-0c68-40ac-abc5-cf96246bd3c4","local_time":"20190707123401","is_ascension_mode":false,"campfire_choices":[{"floor":6,"key":"REST"},{"data":"Bash","floor":8,"key":"SMITH"},{"data":"Power Through","floor":10,"key":"SMITH"},{"data":"Shrug It Off","floor":15,"key":"SMITH"}],"neow_cost":"NONE","seed_source_timestamp":4648001249100,"circlet_count":0,"master_deck":["Strike_R","Strike_R","Strike_R","Strike_R","Defend_R","Defend_R","Defend_R","Defend_R","Bash+1","Heavy Blade","Shrug It Off+1","Power Through+1","Ghostly Armor","Burning Pact","Shockwave","Thunderclap","Bludgeon"],"relics":["Burning Blood","PreservedInsect","Unceasing Top","Lantern","Meat on the Bone","MawBank","Eternal Feather"],"potions_floor_usage":[13,13,16],"damage_taken":[{"damage":4,"enemies":"Small Slimes","floor":1,"turns":4},{"damage":1,"enemies":"Cultist","floor":3,"turns":4},{"damage":14,"enemies":"3 Sentries","floor":11,"turns":8},{"damage":0,"enemies":"2 Louse","floor":12,"turns":2},{"damage":13,"enemies":"Lagavulin","floor":13,"turns":7},{"damage":36,"enemies":"The Guardian","floor":16,"turns":18},{"damage":7,"enemies":"3 Byrds","floor":18,"turns":6}],"seed_played":"7886274172402753944","potions_obtained":[{"floor":1,"key":"SpeedPotion"},{"floor":12,"key":"Strength Potion"},{"floor":13,"key":"Explosive Potion"}],"is_trial":false,"path_per_floor":["M","?","M","$","?","R","?","R","T","R","E","M","E","?","R","B",null,"M"],"character_chosen":"IRONCLAD","items_purchased":["PreservedInsect","Ghostly Armor"],"campfire_rested":1,"item_purchase_floors":[4,4],"current_hp_per_floor":[80,72,77,77,52,76,81,81,81,81,73,79,72,72,72,54,85,78],"gold":271,"neow_bonus":"THREE_CARDS","is_prod":false,"is_daily":false,"chose_seed":false,"campfire_upgraded":3,"win_rate":0,"timestamp":1562499241,"path_taken":["M","?","M","?","?","R","?","R","T","R","E","M","E","?","R","BOSS","M"],"build_version":"2019-07-05","purchased_purges":0,"victory":false,"max_hp_per_floor":[80,80,80,80,80,80,85,85,85,85,85,85,85,85,85,85,85,85],"card_choices":[{"not_picked":["Cleave","Anger"],"picked":"Heavy Blade","floor":0},{"not_picked":["Disarm","Pommel Strike"],"picked":"Shrug It Off","floor":1},{"not_picked":["Anger","Rupture"],"picked":"Power Through","floor":3},{"not_picked":["Metallicize","Whirlwind"],"picked":"Burning Pact","floor":11},{"not_picked":["Intimidate","Sword Boomerang"],"picked":"Shockwave","floor":12},{"not_picked":["Heavy Blade","Combust","Power Through"],"picked":"SKIP","floor":13},{"not_picked":["Feed","Fiend Fire"],"picked":"Bludgeon","floor":16}],"player_experience":43389,"relics_obtained":[{"floor":9,"key":"Lantern"},{"floor":11,"key":"Meat on the Bone"},{"floor":13,"key":"MawBank"}],"event_choices":[{"damage_healed":0,"gold_gain":75,"player_choice":"Touch","damage_taken":8,"max_hp_gain":0,"max_hp_loss":0,"event_name":"FaceTrader","floor":2,"gold_loss":0},{"damage_healed":0,"gold_gain":0,"player_choice":"Success","damage_taken":25,"relics_obtained":["Unceasing Top"],"max_hp_gain":0,"max_hp_loss":0,"event_name":"Scrap Ooze","floor":5,"gold_loss":0},{"damage_healed":0,"gold_gain":0,"player_choice":"Donut","damage_taken":0,"max_hp_gain":5,"max_hp_loss":0,"event_name":"Big Fish","floor":7,"gold_loss":0},{"damage_healed":0,"gold_gain":0,"cards_transformed":["Strike_R"],"player_choice":"Change","damage_taken":0,"max_hp_gain":0,"max_hp_loss":0,"event_name":"Living Wall","floor":14,"gold_loss":0,"cards_obtained":["Thunderclap"]}],"is_beta":false,"boss_relics":[{"not_picked":["Philosopher\u0027s Stone","Mark of Pain"],"picked":"Eternal Feather"}],"items_purged_floors":[],"is_endless":false,"potions_floor_spawned":[1,12,13],"killed_by":"3 Byrds","ascension_level":0}