{"gold_per_floor":[111,2,2,2,15,42,42,69,95,195,205,215,215,227,227,328,328,345,345,345,362,380,380],"floor_reached":23,"playtime":679,"items_purged":["Shame"],"score":322,"play_id":"f0b4ddbb-4382-46d1-8d74-95d41bcf4727","local_time":"20190408234818","is_ascension_mode":true,"campfire_choices":[{"floor":7,"key":"REST"},{"data":"Backstab","floor":13,"key":"SMITH"},{"data":"Deadly Poison","floor":15,"key":"SMITH"}],"neow_cost":"CURSE","seed_source_timestamp":267060826981113,"circlet_count":0,"master_deck":["AscendersBane","Defend_G","Defend_G","Defend_G","Defend_G","Defend_G","Strike_G","Strike_G+1","Strike_G","Strike_G","Strike_G","Survivor","Neutralize+1","Deadly Poison+1","Well Laid Plans","Quick Slash","Bane","Backstab+1","Poisoned Stab","Blade Dance","Deadly Poison+1","Die Die Die","Noxious Fumes","Dagger Throw","Acrobatics","Backstab"],"relics":["Ring of the Snake","Gremlin Horn","Nloth\u0027s Gift"],"potions_floor_usage":[16,16,23],"damage_taken":[{"damage":12,"enemies":"Cultist","floor":1,"turns":6},{"damage":0,"enemies":"Jaw Worm","floor":5,"turns":3},{"damage":26,"enemies":"Lagavulin","floor":6,"turns":6},{"damage":22,"enemies":"3 Sentries","floor":8,"turns":10},{"damage":0,"enemies":"Small Slimes","floor":11,"turns":2},{"damage":8,"enemies":"3 Louse","floor":12,"turns":2},{"damage":9,"enemies":"Red Slaver","floor":14,"turns":2},{"damage":21,"enemies":"The Guardian","floor":16,"turns":10},{"damage":2,"enemies":"Chosen","floor":18,"turns":4},{"damage":27,"enemies":"Spheric Guardian","floor":21,"turns":5},{"damage":25,"enemies":"Centurion and Healer","floor":22,"turns":6},{"damage":17,"enemies":"Cultist and Chosen","floor":23,"turns":5}],"seed_played":"-2795978830530571977","potions_obtained":[{"floor":6,"key":"GamblersBrew"},{"floor":8,"key":"GhostInAJar"},{"floor":16,"key":"Regen Potion"},{"floor":18,"key":"Dexterity Potion"}],"is_trial":false,"path_per_floor":["M","$","?","?","M","E","R","E","T","?","M","M","R","M","R","B",null,"M","?","?","M","M","M"],"character_chosen":"THE_SILENT","items_purchased":["Well Laid Plans"],"campfire_rested":1,"item_purchase_floors":[2],"current_hp_per_floor":[65,65,48,48,48,22,62,40,40,40,40,32,32,23,23,2,64,62,62,62,35,10,7],"gold":380,"neow_bonus":"TWENTY_PERCENT_HP_BONUS","is_prod":false,"is_daily":false,"chose_seed":false,"campfire_upgraded":2,"win_rate":0,"timestamp":1554788898,"path_taken":["M","?","?","?","M","E","R","E","T","?","M","M","R","?","R","BOSS","M","?","?","M","?","M"],"build_version":"2019-01-23","purchased_purges":1,"victory":false,"max_hp_per_floor":[84,84,84,84,84,84,84,84,84,84,84,84,84,84,84,84,84,84,84,84,84,84,84],"card_choices":[{"not_picked":["Flying Knee","Infinite Blades"],"picked":"Deadly Poison","floor":1},{"not_picked":["Choke","Expertise"],"picked":"Quick Slash","floor":5},{"not_picked":["Phantasmal Killer","Deflect"],"picked":"Bane","floor":6},{"not_picked":["Dodge and Roll","Concentrate"],"picked":"Backstab","floor":8},{"not_picked":["All Out Attack","Reflex"],"picked":"Poisoned Stab","floor":11},{"not_picked":["Eviscerate","Slice"],"picked":"Blade Dance","floor":12},{"not_picked":["Acrobatics","Well Laid Plans"],"picked":"Deadly Poison","floor":14},{"not_picked":["Bullet Time","Unload"],"picked":"Die Die Die","floor":16},{"not_picked":["Sucker Punch","Setup"],"picked":"Noxious Fumes","floor":18},{"not_picked":["PiercingWail","Well Laid Plans"],"picked":"Acrobatics","floor":21},{"not_picked":["Acrobatics","Outmaneuver"],"picked":"Backstab","floor":22}],"player_experience":504278,"relics_obtained":[{"floor":6,"key":"Regal Pillow"},{"floor":8,"key":"Gremlin Horn"}],"event_choices":[{"damage_healed":0,"gold_gain":0,"player_choice":"Entered Light","damage_taken":17,"max_hp_gain":0,"max_hp_loss":0,"event_name":"Shining Light","floor":3,"gold_loss":0,"cards_upgraded":["Strike_G","Deadly Poison"]},{"damage_healed":0,"gold_gain":0,"player_choice":"Grow","damage_taken":0,"max_hp_gain":0,"max_hp_loss":0,"event_name":"Living Wall","floor":4,"gold_loss":0,"cards_upgraded":["Neutralize"]},{"damage_healed":0,"gold_gain":100,"player_choice":"Pray","damage_taken":0,"max_hp_gain":0,"max_hp_loss":0,"event_name":"Golden Shrine","floor":10,"gold_loss":0},{"damage_healed":0,"gold_gain":0,"player_choice":"Read","damage_taken":0,"max_hp_gain":0,"max_hp_loss":0,"event_name":"The Library","floor":19,"gold_loss":0,"cards_obtained":["Dagger Throw"]},{"damage_healed":0,"gold_gain":0,"player_choice":"Traded Relic","damage_taken":0,"relics_obtained":["Nloth\u0027s Gift"],"max_hp_gain":0,"max_hp_loss":0,"event_name":"N\u0027loth","floor":20,"relics_lost":["Regal Pillow"],"gold_loss":0}],"is_beta":false,"boss_relics":[{"not_picked":["HoveringKite","Coffee Dripper","Snecko Eye"]}],"items_purged_floors":[2],"is_endless":false,"potions_floor_spawned":[6,8,16,18,21],"killed_by":"Cultist and Chosen","ascension_level":12}