{"gold_per_floor":[115,29,49,64,75,75,106,106,157,167,167,179,197,214,214,214],"floor_reached":16,"playtime":873,"items_purged":[],"score":201,"play_id":"8242e0d3-2ec7-48c7-ba7a-78426afb3a6d","local_time":"20180921165519","is_ascension_mode":true,"campfire_choices":[{"floor":6,"key":"REST"},{"data":"Coolheaded","floor":8,"key":"SMITH"},{"floor":11,"key":"REST"},{"data":"Fission","floor":15,"key":"SMITH"}],"neow_cost":"NONE","seed_source_timestamp":73086663964556,"circlet_count":0,"master_deck":["Strike_B","Strike_B","Strike_B","Strike_B","Defend_B","Defend_B","Defend_B","Defend_B","Zap","Dualcast","AscendersBane","Fission+1","Hologram","Recycle","Streamline","Beam Cell","Coolheaded+1","Cold Snap+1","Recycle","Sweeping Beam+1"],"relics":["Cracked Core","Molten Egg 2","Centennial Puzzle"],"potions_floor_usage":[5,13,16,16],"damage_taken":[{"damage":8,"enemies":"Small Slimes","floor":1,"turns":3},{"damage":9,"enemies":"Jaw Worm","floor":3,"turns":3},{"damage":0,"enemies":"2 Louse","floor":4,"turns":2},{"damage":11,"enemies":"Red Slaver","floor":5,"turns":3},{"damage":46,"enemies":"3 Sentries","floor":7,"turns":10},{"damage":4,"enemies":"Looter","floor":10,"turns":4},{"damage":6,"enemies":"3 Louse","floor":12,"turns":3},{"damage":7,"enemies":"Exordium Wildlife","floor":13,"turns":3},{"damage":1,"enemies":"Looter","floor":14,"turns":4},{"damage":16,"enemies":"Hexaghost","floor":16,"turns":9}],"seed_played":"-8905492172829312971","potions_obtained":[{"floor":1,"key":"GamblersBrew"},{"floor":4,"key":"Ancient Potion"},{"floor":10,"key":"Dexterity Potion"},{"floor":13,"key":"Poison Potion"},{"floor":14,"key":"Block Potion"}],"is_trial":false,"path_per_floor":["M","$","M","M","M","R","E","R","T","M","R","M","M","M","R"],"character_chosen":"DEFECT","items_purchased":["Recycle"],"campfire_rested":2,"item_purchase_floors":[2],"current_hp_per_floor":[56,56,47,47,36,57,11,11,11,7,28,22,15,14,14,0],"gold":214,"neow_bonus":"ONE_RANDOM_RARE_CARD","is_prod":false,"is_daily":false,"chose_seed":false,"campfire_upgraded":2,"win_rate":0,"timestamp":1537574119,"path_taken":["M","$","M","M","M","R","E","R","T","M","R","M","M","M","R","BOSS"],"build_version":"2018-09-20","purchased_purges":0,"victory":false,"max_hp_per_floor":[71,71,71,71,71,71,71,71,71,71,71,71,71,71,71,71],"card_choices":[{"not_picked":["BootSequence","Conserve Battery"],"picked":"Hologram","floor":1},{"not_picked":["Storm","Rebound"],"picked":"Streamline","floor":3},{"not_picked":["Stack","Gash"],"picked":"Beam Cell","floor":4},{"not_picked":["Capacitor","Stack"],"picked":"Coolheaded","floor":5},{"not_picked":["Rebound","Conserve Battery","Chaos"],"picked":"SKIP","floor":7},{"not_picked":["Blizzard+1","Hologram"],"picked":"Cold Snap+1","floor":10},{"not_picked":["Leap","Conserve Battery"],"picked":"Recycle","floor":12},{"not_picked":["White Noise","Coolheaded","Redo"],"picked":"SKIP","floor":13},{"not_picked":["Barrage+1","Redo"],"picked":"Sweeping Beam+1","floor":14}],"player_experience":507723,"relics_obtained":[{"floor":7,"key":"Molten Egg 2"},{"floor":9,"key":"Centennial Puzzle"}],"event_choices":[],"is_beta":true,"boss_relics":[],"items_purged_floors":[],"is_endless":false,"potions_floor_spawned":[1,4,10,13,14],"killed_by":"Hexaghost","ascension_level":18}