{"path_per_floor":["M","?","$","?","M","?","E","R","T","M","M","E","M","M","R"],"character_chosen":"IRONCLAD","items_purchased":[],"gold_per_floor":[118,118,43,43,68,68,141,141,168,192,211,251,264,285,285],"floor_reached":16,"campfire_rested":2,"playtime":4196,"current_hp_per_floor":[80,85,85,68,73,73,40,65,65,66,60,24,30,36,61],"items_purged":["Strike_R"],"gold":285,"play_id":"8e05e4b7-610e-423f-9b0f-2d5639d94f99","is_prod":false,"is_daily":false,"campfire_rituals":0,"campfire_upgraded":0,"is_hardmode":false,"path_taken":["M","?","$","?","M","?","E","R","T","M","M","E","M","M","R","BOSS"],"build_version":"2017-12-18-BETA2","purchased_purges":1,"victory":false,"master_deck":["Strike_R","Strike_R","Strike_R","Strike_R","Defend_R","Defend_R","Defend_R","Defend_R","Bash","Flex","Flame Barrier","Heavy Blade","Rampage","Corruption","Metallicize","Feel No Pain","Sever Soul","Body Slam"],"max_hp_per_floor":[80,85,85,85,85,85,85,85,85,85,85,85,85,85,85],"relics":["Burning Blood","Lantern","Golden Idol","Tiny Chest","Dream Catcher","Frozen Egg"],"campfire_meditates":0,"card_choices":[{"not_picked":["Second Wind","Warcry"],"picked":"Flex"},{"not_picked":["Twin Strike","Disarm"],"picked":"Flame Barrier"},{"not_picked":["Dual Wield","Twin Strike"],"picked":"Heavy Blade"},{"not_picked":["Anger","Perfected Strike"],"picked":"Rampage"},{"not_picked":["Reckless Charge","Rampage"],"picked":"Corruption"},{"not_picked":["Body Slam","Burning Pact"],"picked":"Metallicize"},{"not_picked":["Warcry","Clash"],"picked":"Feel No Pain"},{"not_picked":["Clothesline","Cleave"],"picked":"Sever Soul"},{"not_picked":["Bloodletting","Rupture"],"picked":"Body Slam"}],"player_experience":61713,"potions_floor_usage":[16,16,16],"damage_taken":[{"damage":1,"enemies":"Jaw Worm","floor":1,"turns":3},{"damage":1,"enemies":"Cultist","floor":5,"turns":3},{"damage":39,"enemies":"Gremlin Nob","floor":7,"turns":6},{"damage":5,"enemies":"Looter","floor":10,"turns":3},{"damage":12,"enemies":"Gremlin Gang","floor":11,"turns":6},{"damage":42,"enemies":"3 Sentries","floor":12,"turns":8},{"damage":0,"enemies":"3 Louse","floor":13,"turns":3},{"damage":0,"enemies":"2 Fungi Beasts","floor":14,"turns":4},{"damage":65,"enemies":"Hexaghost","floor":16,"turns":9}],"event_choices":[{"event_name":"Big Fish","player_choice":"Donut","floor":2,"damage_taken":0},{"event_name":"Golden Idol","player_choice":"Take Damage","floor":4,"damage_taken":0},{"event_name":"Liars Game","player_choice":"disagreed","floor":6,"damage_taken":0}],"boss_relics":[],"potions_floor_spawned":[1,10,12],"seed_played":"-7210851674088653293","killed_by":"Hexaghost","is_trial":false}