{"gold_per_floor":[116,133,133,133,83,83,114,134,157,232,232,242,242,256,256,361,361,374,389,404,419,329,329,340,340,340,351,362,86,102,102],"floor_reached":31,"playtime":4987,"items_purged":[],"score":241,"play_id":"9b1e90c3-2efd-4486-b59b-7a08d465a604","local_time":"20190909204948","is_ascension_mode":false,"campfire_choices":[{"data":"Eruption","floor":6,"key":"SMITH"},{"data":"EmptyBody","floor":11,"key":"SMITH"},{"floor":15,"key":"REST"},{"floor":23,"key":"REST"},{"data":"ThirdEye","floor":25,"key":"SMITH"}],"neow_cost":"NONE","seed_source_timestamp":20915958940400,"circlet_count":0,"master_deck":["Defend_P","Eruption+1","Vigilance","CarveReality","EmptyBody+1","FollowUp","Worship","Fasting","EmptyFist","DeusExMachina","EmptyMind+1","FollowUp+1","EmptyBody+1","BowlingBash+1","Evaluate","Collect+1","Brilliance","ThirdEye+1","Protect+1","CutThroughFate","Nirvana","Sanctity"],"relics":["PureWater","NeowsBlessing","Toy Ornithopter","Oddly Smooth Stone","Astrolabe","Blue Candle","Tiny Chest"],"potions_floor_usage":[12,16,16,18,21,28],"damage_taken":[{"damage":0,"enemies":"2 Louse","floor":1,"turns":1},{"damage":0,"enemies":"Small Slimes","floor":2,"turns":1},{"damage":9,"enemies":"3 Sentries","floor":7,"turns":2},{"damage":1,"enemies":"Cultist","floor":8,"turns":4},{"damage":3,"enemies":"Lots of Slimes","floor":12,"turns":6},{"damage":6,"enemies":"Exordium Wildlife","floor":14,"turns":2},{"damage":44,"enemies":"The Guardian","floor":16,"turns":13},{"damage":23,"enemies":"3 Byrds","floor":18,"turns":11},{"damage":19,"enemies":"Spheric Guardian","floor":19,"turns":4},{"damage":8,"enemies":"Centurion and Healer","floor":20,"turns":6},{"damage":7,"enemies":"Shelled Parasite and Fungi","floor":21,"turns":7},{"damage":0,"enemies":"Cultist and Chosen","floor":24,"turns":6},{"damage":0,"enemies":"Centurion and Healer","floor":27,"turns":6},{"damage":13,"enemies":"Snake Plant","floor":28,"turns":5},{"damage":57,"enemies":"Cultist and Chosen","floor":30,"turns":10},{"damage":0,"enemies":"3 Cultists","floor":31,"turns":1}],"seed_played":"-5795220139108225447","potions_obtained":[{"floor":7,"key":"Poison Potion"},{"floor":8,"key":"Block Potion"},{"floor":14,"key":"Block Potion"},{"floor":16,"key":"Regen Potion"},{"floor":18,"key":"Weak Potion"},{"floor":27,"key":"DuplicationPotion"},{"floor":28,"key":"FairyPotion"},{"floor":30,"key":"EssenceOfSteel"}],"is_trial":false,"path_per_floor":["M","M","?","?","?","R","E","M","T","?","R","M","?","M","R","B",null,"M","M","M","M","?","R","M","R","T","M","M","$","M","M"],"character_chosen":"WATCHER","items_purchased":["Nirvana","Tiny Chest"],"campfire_rested":2,"item_purchase_floors":[29,29],"current_hp_per_floor":[65,65,70,63,63,63,54,53,53,42,42,44,44,38,59,25,70,67,48,40,38,38,59,59,59,59,59,51,51,17,17],"gold":102,"neow_bonus":"THREE_ENEMY_KILL","is_prod":false,"is_daily":false,"chose_seed":false,"campfire_upgraded":3,"win_rate":0.0,"timestamp":1568058588,"path_taken":["M","M","?","?","?","R","E","M","T","?","R","M","?","M","R","BOSS","M","M","M","M","?","R","M","R","T","M","?","$","?","M"],"build_version":"2019-09-09","purchased_purges":0,"victory":false,"max_hp_per_floor":[65,65,70,70,70,70,70,70,70,70,70,70,70,70,70,70,70,70,70,70,70,70,70,70,70,70,70,70,70,70,70],"card_choices":[{"not_picked":["Crescendo","Swivel"],"picked":"CarveReality","floor":1},{"not_picked":["Weave","Meditate"],"picked":"EmptyBody","floor":2},{"not_picked":["Crescendo","SandsOfTime"],"picked":"FollowUp","floor":7},{"not_picked":["Weave","FollowUp"],"picked":"Worship","floor":8},{"not_picked":["EmptyMind","ReachHeaven"],"picked":"Fasting","floor":12},{"not_picked":["Weave","FollowUp"],"picked":"EmptyFist","floor":14},{"not_picked":["ReachHeaven","Judgement"],"picked":"DeusExMachina","floor":16},{"not_picked":["Halt","Protect"],"picked":"BowlingBash+1","floor":18},{"not_picked":["Tantrum","Fasting"],"picked":"Evaluate","floor":19},{"not_picked":["Meditate","Swivel+1"],"picked":"Collect","floor":20},{"not_picked":["EmptyBody","ThirdEye"],"picked":"Brilliance","floor":21},{"not_picked":["CrushJoints","FollowUp"],"picked":"ThirdEye","floor":24},{"not_picked":["Weave+1","EmptyBody"],"picked":"Protect+1","floor":27},{"not_picked":["Weave","BowlingBash"],"picked":"CutThroughFate","floor":28},{"not_picked":["CutThroughFate+1","Consecrate"],"picked":"Sanctity","floor":30}],"player_experience":189900,"relics_obtained":[{"floor":7,"key":"Toy Ornithopter"},{"floor":9,"key":"Oddly Smooth Stone"},{"floor":26,"key":"Blue Candle"}],"event_choices":[{"damage_healed":0,"gold_gain":0,"player_choice":"Donut","damage_taken":0,"max_hp_gain":5,"max_hp_loss":0,"event_name":"Big Fish","floor":3,"gold_loss":0},{"cards_removed":["Strike_P"],"damage_healed":0,"gold_gain":0,"player_choice":"Card Removal","damage_taken":7,"max_hp_gain":0,"max_hp_loss":0,"event_name":"Golden Wing","floor":4,"gold_loss":0},{"cards_removed":["Strike_P"],"damage_healed":0,"gold_gain":0,"player_choice":"Card Removal","damage_taken":0,"max_hp_gain":0,"max_hp_loss":0,"event_name":"The Cleric","floor":5,"gold_loss":50},{"damage_healed":0,"gold_gain":75,"player_choice":"Gather Gold","damage_taken":11,"max_hp_gain":0,"max_hp_loss":0,"event_name":"World of Goop","floor":10,"gold_loss":0},{"cards_removed":["Strike_P"],"damage_healed":0,"gold_gain":0,"player_choice":"Card Removal","damage_taken":0,"max_hp_gain":0,"max_hp_loss":0,"event_name":"Wheel of Change","floor":13,"gold_loss":0},{"cards_removed":["Defend_P"],"damage_healed":0,"gold_gain":0,"player_choice":"Upgrade and Remove","damage_taken":0,"max_hp_gain":0,"max_hp_loss":0,"event_name":"Designer","floor":22,"gold_loss":90,"cards_upgraded":["Collect"]}],"is_beta":true,"boss_relics":[{"not_picked":["Busted Crown","Runic Dome"],"picked":"Astrolabe"}],"items_purged_floors":[],"is_endless":false,"potions_floor_spawned":[7,8,14,16,18,27,28,30],"killed_by":"3 Cultists","ascension_level":0}