{"path_per_floor":["M","?","M","$","M","R","E","$","T","$","?","E","R","M","R","B",null,"M","M","?","$"],"character_chosen":"IRONCLAD","items_purchased":["Carnage","Spot Weakness","Apotheosis","Block Potion"],"gold_per_floor":[115,115,128,51,68,68,94,23,23,23,78,110,110,122,122,224,224,238,255,505,198,198],"floor_reached":22,"campfire_rested":2,"playtime":2189,"current_hp_per_floor":[74,58,54,54,59,59,49,49,49,49,49,25,49,34,58,14,64,51,15,15,15,0],"items_purged":["Regret"],"gold":198,"score":288,"play_id":"5af86f25-0bd4-4977-9b9a-5fbc25d1a6ea","local_time":"20180515160418","is_prod":false,"is_daily":false,"chose_seed":false,"is_ascension_mode":true,"campfire_upgraded":1,"timestamp":1526414658,"path_taken":["M","?","?","$","M","R","E","$","T","?","?","E","R","?","R","BOSS","M","M","?","$","M"],"build_version":"2018-05-14v2","seed_source_timestamp":75500238408666,"purchased_purges":1,"victory":false,"master_deck":["Strike_R+1","Strike_R","Strike_R","Strike_R","Strike_R","Defend_R","Defend_R","Defend_R","Defend_R","Bash+1","AscendersBane","Exhume","Pommel Strike","Cleave","Carnage+1","Ghostly Armor","Spot Weakness","Searing Blow+1","Twin Strike+1","Demon Form","Sword Boomerang+1","Apotheosis"],"max_hp_per_floor":[80,80,80,80,80,80,80,80,80,80,80,80,80,80,80,80,80,80,80,80,80,80],"relics":["Burning Blood","Molten Egg 2","Question Card","Blood Vial","Runic Cube"],"card_choices":[{"not_picked":["Shrug It Off","Havoc"],"picked":"Pommel Strike","floor":1},{"not_picked":["Flex","Anger"],"picked":"Cleave","floor":3},{"not_picked":["Sever Soul","Body Slam","Anger"],"picked":"SKIP","floor":5},{"not_picked":["Headbutt","Seeing Red"],"picked":"Ghostly Armor","floor":7},{"not_picked":["Corruption","Whirlwind+1","Havoc"],"picked":"Searing Blow+1","floor":12},{"not_picked":["Carnage+1","Evolve","Corruption"],"picked":"Twin Strike+1","floor":14},{"not_picked":["Limit Break","Exhume","Berserk"],"picked":"Demon Form","floor":16},{"not_picked":["Clash+1","Evolve+1","Clothesline+1","Anger+1"],"picked":"SKIP","floor":18},{"not_picked":["Armaments","Flex","Flame Barrier"],"picked":"Sword Boomerang+1","floor":19}],"player_experience":765208,"potions_floor_usage":[12,16,22],"damage_taken":[{"damage":4,"enemies":"Small Slimes","floor":1,"turns":4},{"damage":10,"enemies":"2 Louse","floor":3,"turns":3},{"damage":1,"enemies":"Cultist","floor":5,"turns":3},{"damage":16,"enemies":"Gremlin Nob","floor":7,"turns":3},{"damage":30,"enemies":"Lagavulin","floor":12,"turns":6},{"damage":23,"enemies":"Exordium Thugs","floor":14,"turns":3},{"damage":52,"enemies":"Hexaghost","floor":16,"turns":9},{"damage":21,"enemies":"Spheric Guardian","floor":18,"turns":4},{"damage":44,"enemies":"Shell Parasite","floor":19,"turns":7},{"damage":20,"enemies":"Snecko","floor":22,"turns":4}],"relics_obtained":[{"floor":7,"key":"Molten Egg 2"},{"floor":9,"key":"Question Card"},{"floor":12,"key":"Blood Vial"}],"event_choices":[{"event_name":"Shining Light","player_choice":"Entered Light","floor":2,"damage_taken":0},{"event_name":"Golden Wing","player_choice":"Gained Gold","floor":11,"damage_taken":0},{"event_name":"Golden Shrine","player_choice":"Desecrate","floor":20,"damage_taken":0}],"boss_relics":[{"not_picked":["Black Star","Runic Dome"],"picked":"Runic Cube"}],"potions_floor_spawned":[7,12,19],"seed_played":"-944363856519205952","killed_by":"Snecko","ascension_level":10,"potions_obtained":[{"floor":7,"key":"FearPotion"},{"floor":12,"key":"FearPotion"},{"floor":19,"key":"SpeedPotion"}],"is_trial":false}