{"gold_per_floor":[111,130,141,152,77,88,111,111,111,36,36,48,48,79,79,158,158,174,274,41,52,0,0,31,31,31,31,0,0,0,74,74,148,148,164,115,127,127,3,3,22,22,22,35,54,54,69,84,84,84],"floor_reached":50,"playtime":2446,"items_purged":["Strike_G","Strike_G"],"score":918,"play_id":"52578da0-270e-4a05-82d4-c24bcf7ef6e6","local_time":"20180920220750","is_ascension_mode":true,"campfire_choices":[{"data":"Skewer","floor":8.0,"key":"SMITH"},{"data":"Neutralize","floor":11.0,"key":"SMITH"},{"data":"Terror","floor":15.0,"key":"SMITH"},{"floor":23.0,"key":"REST"},{"data":"1","floor":25.0,"key":"LIFT"},{"data":"2","floor":27.0,"key":"LIFT"},{"data":"3","floor":30.0,"key":"LIFT"},{"floor":32.0,"key":"REST"},{"floor":40.0,"key":"REST"},{"floor":42.0,"key":"REST"},{"floor":49,"key":"REST"}],"neow_cost":"NONE","seed_source_timestamp":3765896460770,"circlet_count":0,"master_deck":["Defend_G","Defend_G","Defend_G","Defend_G","Survivor","Neutralize+1","AscendersBane","Skewer+1","Flying Knee","PiercingWail","Masterful Stab","Venomology","Outmaneuver","Terror+1","Adrenaline","Slice+1","Dash","Footwork","Acrobatics","Well Laid Plans","Adrenaline","Choke+1","A Thousand Cuts+1","Dagger Throw+1","Escape Plan","Dodge and Roll","Well Laid Plans+1","Footwork","Outmaneuver","Prepared+1","Madness","Madness","Dodge and Roll+1"],"special_seed":0,"relics":["Ring of the Snake","Vajra","Strawberry","Snake Skull","Fusion Hammer","Girya","Ornamental Fan","Bag of Preparation","Happy Flower","FaceOfCleric","Dodecahedron","Astrolabe","PreservedInsect"],"potions_floor_usage":[48,50,50,50],"damage_taken":[{"damage":0.0,"enemies":"Cultist","floor":1.0,"turns":3.0},{"damage":0.0,"enemies":"Jaw Worm","floor":2.0,"turns":3.0},{"damage":0.0,"enemies":"Small Slimes","floor":3.0,"turns":3.0},{"damage":2.0,"enemies":"3 Louse","floor":4.0,"turns":4.0},{"damage":4.0,"enemies":"Lots of Slimes","floor":6.0,"turns":4.0},{"damage":4.0,"enemies":"Blue Slaver","floor":12.0,"turns":4.0},{"damage":18.0,"enemies":"Gremlin Nob","floor":14.0,"turns":4.0},{"damage":15.0,"enemies":"Slime Boss","floor":16.0,"turns":6.0},{"damage":0.0,"enemies":"Chosen","floor":18.0,"turns":4.0},{"damage":6.0,"enemies":"Colosseum Slavers","floor":19.0,"turns":3.0},{"damage":46.0,"enemies":"Colosseum Nobs","floor":19.0,"turns":4.0},{"damage":0.0,"enemies":"3 Byrds","floor":21.0,"turns":6.0},{"damage":2.0,"enemies":"Gremlin Leader","floor":24.0,"turns":5.0},{"damage":0.0,"enemies":"Automaton","floor":33.0,"turns":6.0},{"damage":0.0,"enemies":"3 Shapes","floor":35.0,"turns":3.0},{"damage":4.0,"enemies":"3 Darklings","floor":37.0,"turns":4.0},{"damage":0.0,"enemies":"Maw","floor":41.0,"turns":5.0},{"damage":0.0,"enemies":"Reptomancer","floor":44.0,"turns":2.0},{"damage":0.0,"enemies":"4 Shapes","floor":45.0,"turns":5.0},{"damage":6.0,"enemies":"Maw","floor":47.0,"turns":6.0},{"damage":7,"enemies":"Jaw Worm Horde","floor":48,"turns":2},{"damage":83,"enemies":"Donu and Deca","floor":50,"turns":13}],"seed_played":"2771614311527981010","potions_obtained":[{"floor":3.0,"key":"GhostInAJar"},{"floor":4.0,"key":"Energy Potion"},{"floor":14.0,"key":"SpeedPotion"},{"floor":19.0,"key":"SteroidPotion"},{"floor":21.0,"key":"AttackPotion"},{"floor":33.0,"key":"AttackPotion"},{"floor":35.0,"key":"FearPotion"},{"floor":44.0,"key":"LiquidBronze"},{"floor":48,"key":"Swift Potion"}],"is_trial":false,"path_per_floor":["M","M","M","M","$","M","T","R","T","?","R","M","?","E","R","B",null,"M","?","$","M","$","R","E","R","T","R","?","?","R","T","R","B",null,"M","$","M","?","$","R","M","R","T","M","M","?","M","M","R"],"character_chosen":"THE_SILENT","items_purchased":["Footwork","Fruit Juice","SpeedPotion","Dodge and Roll","Footwork","Outmaneuver"],"campfire_rested":5,"item_purchase_floors":[20,20,22,36,39,39],"current_hp_per_floor":[59,59,59,57,57,53,53,53,60,60,60,56,56,38,38,23,61,61,9,14,14,14,37,35,35,35,35,35,35,35,35,58,59,74,75,75,72,72,72,81,82,82,82,83,84,69,64,58,83,0],"gold":84,"neow_bonus":"THREE_CARDS","is_prod":false,"is_daily":false,"chose_seed":false,"campfire_upgraded":3,"win_rate":0,"timestamp":1537506470,"path_taken":["M","?","M","M","$","M","?","R","T","?","R","M","?","E","R","BOSS","M","?","$","M","?","R","E","R","T","R","?","?","R","?","R","BOSS","M","$","M","?","$","R","?","R","T","?","M","?","M","M","R","BOSS"],"build_version":"2018-09-20","purchased_purges":2,"victory":false,"max_hp_per_floor":[66,66,66,66,66,66,66,66,73,73,73,73,73,73,73,73,73,73,73,78,78,78,78,78,78,78,78,78,78,78,78,78,79,79,80,80,81,81,81,81,82,82,82,83,84,84,85,86,86,86],"card_choices":[{"not_picked":["Deadly Poison","PiercingWail"],"picked":"Skewer","floor":0.0},{"not_picked":["Calculated Gamble","Poisoned Stab"],"picked":"Flying Knee","floor":1.0},{"not_picked":["Sucker Punch","Cloak And Dagger"],"picked":"PiercingWail","floor":2.0},{"not_picked":["PiercingWail","Quick Slash"],"picked":"Masterful Stab","floor":3.0},{"not_picked":["Blade Dance","Cloak And Dagger"],"picked":"Venomology","floor":4.0},{"not_picked":["Tactician","Bane"],"picked":"Outmaneuver","floor":6.0},{"not_picked":["Masterful Stab","Dodge and Roll"],"picked":"Terror","floor":12.0},{"not_picked":["Underhanded Strike","Dash","Wraith Form v2"],"picked":"SKIP","floor":14.0},{"not_picked":["Grand Finale","Burst"],"picked":"Adrenaline","floor":16.0},{"not_picked":["Underhanded Strike","Flying Knee"],"picked":"Slice+1","floor":18.0},{"not_picked":["Prepared","Eviscerate"],"picked":"Dash","floor":19.0},{"not_picked":["PiercingWail+1","Bane"],"picked":"Acrobatics","floor":21.0},{"not_picked":["Outmaneuver","Deadly Poison"],"picked":"Well Laid Plans","floor":24.0},{"not_picked":["Phantasmal Killer","Night Terror"],"picked":"Adrenaline","floor":33.0},{"not_picked":["Prepared","All Out Attack+1"],"picked":"Escape Plan","floor":35.0},{"not_picked":["Deflect","Blade Dance"],"picked":"Well Laid Plans+1","floor":37.0},{"not_picked":["Bouncing Flask","Underhanded Strike","Dodge and Roll"],"picked":"SKIP","floor":41.0},{"not_picked":["Choke","Reflex","Catalyst+1"],"picked":"SKIP","floor":44.0},{"not_picked":["Dodge and Roll","Dash"],"picked":"Prepared+1","floor":45.0},{"not_picked":["Concentrate+1","Flying Knee+1","Slice"],"picked":"SKIP","floor":47.0},{"not_picked":["Outmaneuver","Deadly Poison"],"picked":"Dodge and Roll+1","floor":48}],"player_experience":500592,"relics_obtained":[{"floor":7.0,"key":"Vajra"},{"floor":9.0,"key":"Strawberry"},{"floor":14.0,"key":"Snake Skull"},{"floor":19.0,"key":"Girya"},{"floor":19.0,"key":"Ornamental Fan"},{"floor":24.0,"key":"Bag of Preparation"},{"floor":26.0,"key":"Happy Flower"},{"floor":31.0,"key":"Dodecahedron"},{"floor":43.0,"key":"PreservedInsect"}],"event_choices":[{"event_name":"The Cleric","player_choice":"Card Removal","floor":10.0,"damage_taken":0.0},{"event_name":"Match and Keep!","player_choice":"0 cards matched","floor":13.0,"damage_taken":0.0},{"event_name":"Match and Keep!","player_choice":"0 cards matched","floor":13.0,"damage_taken":0.0},{"event_name":"Colosseum","player_choice":"Fight","floor":19.0,"damage_taken":0.0},{"event_name":"Colosseum","player_choice":"Fought Nobs","floor":19.0,"damage_taken":0.0},{"event_name":"Masked Bandits","player_choice":"Paid Fearfully","floor":28.0,"damage_taken":0.0},{"event_name":"FaceTrader","player_choice":"Trade","floor":29.0,"damage_taken":0.0},{"event_name":"Tomb of Lord Red Mask","player_choice":"Ignored","floor":38.0,"damage_taken":0.0},{"event_name":"Winding Halls","player_choice":"Embrace Madness","floor":46.0,"damage_taken":0.0}],"is_beta":true,"boss_relics":[{"not_picked":["Ectoplasm","WristBlade"],"picked":"Fusion Hammer"},{"not_picked":["Philosopher\u0027s Stone","Sozu"],"picked":"Astrolabe"}],"items_purged_floors":[5,20],"is_endless":false,"potions_floor_spawned":[3,4,14,19,21,33,35,44,47,48],"killed_by":"Donu and Deca","ascension_level":15}