{"gold_per_floor":[113,113,40,40,40,73,73,86,86,114,126,143,168,185,185,284,284,303,164,164,164,164,164,189,189,216,233,260,260,273,273,273,372,372,383,400,1,20,40,67,67,96,96,96,115,115,144,160,160,160],"floor_reached":50,"playtime":1955,"items_purged":[],"score":904,"play_id":"29765261-58d6-4970-949d-97504077f215","local_time":"20190212192156","is_ascension_mode":true,"campfire_choices":[{"data":"Bouncing Flask","floor":7,"key":"SMITH"},{"data":"Catalyst","floor":15,"key":"SMITH"},{"data":"Well Laid Plans","floor":23,"key":"SMITH"},{"data":"Wraith Form v2","floor":29,"key":"SMITH"},{"data":"Footwork","floor":32,"key":"SMITH"},{"data":"Cloak And Dagger","floor":41,"key":"SMITH"},{"data":"Catalyst","floor":49,"key":"SMITH"}],"neow_cost":"NONE","seed_source_timestamp":783150450220334,"circlet_count":0,"master_deck":["Defend_G+1","Defend_G","Defend_G","Defend_G","Defend_G","Survivor","Neutralize+1","Infinite Blades+1","Well Laid Plans+1","Bouncing Flask+1","Poisoned Stab","Choke","Catalyst+1","Backflip","Glass Knife","Catalyst+1","Adrenaline","Wraith Form v2+1","Bite","Bite","Bite","Bite","Bite","Cloak And Dagger+1","Bouncing Flask+1","Deadly Poison+1","Cloak And Dagger","Footwork+1","Footwork","Poisoned Stab","Prepared+1","Crippling Poison","Master of Strategy","Poisoned Stab+1","Backstab+1","Dodge and Roll+1","Poisoned Stab+1","Backflip+1"],"relics":["Ring of the Snake","NeowsBlessing","Meat on the Bone","Anchor","Mummified Hand","Oddly Smooth Stone","Potion Belt","Empty Cage","Pear","Omamori","Orichalcum","White Beast Statue","TwistedFunnel","Dream Catcher","Bottled Tornado","Molten Egg 2","Boot"],"potions_floor_usage":[6,24,33,36,36,40,40,48,50],"damage_taken":[{"damage":0,"enemies":"Jaw Worm","floor":1,"turns":1},{"damage":0,"enemies":"Lagavulin","floor":6,"turns":2},{"damage":0,"enemies":"2 Louse","floor":8,"turns":1},{"damage":14,"enemies":"Gremlin Nob","floor":10,"turns":4},{"damage":0,"enemies":"Small Slimes","floor":11,"turns":3},{"damage":25,"enemies":"Exordium Thugs","floor":12,"turns":4},{"damage":15,"enemies":"Lagavulin","floor":13,"turns":4},{"damage":1,"enemies":"Lots of Slimes","floor":14,"turns":3},{"damage":26,"enemies":"The Guardian","floor":16,"turns":5},{"damage":16,"enemies":"Spheric Guardian","floor":18,"turns":4},{"damage":36,"enemies":"Book of Stabbing","floor":24,"turns":6},{"damage":0,"enemies":"Chosen","floor":27,"turns":3},{"damage":9,"enemies":"Slavers","floor":28,"turns":5},{"damage":5,"enemies":"Shelled Parasite and Fungi","floor":30,"turns":5},{"damage":28,"enemies":"Automaton","floor":33,"turns":11},{"damage":38,"enemies":"3 Darklings","floor":35,"turns":5},{"damage":10,"enemies":"3 Shapes","floor":36,"turns":5},{"damage":4,"enemies":"Sphere and 2 Shapes","floor":38,"turns":5},{"damage":7,"enemies":"4 Shapes","floor":39,"turns":4},{"damage":36,"enemies":"Nemesis","floor":40,"turns":5},{"damage":10,"enemies":"Giant Head","floor":42,"turns":6},{"damage":0,"enemies":"Transient","floor":45,"turns":5},{"damage":27,"enemies":"Nemesis","floor":47,"turns":5},{"damage":9,"enemies":"Sphere and 2 Shapes","floor":48,"turns":7},{"damage":46,"enemies":"Awakened One","floor":50,"turns":3}],"seed_played":"5669779553996832168","potions_obtained":[{"floor":1,"key":"PowerPotion"},{"floor":6,"key":"Block Potion"},{"floor":11,"key":"Dexterity Potion"},{"floor":13,"key":"SkillPotion"},{"floor":16,"key":"GhostInAJar"},{"floor":27,"key":"EssenceOfSteel"},{"floor":28,"key":"Ancient Potion"},{"floor":35,"key":"GhostInAJar"},{"floor":36,"key":"FearPotion"},{"floor":38,"key":"PowerPotion"},{"floor":40,"key":"EssenceOfSteel"},{"floor":42,"key":"Block Potion"},{"floor":48,"key":"PowerPotion"}],"is_trial":false,"path_per_floor":["M","?","$","?","?","E","R","M","T","E","M","M","E","M","R","B",null,"M","$","?","?","T","R","E","?","T","M","E","R","M","?","R","B",null,"M","M","$","M","M","E","R","E","T","?","M","$","E","M","R","B"],"character_chosen":"THE_SILENT","items_purchased":["Well Laid Plans","Wraith Form v2","TwistedFunnel","Crippling Poison","Master of Strategy"],"campfire_rested":0,"item_purchase_floors":[3,19,37,37,37],"current_hp_per_floor":[63,60,60,46,46,46,46,46,46,44,44,31,28,39,39,25,59,43,43,30,30,30,30,28,28,28,32,33,33,34,34,34,30,54,32,40,40,42,41,27,27,37,37,37,39,39,28,35,35,0],"gold":160,"neow_bonus":"THREE_ENEMY_KILL","is_prod":false,"is_daily":false,"chose_seed":false,"campfire_upgraded":7,"win_rate":0,"timestamp":1550024516,"path_taken":["M","?","$","?","?","E","R","M","T","E","M","M","E","M","R","BOSS","M","$","?","?","?","R","E","?","T","M","E","R","?","?","R","BOSS","M","M","$","M","M","E","R","E","T","?","?","$","E","M","R","BOSS"],"build_version":"2019-01-23","purchased_purges":0,"victory":false,"max_hp_per_floor":[70,70,70,70,70,70,70,70,70,70,70,70,70,70,70,70,70,70,70,75,52,52,52,62,62,62,62,62,62,62,62,62,62,62,62,62,62,62,62,62,62,62,62,62,62,62,62,62,62,62],"card_choices":[{"not_picked":["Cloak And Dagger","PiercingWail"],"picked":"Infinite Blades","floor":1},{"not_picked":["Dagger Spray","Dodge and Roll"],"picked":"Bouncing Flask","floor":6},{"not_picked":["Backstab","Bouncing Flask"],"picked":"Poisoned Stab","floor":8},{"not_picked":["Caltrops","Eviscerate"],"picked":"Choke","floor":10},{"not_picked":["Prepared","Cloak And Dagger"],"picked":"Catalyst","floor":11},{"not_picked":["Bane","Predator"],"picked":"Backflip","floor":12},{"not_picked":["Acrobatics","Choke"],"picked":"Glass Knife","floor":13},{"not_picked":["PiercingWail","Deadly Poison"],"picked":"Catalyst","floor":14},{"not_picked":["Venomology","Storm of Steel"],"picked":"Adrenaline","floor":16},{"not_picked":["Outmaneuver+1","Skewer","Setup"],"picked":"SKIP","floor":18},{"not_picked":["Sucker Punch","Accuracy"],"picked":"Cloak And Dagger","floor":24},{"not_picked":["Quick Slash","Expertise"],"picked":"Deadly Poison+1","floor":27},{"not_picked":["Deflect+1","Prepared"],"picked":"Cloak And Dagger","floor":28},{"not_picked":["Storm of Steel","PiercingWail"],"picked":"Footwork","floor":30},{"not_picked":["Acrobatics+1","Deflect"],"picked":"Poisoned Stab","floor":35},{"not_picked":["Sucker Punch","Deflect+1"],"picked":"Prepared+1","floor":36},{"not_picked":["PiercingWail+1","Prepared"],"picked":"Poisoned Stab+1","floor":38},{"not_picked":["Footwork","All Out Attack","Dash"],"picked":"SKIP","floor":39},{"not_picked":["Sucker Punch+1","Eviscerate"],"picked":"Backstab+1","floor":40},{"not_picked":["Bane","Endless Agony"],"picked":"Dodge and Roll+1","floor":42},{"not_picked":["Blur","Calculated Gamble"],"picked":"Poisoned Stab+1","floor":45},{"not_picked":["Slice+1","Deflect","Heel Hook+1"],"picked":"SKIP","floor":47},{"not_picked":["Dash+1","Grand Finale+1"],"picked":"Backflip+1","floor":48}],"player_experience":356863,"relics_obtained":[{"floor":6,"key":"Anchor"},{"floor":9,"key":"Mummified Hand"},{"floor":10,"key":"Oddly Smooth Stone"},{"floor":13,"key":"Potion Belt"},{"floor":24,"key":"Pear"},{"floor":26,"key":"Omamori"},{"floor":28,"key":"Orichalcum"},{"floor":40,"key":"Dream Catcher"},{"floor":42,"key":"Bottled Tornado"},{"floor":43,"key":"Molten Egg 2"},{"floor":47,"key":"Boot"}],"event_choices":[{"damage_healed":0,"gold_gain":0,"player_choice":"Success","damage_taken":3,"relics_obtained":["Meat on the Bone"],"max_hp_gain":0,"max_hp_loss":0,"event_name":"Scrap Ooze","floor":2,"gold_loss":0},{"damage_healed":0,"gold_gain":0,"player_choice":"Entered Light","damage_taken":14,"max_hp_gain":0,"max_hp_loss":0,"event_name":"Shining Light","floor":4,"gold_loss":0,"cards_upgraded":["Infinite Blades","Defend_G"]},{"damage_healed":0,"gold_gain":0,"player_choice":"Grow","damage_taken":0,"max_hp_gain":0,"max_hp_loss":0,"event_name":"Living Wall","floor":5,"gold_loss":0,"cards_upgraded":["Neutralize"]},{"damage_healed":0,"gold_gain":0,"player_choice":"Shed Blood","damage_taken":18,"max_hp_gain":5,"max_hp_loss":0,"event_name":"Forgotten Altar","floor":20,"gold_loss":0},{"damage_healed":0,"gold_gain":0,"player_choice":"Became a vampire","damage_taken":0,"max_hp_gain":0,"max_hp_loss":23,"event_name":"Vampires","floor":21,"gold_loss":0,"cards_obtained":["Bite","Bite","Bite","Bite","Bite"]},{"damage_healed":0,"gold_gain":0,"player_choice":"Copied","damage_taken":0,"max_hp_gain":0,"max_hp_loss":0,"event_name":"Duplicator","floor":25,"gold_loss":0,"cards_obtained":["Bouncing Flask"]},{"damage_healed":0,"gold_gain":0,"player_choice":"Read","damage_taken":0,"max_hp_gain":0,"max_hp_loss":0,"event_name":"The Library","floor":31,"gold_loss":0,"cards_obtained":["Footwork"]},{"damage_healed":0,"gold_gain":0,"player_choice":"Bought 0 Potions","damage_taken":0,"max_hp_gain":0,"max_hp_loss":0,"event_name":"The Woman in Blue","floor":44,"gold_loss":0}],"is_beta":false,"boss_relics":[{"not_picked":["Sozu","Velvet Choker"],"picked":"Empty Cage"},{"not_picked":["Runic Pyramid","HoveringKite"],"picked":"White Beast Statue"}],"items_purged_floors":[],"is_endless":false,"potions_floor_spawned":[1,6,11,13,16,27,28,30,35,36,38,39,40,42,45,47,48],"killed_by":"Awakened One","ascension_level":6}