{"gold_per_floor":[114,125,125,90,102,102,115,146,194,205,205,219,15,32,32,133,133,150,150,0,16,27,27,43,43,43,43,71,90,5,40,40,145,145,155,223,223,273,323,351,351,351],"floor_reached":42,"playtime":2416,"items_purged":[],"score":754,"play_id":"b3118625-dace-4a94-b6bc-f96140fb38a3","local_time":"20180917170755","is_ascension_mode":true,"campfire_choices":[{"data":"Spot Weakness","floor":6,"key":"SMITH"},{"floor":11,"key":"REST"},{"data":"Whirlwind","floor":15,"key":"SMITH"},{"data":"Beam Cell","floor":23,"key":"SMITH"},{"floor":25,"key":"REST"},{"data":"Heavy Blade","floor":27,"key":"SMITH"},{"data":"Double Tap","floor":32,"key":"SMITH"},{"data":"Apotheosis","floor":41,"key":"SMITH"}],"neow_cost":"PERCENT_DAMAGE","seed_source_timestamp":151506615790975,"circlet_count":0,"master_deck":["Strike_R","Strike_R","Strike_R","Strike_R","Defend_R","Defend_R","Defend_R","Bash","AscendersBane","Demon Form","Pommel Strike","Clash","Spot Weakness+1","Reckless Charge","Heavy Blade+1","Whirlwind+1","Double Tap+1","Limit Break","Rip and Tear","Beam Cell+1","Apotheosis+1","Writhe"],"relics":["Burning Blood","Meat on the Bone","Vajra","PrismaticShard","Philosopher\u0027s Stone","Pen Nib","Smiling Mask","Red Mask","PreservedInsect","Oddly Smooth Stone","Mark of Pain","Darkstone Periapt","SsserpentHead","Shuriken"],"potions_floor_usage":[24,29,33,42,42],"damage_taken":[{"damage":11,"enemies":"Cultist","floor":1,"turns":4},{"damage":12,"enemies":"Small Slimes","floor":2,"turns":4},{"damage":13,"enemies":"Jaw Worm","floor":5,"turns":4},{"damage":12,"enemies":"Large Slime","floor":7,"turns":5},{"damage":35,"enemies":"3 Sentries","floor":8,"turns":7},{"damage":10,"enemies":"3 Louse","floor":10,"turns":3},{"damage":31,"enemies":"Exordium Thugs","floor":12,"turns":4},{"damage":0,"enemies":"Exordium Wildlife","floor":14,"turns":3},{"damage":36,"enemies":"Hexaghost","floor":16,"turns":7},{"damage":13,"enemies":"3 Byrds","floor":18,"turns":2},{"damage":16,"enemies":"Chosen","floor":21,"turns":2},{"damage":35,"enemies":"Centurion and Healer","floor":22,"turns":3},{"damage":20,"enemies":"Snecko","floor":24,"turns":3},{"damage":0,"enemies":"Masked Bandits","floor":28,"turns":2},{"damage":7,"enemies":"Chosen and Byrds","floor":29,"turns":3},{"damage":25,"enemies":"Slavers","floor":31,"turns":4},{"damage":48,"enemies":"Automaton","floor":33,"turns":6},{"damage":13,"enemies":"Orb Walker","floor":35,"turns":3},{"damage":51,"enemies":"2 Orb Walkers","floor":40,"turns":4},{"damage":95,"enemies":"Nemesis","floor":42,"turns":4}],"seed_played":"-2652049596746515563","potions_obtained":[{"floor":1,"key":"Strength Potion"},{"floor":7,"key":"Fire Potion"},{"floor":28,"key":"Fire Potion"},{"floor":29,"key":"Dexterity Potion"},{"floor":35,"key":"Ancient Potion"}],"is_trial":false,"path_per_floor":["M","M","?","?","M","R","M","E","T","M","R","M","$","M","R","B",null,"M","?","$","M","M","R","M","R","T","R","?","M","?","E","R","B",null,"M","T","?","?","?","E","R"],"character_chosen":"IRONCLAD","items_purchased":["PrismaticShard","Limit Break"],"campfire_rested":2,"item_purchase_floors":[13,20],"current_hp_per_floor":[46,40,40,60,53,53,47,18,18,26,50,37,37,55,55,37,69,62,62,62,52,35,35,33,57,57,57,63,62,62,55,55,25,66,59,59,59,59,85,52,52,0],"gold":351,"neow_bonus":"THREE_RARE_CARDS","is_prod":false,"is_daily":false,"chose_seed":false,"campfire_upgraded":6,"win_rate":0,"timestamp":1537218475,"path_taken":["M","?","?","?","?","R","M","E","T","M","R","M","?","M","R","BOSS","M","?","$","M","M","R","M","R","T","R","?","M","?","E","R","BOSS","M","?","?","?","?","E","R","E"],"build_version":"2018-09-12","purchased_purges":0,"victory":false,"max_hp_per_floor":[80,80,80,80,80,80,80,80,80,80,80,80,80,80,80,80,80,80,80,80,80,80,80,80,80,80,80,80,80,80,80,80,80,80,80,80,80,80,86,86,86,86],"card_choices":[{"not_picked":["Offering","Dark Embrace"],"picked":"Demon Form","floor":0},{"not_picked":["Metallicize","Clothesline"],"picked":"Pommel Strike","floor":1},{"not_picked":["Iron Wave","Blood for Blood"],"picked":"Clash","floor":2},{"not_picked":["Feel No Pain","Intimidate","Warcry"],"picked":"SKIP","floor":5},{"not_picked":["Cleave","Bloodletting"],"picked":"Reckless Charge","floor":7},{"not_picked":["Headbutt","Thunderclap","Flex"],"picked":"SKIP","floor":8},{"not_picked":["Wild Strike","Pummel"],"picked":"Heavy Blade","floor":10},{"not_picked":["Bloodletting","Power Through"],"picked":"Whirlwind","floor":12},{"not_picked":["Havoc","Burning Pact","Havoc"],"picked":"SKIP","floor":14},{"not_picked":["Secret Technique","Secret Weapon"],"picked":"Double Tap","floor":16},{"not_picked":["Whirlwind","Outmaneuver","Sucker Punch"],"picked":"SKIP","floor":18},{"not_picked":["Armaments","Conserve Battery"],"picked":"Rip and Tear","floor":21},{"not_picked":["Iron Wave+1","Clash"],"picked":"Beam Cell","floor":22},{"not_picked":["Go for the Eyes+1","Compile Driver","Barrage"],"picked":"SKIP","floor":24},{"not_picked":["Body Slam","Deflect","Pommel Strike"],"picked":"SKIP","floor":29},{"not_picked":["Caltrops","Flame Barrier","Sweeping Beam"],"picked":"SKIP","floor":31},{"not_picked":["Rainbow","Biased Cognition"],"picked":"Apotheosis","floor":33},{"not_picked":["Dark Shackles","Double Energy+1","Prepared"],"picked":"SKIP","floor":35},{"not_picked":["Steam","Body Slam","A Thousand Cuts"],"picked":"SKIP","floor":40}],"player_experience":829113,"relics_obtained":[{"floor":8,"key":"Meat on the Bone"},{"floor":9,"key":"Vajra"},{"floor":26,"key":"Smiling Mask"},{"floor":28,"key":"Red Mask"},{"floor":31,"key":"Oddly Smooth Stone"},{"floor":36,"key":"Darkstone Periapt"},{"floor":40,"key":"Shuriken"}],"event_choices":[{"event_name":"Transmorgrifier","player_choice":"Transform","floor":3,"damage_taken":0},{"event_name":"The Cleric","player_choice":"Healed","floor":4,"damage_taken":0},{"event_name":"The Mausoleum","player_choice":"Yes","floor":19,"damage_taken":0},{"event_name":"Masked Bandits","player_choice":"Fought Bandits","floor":28,"damage_taken":0},{"event_name":"Addict","player_choice":"Obtained Relic","floor":30,"damage_taken":0},{"event_name":"FaceTrader","player_choice":"Trade","floor":37,"damage_taken":0},{"event_name":"Falling","player_choice":"Removed Skill","floor":38,"damage_taken":0},{"event_name":"Winding Halls","player_choice":"Writhe","floor":39,"damage_taken":0}],"is_beta":true,"boss_relics":[{"not_picked":["Orrery","Runic Pyramid"],"picked":"Philosopher\u0027s Stone"},{"not_picked":["Cursed Key","Busted Crown"],"picked":"Mark of Pain"}],"items_purged_floors":[],"is_endless":false,"potions_floor_spawned":[1,7,10,12,16,18,21,28,29,31,35],"killed_by":"Nemesis","ascension_level":12}