{"gold_per_floor":[115,129,145,62,62,87,104,104,104,117,127,127,127,150,150,270,270,295,3,16,16,35,35,54,54,105,138,163,175,187,223,235,376,388,419,431],"floor_reached":36,"playtime":6489,"items_purged":["Strike_R"],"score":389,"play_id":"eda49124-0da1-49dd-9a5e-b1f8c87f730e","local_time":"20190707142241","is_ascension_mode":true,"campfire_choices":[{"data":"True Grit","floor":8,"key":"SMITH"},{"data":"Bash","floor":15,"key":"SMITH"},{"data":"Metallicize","floor":23,"key":"SMITH"},{"data":"Demon Form","floor":25,"key":"SMITH"},{"data":"Flame Barrier","floor":30,"key":"SMITH"},{"data":"Evolve","floor":32,"key":"SMITH"}],"neow_cost":"NONE","seed_source_timestamp":6705513936800,"circlet_count":0,"master_deck":["Strike_R","Strike_R","Defend_R","Defend_R","Defend_R","Defend_R","Bash+1","True Grit+1","Power Through","Armaments+1","Whirlwind","Body Slam","Evolve+1","Pommel Strike","Burning Pact","Intimidate","Demon Form+1","Shrug It Off","Metallicize+1","Shrug It Off","Disarm","Uppercut","Pommel Strike","Flame Barrier+1","Seeing Red","Limit Break","True Grit+1"],"relics":["Burning Blood","Pear","Torii","Golden Idol","Sozu","Oddly Smooth Stone","Gremlin Horn","MawBank","Eternal Feather"],"potions_floor_usage":[6,11,18,24],"damage_taken":[{"damage":5,"enemies":"Jaw Worm","floor":1,"turns":5},{"damage":2,"enemies":"Small Slimes","floor":2,"turns":4},{"damage":6,"enemies":"Cultist","floor":3,"turns":5},{"damage":15,"enemies":"3 Sentries","floor":6,"turns":5},{"damage":1,"enemies":"Lots of Slimes","floor":7,"turns":3},{"damage":1,"enemies":"Blue Slaver","floor":10,"turns":4},{"damage":7,"enemies":"Exordium Thugs","floor":11,"turns":4},{"damage":1,"enemies":"3 Louse","floor":14,"turns":5},{"damage":44,"enemies":"Slime Boss","floor":16,"turns":12},{"damage":12,"enemies":"3 Byrds","floor":18,"turns":5},{"damage":6,"enemies":"Chosen","floor":20,"turns":7},{"damage":2,"enemies":"Shelled Parasite and Fungi","floor":22,"turns":7},{"damage":1,"enemies":"Centurion and Healer","floor":24,"turns":8},{"damage":10,"enemies":"Sentry and Sphere","floor":27,"turns":10},{"damage":2,"enemies":"Cultist and Chosen","floor":28,"turns":9},{"damage":17,"enemies":"Centurion and Healer","floor":31,"turns":6},{"damage":1,"enemies":"Champ","floor":33,"turns":12},{"damage":1,"enemies":"Orb Walker","floor":35,"turns":5},{"damage":92,"enemies":"2 Orb Walkers","floor":36,"turns":11}],"seed_played":"4357519326707483185","potions_obtained":[{"floor":2,"key":"Energy Potion"},{"floor":3,"key":"Poison Potion"},{"floor":11,"key":"LiquidBronze"},{"floor":14,"key":"Explosive Potion"}],"is_trial":false,"path_per_floor":["M","M","M","$","?","E","M","R","T","M","M","?","?","M","R","B",null,"M","$","M","T","M","R","M","R","T","M","M","?","R","M","R","B",null,"M","?"],"character_chosen":"IRONCLAD","items_purchased":["Armaments","Whirlwind","Oddly Smooth Stone","Metallicize"],"campfire_rested":0,"item_purchase_floors":[4,4,19,19],"current_hp_per_floor":[88,88,88,88,88,89,94,94,94,98,97,91,91,91,91,53,91,85,85,85,85,89,89,91,91,91,87,91,91,91,80,80,85,91,91,0],"gold":431,"neow_bonus":"TEN_PERCENT_HP_BONUS","is_prod":false,"is_daily":false,"chose_seed":false,"campfire_upgraded":6,"win_rate":0,"timestamp":1562505761,"path_taken":["M","M","M","$","?","E","M","R","T","M","M","?","?","M","R","BOSS","M","$","M","?","M","R","M","R","T","?","M","?","R","M","R","BOSS","M","?"],"build_version":"2019-07-05","purchased_purges":1,"victory":false,"max_hp_per_floor":[88,88,88,88,88,98,98,98,98,98,98,91,91,91,91,91,91,91,91,91,91,91,91,91,91,91,91,91,91,91,91,91,91,91,91,91],"card_choices":[{"not_picked":["Flex","Iron Wave"],"picked":"True Grit","floor":1},{"not_picked":["Clash","Rampage"],"picked":"Power Through","floor":2},{"not_picked":["Cleave","Corruption","Clash"],"picked":"SKIP","floor":3},{"not_picked":["Pommel Strike","Wild Strike"],"picked":"Body Slam","floor":6},{"not_picked":["Heavy Blade","Flex"],"picked":"Evolve","floor":7},{"not_picked":["Armaments","Fire Breathing"],"picked":"Pommel Strike","floor":10},{"not_picked":["Infernal Blade","Whirlwind"],"picked":"Burning Pact","floor":11},{"not_picked":["Anger","Double Tap"],"picked":"Intimidate","floor":14},{"not_picked":["Juggernaut","Limit Break"],"picked":"Demon Form","floor":16},{"not_picked":["True Grit+1","Searing Blow"],"picked":"Shrug It Off","floor":18},{"not_picked":["Body Slam","Sever Soul+1"],"picked":"Shrug It Off","floor":20},{"not_picked":["Rupture","True Grit"],"picked":"Disarm","floor":22},{"not_picked":["Clothesline","Armaments"],"picked":"Uppercut","floor":24},{"not_picked":["Anger","Clothesline"],"picked":"Pommel Strike","floor":27},{"not_picked":["Iron Wave+1","Anger"],"picked":"Flame Barrier","floor":28},{"not_picked":["Sever Soul","Power Through","Clash+1"],"picked":"SKIP","floor":31},{"not_picked":["Juggernaut","Brutality"],"picked":"Limit Break","floor":33},{"not_picked":["Rampage+1","Shrug It Off"],"picked":"True Grit+1","floor":35}],"player_experience":45417,"relics_obtained":[{"floor":6,"key":"Pear"},{"floor":9,"key":"Torii"},{"floor":21,"key":"Gremlin Horn"},{"floor":26,"key":"MawBank"}],"event_choices":[{"damage_healed":0,"gold_gain":0,"player_choice":"Grow","damage_taken":0,"max_hp_gain":0,"max_hp_loss":0,"event_name":"Living Wall","floor":5,"gold_loss":0,"cards_upgraded":["Armaments"]},{"damage_healed":0,"gold_gain":0,"player_choice":"Lose Max HP","damage_taken":0,"relics_obtained":["Golden Idol"],"max_hp_gain":0,"max_hp_loss":7,"event_name":"Golden Idol","floor":12,"gold_loss":0},{"cards_removed":["Strike_R"],"damage_healed":0,"gold_gain":0,"player_choice":"Purged","damage_taken":0,"max_hp_gain":0,"max_hp_loss":0,"event_name":"Purifier","floor":13,"gold_loss":0},{"damage_healed":0,"gold_gain":0,"cards_transformed":["Strike_R"],"player_choice":"Transformed","damage_taken":0,"max_hp_gain":0,"max_hp_loss":0,"event_name":"Transmorgrifier","floor":29,"gold_loss":0,"cards_obtained":["Seeing Red"]},{"damage_healed":0,"gold_gain":0,"player_choice":"Fight","damage_taken":0,"max_hp_gain":0,"max_hp_loss":0,"event_name":"Mysterious Sphere","floor":36,"gold_loss":0}],"is_beta":false,"boss_relics":[{"not_picked":["Fusion Hammer","Busted Crown"],"picked":"Sozu"},{"not_picked":["Philosopher\u0027s Stone","Runic Cube"],"picked":"Eternal Feather"}],"items_purged_floors":[19],"is_endless":false,"potions_floor_spawned":[2,3,11,14,18,28,31],"killed_by":"2 Orb Walkers","ascension_level":1}