{"gold_per_floor":[119,119,119,134,147,167,167,181,257,273,287,287,303,38,38,134,134,148,162,181,196,196,196,13,13,13,13,24,24,24,34,34,138,138,158,158,158,169,184,184,199,199,247,263,10,26,26,26,26,26],"floor_reached":51,"playtime":2717,"items_purged":["Strike_R","Strike_R","Strike_R"],"score":670,"play_id":"699f92d7-79b6-494c-8d7a-089682853826","local_time":"20190612200916","is_ascension_mode":false,"campfire_choices":[{"data":"Bludgeon","floor":7.0,"key":"SMITH"},{"data":"True Grit","floor":12.0,"key":"SMITH"},{"data":"Bash","floor":15.0,"key":"SMITH"},{"data":"Clothesline","floor":23.0,"key":"SMITH"},{"data":"Rampage","floor":25.0,"key":"SMITH"},{"floor":27.0,"key":"REST"},{"floor":30.0,"key":"REST"},{"floor":32.0,"key":"REST"},{"floor":40.0,"key":"REST"},{"floor":42.0,"key":"REST"},{"floor":47.0,"key":"REST"},{"floor":49.0,"key":"REST"}],"neow_cost":"NONE","seed_source_timestamp":1491654733978100,"circlet_count":0,"master_deck":["Defend_R","Defend_R","Defend_R","Defend_R","Bash+1","Inflame","Bludgeon+1","Metallicize","Clothesline+1","True Grit+1","Rampage+1","Evolve","Ghostly Armor","Battle Trance","Feed","Rampage+1","RitualDagger","Trip","Battle Trance","Limit Break+1","Spot Weakness+1","Uppercut+1","Flame Barrier","Ghostly Armor","Iron Wave"],"special_seed":0,"relics":["Mark of Pain"],"potions_floor_usage":[50],"damage_taken":[{"damage":4.0,"enemies":"Small Slimes","floor":1.0,"turns":4.0},{"damage":1.0,"enemies":"Jaw Worm","floor":4.0,"turns":5.0},{"damage":0.0,"enemies":"2 Louse","floor":5.0,"turns":3.0},{"damage":4.0,"enemies":"Blue Slaver","floor":6.0,"turns":3.0},{"damage":7.0,"enemies":"Looter","floor":8.0,"turns":3.0},{"damage":2.0,"enemies":"Large Slime","floor":10.0,"turns":3.0},{"damage":6.0,"enemies":"Exordium Thugs","floor":11.0,"turns":4.0},{"damage":17.0,"enemies":"Looter","floor":13.0,"turns":3.0},{"damage":8.0,"enemies":"Hexaghost","floor":16.0,"turns":8.0},{"damage":2.0,"enemies":"Shell Parasite","floor":18.0,"turns":3.0},{"damage":15.0,"enemies":"3 Byrds","floor":19.0,"turns":4.0},{"damage":13.0,"enemies":"3 Cultists","floor":20.0,"turns":5.0},{"damage":6.0,"enemies":"Snake Plant","floor":21.0,"turns":4.0},{"damage":35.0,"enemies":"Sentry and Sphere","floor":28.0,"turns":8.0},{"damage":0.0,"enemies":"Snecko","floor":31.0,"turns":2.0},{"damage":20.0,"enemies":"Champ","floor":33.0,"turns":13.0},{"damage":23.0,"enemies":"Orb Walker","floor":35.0,"turns":3.0},{"damage":12.0,"enemies":"3 Shapes","floor":38.0,"turns":6.0},{"damage":35.0,"enemies":"3 Darklings","floor":39.0,"turns":8.0},{"damage":28.0,"enemies":"Maw","floor":41.0,"turns":8.0},{"damage":22.0,"enemies":"Spire Growth","floor":44.0,"turns":5.0},{"damage":14.0,"enemies":"4 Shapes","floor":46.0,"turns":12.0},{"damage":64,"enemies":"Time Eater","floor":50,"turns":14}],"seed_played":"6830134019419729361","potions_obtained":[{"floor":1.0,"key":"Ancient Potion"},{"floor":6.0,"key":"PowerPotion"},{"floor":13.0,"key":"AttackPotion"},{"floor":18.0,"key":"Explosive Potion"},{"floor":19.0,"key":"Energy Potion"},{"floor":20.0,"key":"Dexterity Potion"},{"floor":39.0,"key":"SpeedPotion"},{"floor":41.0,"key":"AttackPotion"}],"is_trial":false,"path_per_floor":["M","?","?","M","M","M","R","M","T","M","M","R","M","$","R","B",null,"M","M","M","M","?","R","$","R","T","R","M","?","R","M","R","B",null,"M","?","?","M","M","R","M","R","T","M","$","M","R","?","R","B",null],"character_chosen":"IRONCLAD","items_purchased":["Evolve","Ghostly Armor","Battle Trance","Trip","Ghostly Armor","Iron Wave"],"campfire_rested":7,"item_purchase_floors":[14,14,14,24,45,45],"current_hp_per_floor":[76,69,69,68,68,64,64,57,57,55,49,49,32,32,32,24,80,78,66,53,47,41,41,41,41,41,65,30,30,54,57,82,62,86,66,66,66,57,22,49,21,48,48,26,26,15,43,43,71,7],"gold":26,"neow_bonus":"BOSS_RELIC","is_prod":false,"is_daily":false,"chose_seed":false,"campfire_upgraded":5,"win_rate":0,"timestamp":1560395356,"path_taken":["M","?","?","M","M","M","R","M","T","M","M","R","M","$","R","BOSS","M","M","M","M","?","R","$","R","T","R","M","?","R","M","R","BOSS","M","?","?","M","M","R","M","R","T","?","$","M","R","?","R","BOSS"],"build_version":"2019-01-23","purchased_purges":3,"victory":true,"max_hp_per_floor":[80,80,80,80,80,80,80,80,80,80,80,80,80,80,80,80,80,80,83,83,83,83,83,83,83,83,83,83,83,83,86,86,86,86,89,89,89,92,92,92,92,92,92,92,92,95,95,95,95,95],"card_choices":[{"not_picked":["Pommel Strike","Iron Wave"],"picked":"Inflame","floor":1.0},{"not_picked":["Anger","Wild Strike"],"picked":"Bludgeon","floor":4.0},{"not_picked":["Heavy Blade","Perfected Strike"],"picked":"Metallicize","floor":5.0},{"not_picked":["Dual Wield","Dropkick","Heavy Blade"],"picked":"SKIP","floor":6.0},{"not_picked":["Headbutt","Rupture"],"picked":"Clothesline","floor":8.0},{"not_picked":["Clash","Twin Strike"],"picked":"True Grit","floor":10.0},{"not_picked":["Havoc","Body Slam","Corruption"],"picked":"SKIP","floor":11.0},{"not_picked":["Clash","Flex"],"picked":"Rampage","floor":13.0},{"not_picked":["Berserk","Double Tap"],"picked":"Feed","floor":16.0},{"not_picked":["Anger","Havoc","Flex"],"picked":"SKIP","floor":18.0},{"not_picked":["Anger","Sword Boomerang"],"picked":"Rampage+1","floor":19.0},{"not_picked":["Combust+1","Perfected Strike","Fire Breathing"],"picked":"SKIP","floor":20.0},{"not_picked":["Combust+1","Perfected Strike","Fire Breathing"],"picked":"SKIP","floor":20.0},{"not_picked":["Infernal Blade","Iron Wave","Twin Strike+1"],"picked":"SKIP","floor":21.0},{"not_picked":["Exhume","Pommel Strike+1","Clash"],"picked":"SKIP","floor":28.0},{"not_picked":["Flex","Uppercut"],"picked":"Battle Trance","floor":31.0},{"not_picked":["Exhume","Double Tap"],"picked":"Limit Break","floor":33.0},{"not_picked":["Burning Pact+1","Headbutt","Thunderclap+1"],"picked":"SKIP","floor":35.0},{"not_picked":["Cleave+1","Iron Wave","Blood for Blood"],"picked":"SKIP","floor":38.0},{"not_picked":["Armaments","Seeing Red+1"],"picked":"Spot Weakness+1","floor":39.0},{"not_picked":["Dual Wield","Sword Boomerang+1"],"picked":"Uppercut+1","floor":41.0},{"not_picked":["Rage+1","Blood for Blood+1"],"picked":"Flame Barrier","floor":44.0},{"not_picked":["Spot Weakness+1","Warcry","Perfected Strike"],"picked":"SKIP","floor":46.0}],"player_experience":1296976,"relics_obtained":[],"event_choices":[{"cards_removed":["Strike_R"],"damage_healed":0.0,"max_hp_gain":0.0,"max_hp_loss":0.0,"gold_gain":0.0,"event_name":"Golden Wing","player_choice":"Card Removal","floor":2.0,"gold_loss":0.0,"damage_taken":7.0},{"cards_removed":["Strike_R"],"damage_healed":0.0,"max_hp_gain":0.0,"max_hp_loss":0.0,"gold_gain":0.0,"event_name":"Living Wall","player_choice":"Forget","floor":3.0,"gold_loss":0.0,"damage_taken":0.0},{"damage_healed":0.0,"max_hp_gain":0.0,"max_hp_loss":0.0,"gold_gain":0.0,"event_name":"Nest","player_choice":"Joined the Cult","floor":22.0,"gold_loss":0.0,"damage_taken":6.0,"cards_obtained":["RitualDagger"]},{"damage_healed":0.0,"max_hp_gain":0.0,"max_hp_loss":0.0,"gold_gain":0.0,"event_name":"The Mausoleum","player_choice":"Ignored","floor":29.0,"gold_loss":0.0,"damage_taken":0.0},{"damage_healed":0.0,"max_hp_gain":0.0,"max_hp_loss":0.0,"gold_gain":0.0,"event_name":"Tomb of Lord Red Mask","player_choice":"Ignored","floor":36.0,"gold_loss":0.0,"damage_taken":0.0},{"damage_healed":0.0,"max_hp_gain":0.0,"max_hp_loss":0.0,"gold_gain":0.0,"event_name":"Upgrade Shrine","player_choice":"Upgraded","floor":37.0,"gold_loss":0.0,"damage_taken":0.0,"cards_upgraded":["Limit Break"]},{"damage_healed":0.0,"max_hp_gain":0.0,"max_hp_loss":0.0,"gold_gain":0.0,"event_name":"SensoryStone","player_choice":"Memory 1","floor":48.0,"gold_loss":0.0,"damage_taken":0.0}],"is_beta":false,"boss_relics":[{"not_picked":["Velvet Choker","Pandora\u0027s Box","Sozu"]},{"not_picked":["Snecko Eye","Philosopher\u0027s Stone","Calling Bell"]}],"items_purged_floors":[14,24,45],"is_endless":false,"potions_floor_spawned":[1,6,13,18,19,20,38,39,41],"ascension_level":0}