{"gold_per_floor":[110,127,141,141,141,172,172,203,203,203,203,94,108,131,131,256,256,270,121,136,36,49,49,84,109,109,208,233,358,374,8,8,133,133,152,152,2,21,21,64,88,88,88,111,130,130,130,80,80,80],"floor_reached":50,"playtime":1888,"items_purged":["Strike_G","Strike_G","Strike_G","Strike_G"],"score":893,"play_id":"7674954a-8c1f-407c-b111-8ee2697031f2","local_time":"20190330224248","is_ascension_mode":true,"campfire_choices":[{"data":"Neutralize","floor":7,"key":"SMITH"},{"data":"Deadly Poison","floor":15,"key":"SMITH"},{"data":"Footwork","floor":23,"key":"SMITH"},{"data":"Envenom","floor":32,"key":"SMITH"},{"data":"Infinite Blades","floor":42,"key":"SMITH"},{"data":"Noxious Fumes","floor":47,"key":"SMITH"},{"data":"Adrenaline","floor":49,"key":"SMITH"}],"neow_cost":"NONE","seed_source_timestamp":358646989962819,"circlet_count":0,"master_deck":["AscendersBane","Defend_G","Defend_G","Defend_G","Defend_G","Defend_G","Survivor","Neutralize+1","Footwork+1","Cloak And Dagger","Wraith Form v2","Die Die Die","Deadly Poison+1","Terror+1","Well Laid Plans","Accuracy","Envenom+1","Cloak And Dagger+1","Footwork+1","Adrenaline+1","Poisoned Stab","Bouncing Flask+1","Poisoned Stab","Envenom+1","Blur","Prepared","Blur+1","Catalyst","Infinite Blades+1","All Out Attack+1","Caltrops+1","Night Terror","Endless Agony","Footwork","Deadly Poison+1","Leg Sweep","Noxious Fumes+1","Acrobatics"],"relics":["Ring of the Snake","Golden Idol","Prayer Wheel","Ninja Scroll","Tingsha","Orichalcum","Coffee Dripper","War Paint","Ornamental Fan","FossilizedHelix","Singing Bowl","Question Card","WristBlade","Happy Flower"],"potions_floor_usage":[6,8,24,50,50],"damage_taken":[{"damage":2,"enemies":"Jaw Worm","floor":1,"turns":6},{"damage":2,"enemies":"2 Louse","floor":2,"turns":3},{"damage":0,"enemies":"Small Slimes","floor":3,"turns":5},{"damage":40,"enemies":"Lagavulin","floor":6,"turns":10},{"damage":11,"enemies":"Gremlin Nob","floor":8,"turns":7},{"damage":0,"enemies":"2 Fungi Beasts","floor":13,"turns":4},{"damage":7,"enemies":"Exordium Thugs","floor":14,"turns":5},{"damage":8,"enemies":"The Guardian","floor":16,"turns":10},{"damage":6,"enemies":"2 Thieves","floor":18,"turns":4},{"damage":5,"enemies":"3 Byrds","floor":20,"turns":5},{"damage":2,"enemies":"Shelled Parasite and Fungi","floor":22,"turns":5},{"damage":13,"enemies":"Book of Stabbing","floor":24,"turns":5},{"damage":12,"enemies":"Centurion and Healer","floor":25,"turns":5},{"damage":5,"enemies":"Snecko","floor":28,"turns":5},{"damage":0,"enemies":"Colosseum Slavers","floor":29,"turns":6},{"damage":4,"enemies":"Colosseum Nobs","floor":29,"turns":5},{"damage":0,"enemies":"Shelled Parasite and Fungi","floor":30,"turns":5},{"damage":7,"enemies":"Champ","floor":33,"turns":8},{"damage":18,"enemies":"3 Darklings","floor":35,"turns":6},{"damage":0,"enemies":"Orb Walker","floor":38,"turns":3},{"damage":24,"enemies":"Giant Head","floor":40,"turns":8},{"damage":5,"enemies":"4 Shapes","floor":41,"turns":5},{"damage":0,"enemies":"Maw","floor":44,"turns":3},{"damage":4,"enemies":"Sphere and 2 Shapes","floor":45,"turns":5},{"damage":25,"enemies":"Time Eater","floor":50,"turns":3}],"seed_played":"-2377892059675423100","potions_obtained":[{"floor":1,"key":"AttackPotion"},{"floor":2,"key":"GhostInAJar"},{"floor":13,"key":"GhostInAJar"},{"floor":22,"key":"Poison Potion"},{"floor":28,"key":"Explosive Potion"},{"floor":29,"key":"Dexterity Potion"},{"floor":35,"key":"LiquidBronze"}],"is_trial":false,"path_per_floor":["M","M","M","?","?","E","R","E","T","?","?","?","M","M","R","B",null,"M","$","M","$","M","R","E","M","T","?","M","?","M","$","R","B",null,"M","?","$","M","?","E","M","R","T","M","M","?","R","$","R","B"],"character_chosen":"THE_SILENT","items_purchased":["Adrenaline","Question Card","Acrobatics"],"campfire_rested":0,"item_purchase_floors":[19,31,48],"current_hp_per_floor":[68,66,66,66,66,26,26,15,15,15,38,38,38,31,31,23,59,53,53,48,48,46,46,33,21,21,21,16,12,14,14,14,9,59,41,41,41,43,43,21,18,18,18,18,18,18,18,18,18,0],"gold":80,"neow_bonus":"TEN_PERCENT_HP_BONUS","is_prod":false,"is_daily":false,"chose_seed":false,"campfire_upgraded":7,"win_rate":0,"timestamp":1554007368,"path_taken":["M","M","M","?","?","E","R","E","T","?","?","?","M","?","R","BOSS","M","$","M","$","M","R","E","M","T","?","M","?","M","$","R","BOSS","M","?","$","?","?","E","M","R","T","?","M","?","R","$","R","BOSS"],"build_version":"2019-01-23","purchased_purges":4,"victory":false,"max_hp_per_floor":[77,77,77,77,71,71,71,71,71,71,71,71,71,71,71,71,71,71,71,71,71,71,71,71,71,71,71,71,71,73,73,73,75,75,75,75,75,77,77,79,81,81,81,81,85,85,85,85,85,85],"card_choices":[{"not_picked":["Prepared","Flying Knee"],"picked":"Footwork","floor":1},{"not_picked":["Catalyst","Finisher"],"picked":"Cloak And Dagger","floor":2},{"not_picked":["Masterful Stab","Terror"],"picked":"Bane","floor":3},{"not_picked":["Masterful Stab","Flying Knee"],"picked":"Wraith Form v2","floor":6},{"not_picked":["Tactician","Dodge and Roll"],"picked":"Die Die Die","floor":8},{"not_picked":["Deflect","Prepared"],"picked":"Deadly Poison","floor":13},{"not_picked":["Expertise","Slice"],"picked":"Terror","floor":13},{"not_picked":["Deflect","Choke"],"picked":"Well Laid Plans","floor":14},{"not_picked":["Distraction","Dagger Spray"],"picked":"Accuracy","floor":14},{"not_picked":["Night Terror","Storm of Steel"],"picked":"Envenom","floor":16},{"not_picked":["Bane","Dodge and Roll"],"picked":"Cloak And Dagger","floor":18},{"not_picked":["Deflect","Cloak And Dagger"],"picked":"Footwork","floor":18},{"not_picked":["Deadly Poison","Predator"],"picked":"Poisoned Stab","floor":20},{"not_picked":["Dagger Spray","Expertise"],"picked":"Bouncing Flask+1","floor":20},{"not_picked":["Dagger Throw+1","Phantasmal Killer"],"picked":"Poisoned Stab","floor":22},{"not_picked":["Heel Hook","Outmaneuver","Sucker Punch"],"picked":"SKIP","floor":22},{"not_picked":["Expertise","Acrobatics"],"picked":"Envenom","floor":24},{"not_picked":["Outmaneuver","Acrobatics"],"picked":"Blur","floor":25},{"not_picked":["Eviscerate","Expertise"],"picked":"Prepared","floor":25},{"not_picked":["Slice+1","Underhanded Strike"],"picked":"Blur+1","floor":28},{"not_picked":["Dagger Spray+1","All Out Attack"],"picked":"Catalyst","floor":28},{"not_picked":["Choke","Slice"],"picked":"Infinite Blades","floor":29},{"not_picked":["Dodge and Roll","Expertise","Poisoned Stab"],"picked":"Singing Bowl","floor":30},{"not_picked":["Dash","Backflip"],"picked":"All Out Attack+1","floor":30},{"not_picked":["Storm of Steel","Grand Finale","Corpse Explosion","Die Die Die"],"picked":"Singing Bowl","floor":33},{"not_picked":["Deadly Poison","Bane","Quick Slash"],"picked":"Caltrops+1","floor":35},{"not_picked":["Dagger Throw+1","Slice+1","Flying Knee"],"picked":"Night Terror","floor":35},{"not_picked":["Finisher","Sucker Punch+1","Slice"],"picked":"Endless Agony","floor":38},{"not_picked":["Deadly Poison","Underhanded Strike","Outmaneuver","Poisoned Stab"],"picked":"Singing Bowl","floor":38},{"not_picked":["Escape Plan+1","Outmaneuver","Skewer","Unload"],"picked":"Singing Bowl","floor":40},{"not_picked":["Acrobatics","Underhanded Strike","Skewer"],"picked":"Deadly Poison+1","floor":41},{"not_picked":["Terror+1","Prepared","Underhanded Strike+1","Deflect+1"],"picked":"Singing Bowl","floor":41},{"not_picked":["Quick Slash","Tactician","Blade Dance+1"],"picked":"Leg Sweep","floor":44},{"not_picked":["Tactician","Bane+1","Dodge and Roll+1"],"picked":"Noxious Fumes","floor":44},{"not_picked":["Dagger Spray+1","Backstab","Expertise","Dagger Throw"],"picked":"Singing Bowl","floor":45},{"not_picked":["Blade Dance","Bane","Flechettes","Quick Slash"],"picked":"Singing Bowl","floor":45}],"player_experience":486942,"relics_obtained":[{"floor":6,"key":"Prayer Wheel"},{"floor":8,"key":"Ninja Scroll"},{"floor":9,"key":"Tingsha"},{"floor":24,"key":"War Paint"},{"floor":26,"key":"Ornamental Fan"},{"floor":29,"key":"FossilizedHelix"},{"floor":29,"key":"Singing Bowl"},{"floor":40,"key":"Happy Flower"}],"event_choices":[{"damage_healed":0,"gold_gain":0,"player_choice":"Grow","damage_taken":0,"max_hp_gain":0,"max_hp_loss":0,"event_name":"Living Wall","floor":4,"gold_loss":0,"cards_upgraded":["Footwork"]},{"damage_healed":0,"gold_gain":0,"player_choice":"Lose Max HP","damage_taken":0,"relics_obtained":["Golden Idol"],"max_hp_gain":0,"max_hp_loss":6,"event_name":"Golden Idol","floor":5,"gold_loss":0},{"damage_healed":0,"gold_gain":0,"player_choice":"Ignored","damage_taken":0,"max_hp_gain":0,"max_hp_loss":0,"event_name":"Shining Light","floor":10,"gold_loss":0},{"damage_healed":23,"gold_gain":0,"player_choice":"Banana","damage_taken":0,"max_hp_gain":0,"max_hp_loss":0,"event_name":"Big Fish","floor":11,"gold_loss":0},{"damage_healed":0,"gold_gain":0,"player_choice":"Paid Gold","damage_taken":0,"relics_obtained":["Orichalcum"],"max_hp_gain":0,"max_hp_loss":0,"event_name":"WeMeetAgain","floor":12,"gold_loss":109},{"damage_healed":0,"gold_gain":99,"player_choice":"Stole From Cult","damage_taken":0,"max_hp_gain":0,"max_hp_loss":0,"event_name":"Nest","floor":27,"gold_loss":0},{"damage_healed":0,"gold_gain":0,"player_choice":"Fight","damage_taken":0,"max_hp_gain":0,"max_hp_loss":0,"event_name":"Colosseum","floor":29,"gold_loss":0},{"damage_healed":0,"gold_gain":0,"player_choice":"Fought Nobs","damage_taken":0,"max_hp_gain":0,"max_hp_loss":0,"event_name":"Colosseum","floor":29,"gold_loss":0},{"damage_healed":0,"gold_gain":0,"player_choice":"Forge","damage_taken":0,"max_hp_gain":0,"max_hp_loss":0,"event_name":"Accursed Blacksmith","floor":36,"gold_loss":0,"cards_upgraded":["Envenom"]},{"damage_healed":0,"gold_gain":0,"cards_transformed":["Strike_G"],"player_choice":"Transformed","damage_taken":0,"max_hp_gain":0,"max_hp_loss":0,"event_name":"Transmorgrifier","floor":39,"gold_loss":0,"cards_obtained":["Footwork"]},{"cards_removed":["Bane"],"damage_healed":0,"gold_gain":0,"player_choice":"Removed Attack","damage_taken":0,"max_hp_gain":0,"max_hp_loss":0,"event_name":"Falling","floor":46,"gold_loss":0}],"is_beta":false,"boss_relics":[{"not_picked":["Astrolabe","Runic Dome"],"picked":"Coffee Dripper"},{"not_picked":["Pandora\u0027s Box","Philosopher\u0027s Stone"],"picked":"WristBlade"}],"items_purged_floors":[19,21,31,37],"is_endless":false,"potions_floor_spawned":[1,2,13,22,28,29,29,30,35,41],"killed_by":"Time Eater","ascension_level":12}