{"gold_per_floor":[119,139,139,157,157,190,190,224,248,264,264,292,292,308,308,410,410,422,435,350,370,8,34,34,65,133,133,33,47,47],"floor_reached":30,"playtime":1213,"items_purged":[],"score":360,"play_id":"f3dba7ab-98b9-4ed9-a849-2cec5d1d887a","local_time":"20190913145034","is_ascension_mode":true,"campfire_choices":[{"data":"Eruption","floor":7.0,"key":"SMITH"},{"floor":11.0,"key":"REST"},{"floor":15.0,"key":"REST"},{"floor":24.0,"key":"REST"}],"neow_cost":"NONE","seed_source_timestamp":66217237161990,"circlet_count":0,"master_deck":["Strike_P+1","Strike_P","Strike_P","Strike_P","Defend_P","Defend_P","Defend_P","Defend_P","Eruption+1","Vigilance+1","ThirdEye","Consecrate","Weave","BowlingBash+1","SandsOfTime","Adaptation","Protect+1","InnerPeace","Judgement","Weave+1","EmptyFist+1","SandsOfTime","ReachHeaven","Vault","LessonLearned","EmptyBody","CutThroughFate"],"special_seed":0,"relics":["PureWater","Happy Flower","Whetstone","PreservedInsect","The Courier","VioletLotus","Regal Pillow","Pen Nib","Meat on the Bone","Bird Faced Urn","Toxic Egg 2","Vajra"],"potions_floor_usage":[30],"damage_taken":[{"damage":0.0,"enemies":"Jaw Worm","floor":1.0,"turns":3.0},{"damage":0.0,"enemies":"2 Louse","floor":2.0,"turns":3.0},{"damage":0.0,"enemies":"Small Slimes","floor":4.0,"turns":2.0},{"damage":16.0,"enemies":"Gremlin Nob","floor":6.0,"turns":3.0},{"damage":38.0,"enemies":"Lagavulin","floor":8.0,"turns":5.0},{"damage":1.0,"enemies":"Exordium Thugs","floor":10.0,"turns":3.0},{"damage":13.0,"enemies":"Gremlin Nob","floor":12.0,"turns":3.0},{"damage":0.0,"enemies":"Exordium Wildlife","floor":14.0,"turns":3.0},{"damage":18.0,"enemies":"The Guardian","floor":16.0,"turns":15.0},{"damage":0.0,"enemies":"Spheric Guardian","floor":18.0,"turns":2.0},{"damage":3.0,"enemies":"3 Byrds","floor":19.0,"turns":4.0},{"damage":18.0,"enemies":"3 Cultists","floor":21.0,"turns":7.0},{"damage":13.0,"enemies":"Gremlin Leader","floor":23.0,"turns":5.0},{"damage":44.0,"enemies":"Slavers","floor":25.0,"turns":5.0},{"damage":12.0,"enemies":"Snecko","floor":29.0,"turns":4.0},{"damage":26,"enemies":"Book of Stabbing","floor":30,"turns":2}],"seed_played":"-5021071813521227687","potions_obtained":[{"floor":10.0,"key":"Block Potion"},{"floor":12.0,"key":"Weak Potion"},{"floor":14.0,"key":"SteroidPotion"},{"floor":23.0,"key":"PowerPotion"},{"floor":29.0,"key":"LiquidBronze"}],"is_trial":false,"path_per_floor":["M","M","?","M","?","E","R","E","T","M","R","E","?","M","R","B",null,"M","M","?","M","$","E","R","E","T","T","$","M","E"],"character_chosen":"WATCHER","items_purchased":["ReachHeaven","Vault","Pen Nib","FearPotion","Strength Potion","CutThroughFate"],"campfire_rested":3,"item_purchase_floors":[22,22,22,28,28,28],"current_hp_per_floor":[65,65,65,65,65,49,49,11,11,10,29,16,16,16,35,17,53,53,50,50,32,32,19,53,21,21,21,21,21,0],"gold":47,"neow_bonus":"UPGRADE_CARD","is_prod":false,"is_daily":false,"chose_seed":false,"campfire_upgraded":1,"win_rate":0,"timestamp":1568353834,"path_taken":["M","M","?","M","?","E","R","E","T","M","R","E","?","M","R","BOSS","M","M","?","M","$","E","R","E","T","?","$","M","E"],"build_version":"2019-09-11v2","purchased_purges":0,"victory":false,"max_hp_per_floor":[65,65,65,65,65,65,65,65,65,65,65,65,65,65,65,65,65,65,65,65,65,65,65,65,65,65,65,65,65,65],"card_choices":[{"not_picked":["Prostrate","Consecrate"],"picked":"ThirdEye","floor":1.0},{"not_picked":["Prostrate","JustLucky"],"picked":"Consecrate","floor":2.0},{"not_picked":["Sanctity","CrushJoints"],"picked":"Weave","floor":4.0},{"not_picked":["Wallop","Halt"],"picked":"BowlingBash","floor":6.0},{"not_picked":["Weave","Prostrate"],"picked":"SandsOfTime","floor":8.0},{"not_picked":["MentalFortress","Conclude"],"picked":"Adaptation","floor":10.0},{"not_picked":["EmptyMind","Ragnarok"],"picked":"Protect","floor":12.0},{"not_picked":["Halt","Protect"],"picked":"InnerPeace","floor":14.0},{"not_picked":["Unraveling","Ragnarok"],"picked":"Judgement","floor":16.0},{"not_picked":["Evaluate","StepAndStrike"],"picked":"Weave+1","floor":18.0},{"not_picked":["Wireheading","Crescendo"],"picked":"EmptyFist+1","floor":19.0},{"not_picked":["ThirdEye+1","Weave"],"picked":"SandsOfTime","floor":21.0},{"not_picked":["ClearTheMind","Wallop"],"picked":"LessonLearned","floor":23.0},{"not_picked":["Crescendo+1","InnerPeace"],"picked":"EmptyBody","floor":25.0},{"not_picked":["JustLucky","CleanseEvil+1","EmptyBody+1"],"picked":"SKIP","floor":29.0}],"player_experience":618685,"relics_obtained":[{"floor":6.0,"key":"Happy Flower"},{"floor":8.0,"key":"Whetstone"},{"floor":9.0,"key":"PreservedInsect"},{"floor":12.0,"key":"The Courier"},{"floor":23.0,"key":"Meat on the Bone"},{"floor":25.0,"key":"Bird Faced Urn"},{"floor":26.0,"key":"Toxic Egg 2"},{"floor":27.0,"key":"Vajra"}],"event_choices":[{"damage_healed":0.0,"max_hp_gain":0.0,"max_hp_loss":0.0,"gold_gain":0.0,"event_name":"Golden Idol","player_choice":"Ignored","floor":3.0,"gold_loss":0.0,"damage_taken":0.0},{"damage_healed":0.0,"max_hp_gain":0.0,"max_hp_loss":0.0,"gold_gain":0.0,"event_name":"Liars Game","player_choice":"Ignored","floor":5.0,"gold_loss":0.0,"damage_taken":0.0},{"damage_healed":0.0,"max_hp_gain":0.0,"max_hp_loss":0.0,"gold_gain":0.0,"event_name":"Dead Adventurer","player_choice":"Searched \u00271\u0027 times","floor":13.0,"gold_loss":0.0,"damage_taken":0.0},{"damage_healed":0.0,"max_hp_gain":0.0,"max_hp_loss":0.0,"gold_gain":0.0,"event_name":"Addict","player_choice":"Obtained Relic","floor":20.0,"gold_loss":85.0,"damage_taken":0.0,"relics_obtained":["Regal Pillow"]}],"is_beta":true,"boss_relics":[{"not_picked":["Cursed Key","Calling Bell"],"picked":"VioletLotus"}],"items_purged_floors":[],"is_endless":false,"potions_floor_spawned":[10,12,14,16,19,23,29],"killed_by":"Book of Stabbing","ascension_level":5}