{"gold_per_floor":[114,128,128,144,144,163,189,69,92,92,92,20,56,70,70,195,195,209,134,107,107,107,107,125,148,148,168,168,168,182,205,205,334,334,353,47,47,62,86,86,109,9,36,59,59,79,79,95,95,95],"floor_reached":50,"playtime":5869,"items_purged":["Dual Wield","Writhe"],"score":471,"play_id":"b6247c3d-b63f-4df3-b1a0-8ef69cf34a33","local_time":"20180716223733","is_ascension_mode":false,"campfire_choices":[{"data":"Iron Wave","floor":11.0,"key":"SMITH"},{"floor":15.0,"key":"REST"},{"data":"Rupture","floor":23,"key":"SMITH"},{"floor":28,"key":"REST"},{"data":"Writhe","floor":32,"key":"PURGE"},{"data":"Writhe","floor":40,"key":"PURGE"},{"data":"Injury","floor":45,"key":"PURGE"},{"data":"Limit Break","floor":47,"key":"SMITH"},{"floor":49,"key":"REST"}],"neow_cost":"TEN_PERCENT_HP_LOSS","seed_source_timestamp":0,"circlet_count":0,"master_deck":["Strike_R","Strike_R","Defend_R","Defend_R+1","Defend_R","Defend_R","Bash","Armaments+1","Metallicize","Clothesline","Flex+1","Iron Wave+1","Combust","Blood for Blood","Anger","Demon Form","Searing Blow","Rupture+1","Seeing Red+1","Anger","Uppercut+1","Warcry","Limit Break+1","Shrug It Off","Madness","Madness","Feel No Pain"],"special_seed":0,"relics":["Burning Blood","Golden Idol","Bag of Preparation","War Paint","Vajra","Peace Pipe","Busted Crown","Unceasing Top","Anchor","Calling Bell","Boot","Mercury Hourglass","Ice Cream","Thread and Needle","Regal Pillow","Happy Flower"],"potions_floor_usage":[20,33,33,33,33,35,38,39,39,39,39,46,50],"damage_taken":[{"damage":12.0,"enemies":"Cultist","floor":1.0,"turns":6.0},{"damage":0.0,"enemies":"Jaw Worm","floor":2.0,"turns":6.0},{"damage":0.0,"enemies":"2 Louse","floor":4.0,"turns":4.0},{"damage":6.0,"enemies":"Exordium Wildlife","floor":6.0,"turns":6.0},{"damage":12.0,"enemies":"3 Sentries","floor":13.0,"turns":7.0},{"damage":4.0,"enemies":"3 Louse","floor":14.0,"turns":3.0},{"damage":23.0,"enemies":"Slime Boss","floor":16.0,"turns":10.0},{"damage":13,"enemies":"3 Byrds","floor":18,"turns":4},{"damage":1,"enemies":"2 Thieves","floor":20,"turns":5},{"damage":20,"enemies":"Chosen and Byrds","floor":24,"turns":6},{"damage":15,"enemies":"Snecko","floor":25,"turns":5},{"damage":11,"enemies":"3 Cultists","floor":27,"turns":5},{"damage":5,"enemies":"Snake Plant","floor":30,"turns":4},{"damage":13,"enemies":"Cultist and Chosen","floor":31,"turns":6},{"damage":10,"enemies":"Champ","floor":33,"turns":8},{"damage":13,"enemies":"3 Shapes","floor":35,"turns":4},{"damage":2,"enemies":"Orb Walker","floor":38,"turns":3},{"damage":22,"enemies":"Flame Bruiser 2 Orb","floor":39,"turns":6},{"damage":2,"enemies":"Transient","floor":44,"turns":5},{"damage":13,"enemies":"3 Darklings","floor":46,"turns":4},{"damage":1,"enemies":"Sphere and 2 Shapes","floor":48,"turns":6},{"damage":84,"enemies":"Donu and Deca","floor":50,"turns":8}],"seed_played":"2670245188649620234","potions_obtained":[{"floor":1.0,"key":"SteroidPotion"},{"floor":4.0,"key":"SteroidPotion"},{"floor":14.0,"key":"Dexterity Potion"},{"floor":16.0,"key":"EntropicBrew"},{"floor":20,"key":"Poison Potion"},{"floor":24,"key":"SpeedPotion"},{"floor":27,"key":"Dexterity Potion"},{"floor":33,"key":"Fire Potion"},{"floor":44,"key":"Explosive Potion"},{"floor":46,"key":"Poison Potion"}],"is_trial":false,"path_per_floor":["M","M","?","M","?","M","T","$","T","?","R","$","E","M","R","B",null,"M","?","M","?","?","R","M","M","T","M","R","?","M","M","R","B",null,"M","$","?","M","M","R","T","$","T","M","R","M","R","M","R"],"character_chosen":"IRONCLAD","items_purchased":["Iron Wave","Combust","Thread and Needle"],"campfire_rested":3,"item_purchase_floors":[8,12,36],"current_hp_per_floor":[66,72,54,60,53,53,53,53,53,53,53,53,47,49,70,53,72,65,65,70,70,70,70,56,47,47,42,63,63,64,57,57,53,72,65,65,56,60,51,51,51,51,51,55,55,48,48,53,72,0],"gold":95,"neow_bonus":"TRANSFORM_TWO_CARDS","is_prod":false,"is_daily":false,"chose_seed":false,"campfire_upgraded":3,"win_rate":0,"timestamp":1531805853,"path_taken":["M","?","?","M","?","M","?","$","T","?","R","?","E","M","R","BOSS","M","?","M","?","?","R","?","M","T","M","R","?","?","M","R","BOSS","M","$","?","?","?","R","?","$","T","M","R","M","R","M","R","BOSS"],"build_version":"2018-07-12","purchased_purges":2,"victory":false,"max_hp_per_floor":[72,72,72,72,72,72,72,72,72,72,72,72,72,72,72,72,72,72,72,72,72,72,72,72,72,72,72,72,72,72,72,72,72,72,72,72,72,72,72,72,72,72,72,72,72,72,72,72,72,72],"card_choices":[{"not_picked":["Battle Trance","Thunderclap"],"picked":"True Grit","floor":1.0},{"not_picked":["Searing Blow","Cleave"],"picked":"Metallicize","floor":2.0},{"not_picked":["Blood for Blood","Clash"],"picked":"Clothesline","floor":4.0},{"not_picked":["Hemokinesis","True Grit"],"picked":"Flex","floor":6.0},{"not_picked":["Searing Blow","Dropkick"],"picked":"Blood for Blood","floor":13.0},{"not_picked":["Bloodletting","Intimidate"],"picked":"Anger","floor":14.0},{"not_picked":["Double Tap","Impervious"],"picked":"Demon Form","floor":16.0},{"not_picked":["Armaments"],"picked":"SKIP","floor":18},{"not_picked":["Wild Strike"],"picked":"SKIP","floor":20},{"not_picked":[],"picked":"Seeing Red+1","floor":24},{"not_picked":[],"picked":"Anger","floor":25},{"not_picked":[],"picked":"Uppercut+1","floor":27},{"not_picked":["Demon Form"],"picked":"SKIP","floor":30},{"not_picked":[],"picked":"Warcry","floor":31},{"not_picked":[],"picked":"Limit Break","floor":33},{"not_picked":[],"picked":"Shrug It Off","floor":35},{"not_picked":["Reckless Charge"],"picked":"SKIP","floor":38},{"not_picked":["Wild Strike"],"picked":"SKIP","floor":39},{"not_picked":["Combust"],"picked":"SKIP","floor":44},{"not_picked":[],"picked":"Feel No Pain","floor":46},{"not_picked":["Clash"],"picked":"SKIP","floor":48}],"player_experience":100744,"relics_obtained":[{"floor":7.0,"key":"War Paint"},{"floor":9.0,"key":"Vajra"},{"floor":13.0,"key":"Peace Pipe"},{"floor":26,"key":"Unceasing Top"},{"floor":34,"key":"Boot"},{"floor":34,"key":"Mercury Hourglass"},{"floor":34,"key":"Ice Cream"},{"floor":41,"key":"Regal Pillow"},{"floor":43,"key":"Happy Flower"}],"event_choices":[{"event_name":"Golden Idol","player_choice":"Take Damage","floor":3.0,"damage_taken":0.0},{"event_name":"Scrap Ooze","player_choice":"success","floor":5.0,"damage_taken":7.0},{"event_name":"Upgrade Shrine","player_choice":"Upgraded","floor":10.0,"damage_taken":0.0},{"event_name":"Beggar","player_choice":"Gave Gold","floor":19,"damage_taken":0},{"event_name":"Transmorgrifier","player_choice":"Transform","floor":21,"damage_taken":0},{"event_name":"The Library","player_choice":"Read","floor":22,"damage_taken":0},{"event_name":"The Mausoleum","player_choice":"Yes","floor":29,"damage_taken":0},{"event_name":"Winding Halls","player_choice":"Embrace Madness","floor":37,"damage_taken":0}],"boss_relics":[{"not_picked":["Runic Dome","Runic Cube"],"picked":"Busted Crown"},{"not_picked":["Mark of Pain","Sozu"],"picked":"Calling Bell"}],"items_purged_floors":[8,42],"is_endless":false,"potions_floor_spawned":[1,4,14,16,20,24,27,33,44,46],"killed_by":"Donu and Deca","ascension_level":0}