{"path_per_floor":["M","?","?","$","M","R","E","?","T","R","M","M","$","M","R","B",null,"M","?","M","?","M","R","$","?","T","E","?","M","$","M","R","B",null,"M","$","?","?","$","E","R","T","T","M","R","?","R","M","R","B"],"character_chosen":"IRONCLAD","items_purchased":["Bag of Preparation","Double Tap","Pommel Strike","Inflame","Apotheosis","Pommel Strike"],"gold_per_floor":[116,116,116,41,59,59,94,269,293,293,311,330,2,22,22,124,124,135,135,148,148,161,161,161,161,161,192,192,208,115,128,128,233,233,251,26,26,26,26,60,60,136,181,193,193,193,193,205,205,205],"floor_reached":51,"campfire_rested":2,"playtime":1170,"current_hp_per_floor":[72,65,72,72,73,73,51,51,51,51,59,67,67,75,75,41,76,81,81,74,74,34,60,60,60,60,41,25,46,46,60,60,54,79,87,87,87,77,77,68,68,68,68,66,66,55,81,87,87,30],"items_purged":["Regret","Doubt"],"gold":205,"score":1037,"play_id":"7cc40c7c-2169-42e9-b3c7-26d430ef65af","local_time":"20180515170619","is_prod":false,"is_daily":false,"chose_seed":false,"is_ascension_mode":true,"campfire_upgraded":7,"timestamp":1526418379,"path_taken":["M","?","?","$","M","R","E","?","T","R","M","?","$","M","R","BOSS","M","?","M","?","?","R","$","?","T","E","?","M","$","M","R","BOSS","M","$","?","?","?","E","R","?","T","?","R","?","R","M","R","BOSS"],"build_version":"2018-05-14v2","seed_source_timestamp":80328452680441,"purchased_purges":2,"victory":true,"master_deck":["Strike_R","Strike_R","Strike_R","Strike_R","Strike_R","Defend_R","Defend_R","Bash+1","AscendersBane","Twin Strike","Perfected Strike+1","Wild Strike","Pommel Strike","Twin Strike","Double Tap+1","Shrug It Off","Fiend Fire","Ghostly Armor+1","Impervious","Perfected Strike+1","Necronomicurse","Pommel Strike","Inflame+1","Apotheosis+1","Pommel Strike","Finesse","Mind Blast+1","Shrug It Off+1","Perfected Strike+1","Madness","Madness","Carnage"],"max_hp_per_floor":[80,80,87,87,87,87,87,87,87,87,87,87,87,87,87,87,87,87,87,87,87,87,87,87,87,87,87,87,87,87,87,87,87,87,87,87,87,87,87,87,87,87,87,87,87,87,87,87,87,87],"relics":["Burning Blood","Blood Vial","Strawberry","Ancient Tea Set","Lantern","Bag of Preparation","Mark of Pain","Magic Flower","Meat on the Bone","Necronomicon","Runic Cube","Vajra","Tiny Chest","Singing Bowl"],"card_choices":[{"not_picked":["Headbutt","Clash"],"picked":"Twin Strike","floor":1},{"not_picked":["Bloodletting","Havoc"],"picked":"Perfected Strike","floor":5},{"not_picked":["Burning Pact","Bloodletting"],"picked":"Wild Strike","floor":7},{"not_picked":["Iron Wave","Armaments"],"picked":"Pommel Strike","floor":11},{"not_picked":["Iron Wave","Heavy Blade"],"picked":"Twin Strike","floor":12},{"not_picked":["Sword Boomerang","Sever Soul"],"picked":"Shrug It Off","floor":14},{"not_picked":["Juggernaut","Double Tap"],"picked":"Fiend Fire","floor":16},{"not_picked":["Clothesline+1","Entrench+1"],"picked":"Ghostly Armor+1","floor":18},{"not_picked":["Thunderclap","Clothesline","Dropkick+1"],"picked":"SKIP","floor":20},{"not_picked":["True Grit","Shockwave","Burning Pact+1"],"picked":"SKIP","floor":22},{"not_picked":["Flex+1","Flame Barrier"],"picked":"Perfected Strike","floor":27},{"not_picked":["Cleave+1","True Grit","Combust"],"picked":"SKIP","floor":29},{"not_picked":["Infernal Blade","Armaments","Cleave+1"],"picked":"SKIP","floor":31},{"not_picked":["Anger+1","Rupture","Heavy Blade"],"picked":"SKIP","floor":35},{"not_picked":["Panacea","Enlightenment"],"picked":"Finesse","floor":38},{"not_picked":["Panache","Panacea"],"picked":"Mind Blast","floor":38},{"not_picked":["Anger+1","Blood for Blood"],"picked":"Shrug It Off+1","floor":40},{"not_picked":["Flex","Wild Strike+1"],"picked":"Perfected Strike+1","floor":44},{"not_picked":["Thunderclap+1","Bludgeon"],"picked":"Carnage","floor":48}],"player_experience":769878,"potions_floor_usage":[27,31,40,50,50],"damage_taken":[{"damage":8,"enemies":"Jaw Worm","floor":1,"turns":4},{"damage":7,"enemies":"Small Slimes","floor":5,"turns":3},{"damage":30,"enemies":"3 Sentries","floor":7,"turns":8},{"damage":0,"enemies":"Cultist","floor":11,"turns":1},{"damage":0,"enemies":"Gremlin Gang","floor":12,"turns":4},{"damage":0,"enemies":"2 Fungi Beasts","floor":14,"turns":2},{"damage":42,"enemies":"Hexaghost","floor":16,"turns":7},{"damage":3,"enemies":"3 Byrds","floor":18,"turns":4},{"damage":15,"enemies":"Chosen","floor":20,"turns":4},{"damage":48,"enemies":"Slaver and Parasite","floor":22,"turns":6},{"damage":31,"enemies":"Book of Stabbing","floor":27,"turns":4},{"damage":9,"enemies":"Centurion and Healer","floor":29,"turns":3},{"damage":16,"enemies":"Snake Plant","floor":31,"turns":2},{"damage":36,"enemies":"Collector","floor":33,"turns":4},{"damage":0,"enemies":"Flame Bruiser 1 Orb","floor":35,"turns":1},{"damage":21,"enemies":"2 Orb Walkers","floor":40,"turns":3},{"damage":14,"enemies":"3 Darklings","floor":44,"turns":4},{"damage":0,"enemies":"Spire Growth","floor":48,"turns":2},{"damage":84,"enemies":"Awakened One","floor":50,"turns":8}],"relics_obtained":[{"floor":7,"key":"Ancient Tea Set"},{"floor":9,"key":"Lantern"},{"floor":26,"key":"Magic Flower"},{"floor":27,"key":"Meat on the Bone"},{"floor":28,"key":"Necronomicon"},{"floor":40,"key":"Vajra"},{"floor":42,"key":"Tiny Chest"},{"floor":43,"key":"Singing Bowl"}],"event_choices":[{"event_name":"Golden Wing","player_choice":"Card Removal","floor":2,"damage_taken":0},{"event_name":"Big Fish","player_choice":"Box","floor":3,"damage_taken":0},{"event_name":"Liars Game","player_choice":"agreed","floor":8,"damage_taken":0},{"event_name":"Match and Keep!","player_choice":"2 cards matched","floor":19,"damage_taken":0},{"event_name":"Wheel of Change","player_choice":"Card Removal","floor":21,"damage_taken":0},{"event_name":"Vampires","player_choice":"Ignored","floor":25,"damage_taken":0},{"event_name":"Cursed Tome","player_choice":"Obtained Book","floor":28,"damage_taken":0},{"event_name":"SensoryStone","player_choice":"Memory 3","floor":38,"damage_taken":0},{"event_name":"Winding Halls","player_choice":"Embrace Madness","floor":46,"damage_taken":0}],"boss_relics":[{"not_picked":["Astrolabe","Eternal Feather"],"picked":"Mark of Pain"},{"not_picked":["Runic Pyramid","Tiny House"],"picked":"Runic Cube"}],"potions_floor_spawned":[5,7,12,22,29,33,48],"seed_played":"115812620443943462","ascension_level":10,"potions_obtained":[{"floor":5,"key":"SteroidPotion"},{"floor":7,"key":"Poison Potion"},{"floor":12,"key":"SteroidPotion"},{"floor":22,"key":"AttackPotion"},{"floor":29,"key":"Fire Potion"},{"floor":33,"key":"SpeedPotion"},{"floor":48,"key":"Weak Potion"}],"is_trial":false}