{"gold_per_floor":[118,68,243,257,272,272,304,321,370,370,370,398,398,27,27,123,123,133,0,10,10],"floor_reached":21,"playtime":540,"items_purged":["Doubt"],"score":234,"play_id":"79159295-8ca3-4a70-9208-116e64c16fc2","local_time":"20190904163324","is_ascension_mode":true,"campfire_choices":[{"data":"Zap","floor":6.0,"key":"SMITH"},{"data":"Dualcast","floor":11.0,"key":"SMITH"},{"data":"Lockon","floor":13.0,"key":"SMITH"},{"data":"Hologram","floor":15.0,"key":"SMITH"}],"neow_cost":"NONE","seed_source_timestamp":238293292228680,"circlet_count":0,"master_deck":["Strike_B","Strike_B","Strike_B","Defend_B","Defend_B","Defend_B","Defend_B","Zap+1","Dualcast+1","Lockon+1","Streamline","Steam","Ball Lightning","Hologram+1","Biased Cognition","Clumsy","Injury","Clumsy","BootSequence"],"special_seed":0,"relics":["Cracked Core","NeowsBlessing","Matryoshka","Ornamental Fan","Juzu Bracelet","Turnip","Mummified Hand","Calling Bell","Art of War","Shuriken","Pocketwatch"],"potions_floor_usage":[18],"damage_taken":[{"damage":0.0,"enemies":"Jaw Worm","floor":1.0,"turns":1.0},{"damage":0.0,"enemies":"2 Louse","floor":4.0,"turns":1.0},{"damage":0.0,"enemies":"Small Slimes","floor":5.0,"turns":1.0},{"damage":29.0,"enemies":"3 Sentries","floor":7.0,"turns":7.0},{"damage":9.0,"enemies":"Exordium Wildlife","floor":8.0,"turns":4.0},{"damage":19.0,"enemies":"Lagavulin","floor":12.0,"turns":4.0},{"damage":14.0,"enemies":"The Guardian","floor":16.0,"turns":8.0},{"damage":34,"enemies":"2 Thieves","floor":18,"turns":3},{"damage":11,"enemies":"Shell Parasite","floor":20,"turns":4},{"damage":20,"enemies":"Centurion and Healer","floor":21,"turns":4}],"seed_played":"-2923515428196929130","potions_obtained":[{"floor":4.0,"key":"Poison Potion"},{"floor":8.0,"key":"LiquidBronze"},{"floor":12.0,"key":"FearPotion"},{"floor":18,"key":"Poison Potion"}],"is_trial":false,"path_per_floor":["M","?","?","M","M","R","E","M","T","?","R","E","R","$","R","B",null,"M","?","M","M"],"character_chosen":"DEFECT","items_purchased":["Mummified Hand","Strength Potion"],"campfire_rested":0,"item_purchase_floors":[14,14],"current_hp_per_floor":[75,75,75,75,75,75,46,37,37,62,62,43,43,43,43,29,64,30,30,19,0],"gold":10,"neow_bonus":"THREE_ENEMY_KILL","is_prod":false,"is_daily":false,"chose_seed":false,"campfire_upgraded":4,"win_rate":0,"timestamp":1567582404,"path_taken":["M","?","?","M","?","R","E","M","T","?","R","E","R","?","R","BOSS","M","?","M","M"],"build_version":"2019-07-17","purchased_purges":1,"victory":false,"max_hp_per_floor":[75,75,75,75,75,75,75,75,75,75,75,75,75,75,75,75,75,75,75,75,75],"card_choices":[{"not_picked":["Go for the Eyes","Coolheaded"],"picked":"Lockon","floor":1.0},{"not_picked":["Turbo","Force Field"],"picked":"Streamline","floor":4.0},{"not_picked":["Turbo","Barrage"],"picked":"Steam","floor":5.0},{"not_picked":["Consume","Streamline","Steam Power"],"picked":"SKIP","floor":7.0},{"not_picked":["Conserve Battery","Rip and Tear"],"picked":"Ball Lightning","floor":8.0},{"not_picked":["Coolheaded","Stack"],"picked":"Hologram","floor":12.0},{"not_picked":["All For One","Reboot"],"picked":"Biased Cognition","floor":16.0},{"not_picked":["Beam Cell","Chaos"],"picked":"BootSequence","floor":18},{"not_picked":["Blizzard","Storm","Hologram"],"picked":"SKIP","floor":20}],"player_experience":343982,"relics_obtained":[{"floor":7.0,"key":"Matryoshka"},{"floor":9.0,"key":"Ornamental Fan"},{"floor":9.0,"key":"Juzu Bracelet"},{"floor":12.0,"key":"Turnip"},{"floor":17.0,"key":"Art of War"},{"floor":17.0,"key":"Shuriken"},{"floor":17.0,"key":"Pocketwatch"}],"event_choices":[{"cards_removed":["Strike_B"],"damage_healed":0.0,"max_hp_gain":0.0,"max_hp_loss":0.0,"gold_gain":0.0,"event_name":"The Cleric","player_choice":"Card Removal","floor":2.0,"gold_loss":50.0,"damage_taken":0.0},{"damage_healed":0.0,"max_hp_gain":0.0,"max_hp_loss":0.0,"gold_gain":175.0,"event_name":"Liars Game","player_choice":"AGREE","floor":3.0,"gold_loss":0.0,"damage_taken":0.0,"cards_obtained":["Doubt"]},{"damage_healed":25.0,"max_hp_gain":0.0,"max_hp_loss":0.0,"gold_gain":0.0,"event_name":"Big Fish","player_choice":"Banana","floor":10.0,"gold_loss":0.0,"damage_taken":0.0},{"damage_healed":0,"gold_gain":0,"player_choice":"Paid Fearfully","damage_taken":0,"max_hp_gain":0,"max_hp_loss":0,"event_name":"Masked Bandits","floor":19,"gold_loss":133}],"is_beta":false,"boss_relics":[{"not_picked":["Runic Pyramid","Fusion Hammer"],"picked":"Calling Bell"}],"items_purged_floors":[14],"is_endless":false,"potions_floor_spawned":[4,8,12,18],"killed_by":"Centurion and Healer","ascension_level":5}