{"gold_per_floor":[12,12,23,40,40,65,65,121,121,152,152,252,252,285,285,384,384,403,12,38,56,56,70,70,20,20,39,39,51,51,68,68,163,163,180,180,280,144,144,169,169,20,20,33,53,80,93,112,112,112],"floor_reached":51,"playtime":5225,"items_purged":["Defend_R","Defend_R","Defend_R","Strike_R"],"score":823,"play_id":"7a543a7f-1e14-4b28-a0d0-517b3737c8c7","local_time":"20190927081557","is_ascension_mode":false,"campfire_choices":[{"data":"Barricade","floor":7,"key":"SMITH"},{"data":"Armaments","floor":11,"key":"SMITH"},{"floor":13,"key":"REST"},{"data":"Impervious","floor":15,"key":"SMITH"},{"floor":24,"key":"REST"},{"data":"Body Slam","floor":28,"key":"SMITH"},{"data":"Body Slam","floor":30,"key":"SMITH"},{"floor":32,"key":"REST"},{"floor":41,"key":"REST"},{"floor":49,"key":"REST"}],"neow_cost":"NO_GOLD","seed_source_timestamp":400893096511900,"circlet_count":0,"master_deck":["Strike_R","Defend_R","Bash","Impervious+1","Armaments+1","Warcry","Barricade+1","Iron Wave","Flame Barrier","Body Slam+1","Demon Form","Second Wind+1","Bloodletting+1","Corruption+1","Feel No Pain","Body Slam+1","Shockwave","Spot Weakness","Armaments+1","Juggernaut","Shrug It Off","Armaments","Purity","Panacea","Armaments+1","Parasite","Intimidate+1"],"relics":["Burning Blood","CaptainsWheel","Smiling Mask","Incense Burner","Art of War","Girya","Astrolabe","Anchor","TheAbacus","Red Mask","Bottled Lightning","Philosopher\u0027s Stone","TungstenRod","Juzu Bracelet","Pantograph","Bottled Tornado"],"potions_floor_usage":[3,6,6,6,14,29,33,33,40,42,46,46,50,50],"damage_taken":[{"damage":5,"enemies":"Jaw Worm","floor":1,"turns":7},{"damage":0,"enemies":"Cultist","floor":3,"turns":4},{"damage":0,"enemies":"Small Slimes","floor":4,"turns":3},{"damage":32,"enemies":"3 Sentries","floor":6,"turns":15},{"damage":8,"enemies":"3 Sentries","floor":8,"turns":13},{"damage":12,"enemies":"Gremlin Nob","floor":10,"turns":7},{"damage":4,"enemies":"3 Sentries","floor":14,"turns":11},{"damage":27,"enemies":"The Guardian","floor":16,"turns":12},{"damage":8,"enemies":"Spheric Guardian","floor":18,"turns":6},{"damage":50,"enemies":"Masked Bandits","floor":20,"turns":8},{"damage":4,"enemies":"3 Byrds","floor":21,"turns":6},{"damage":12,"enemies":"Centurion and Healer","floor":23,"turns":5},{"damage":7,"enemies":"Sentry and Sphere","floor":27,"turns":8},{"damage":5,"enemies":"Snake Plant","floor":29,"turns":6},{"damage":6,"enemies":"Shelled Parasite and Fungi","floor":31,"turns":7},{"damage":0,"enemies":"Automaton","floor":33,"turns":10},{"damage":13,"enemies":"3 Darklings","floor":35,"turns":6},{"damage":0,"enemies":"Mind Bloom Boss Battle","floor":37,"turns":6},{"damage":80,"enemies":"Reptomancer","floor":40,"turns":7},{"damage":0,"enemies":"Orb Walker","floor":44,"turns":5},{"damage":0,"enemies":"Writhing Mass","floor":45,"turns":5},{"damage":27,"enemies":"Nemesis","floor":46,"turns":8},{"damage":0,"enemies":"Sphere and 2 Shapes","floor":47,"turns":7},{"damage":0,"enemies":"Jaw Worm Horde","floor":48,"turns":6},{"damage":0,"enemies":"Donu and Deca","floor":50,"turns":11}],"seed_played":"2305346041795619781","potions_obtained":[{"floor":1,"key":"Swift Potion"},{"floor":2,"key":"EssenceOfSteel"},{"floor":2,"key":"Explosive Potion"},{"floor":3,"key":"Weak Potion"},{"floor":8,"key":"ElixirPotion"},{"floor":10,"key":"SneckoOil"},{"floor":18,"key":"DuplicationPotion"},{"floor":20,"key":"Strength Potion"},{"floor":27,"key":"PowerPotion"},{"floor":31,"key":"Swift Potion"},{"floor":33,"key":"Ancient Potion"},{"floor":37,"key":"Weak Potion"},{"floor":40,"key":"DuplicationPotion"},{"floor":45,"key":"PowerPotion"},{"floor":48,"key":"Dexterity Potion"}],"is_trial":false,"path_per_floor":["M","?","M","M","$","E","R","?","T","E","R","?","R","E","R","B",null,"M","$","?","M","?","M","R","$","T","M","R","M","R","M","R","B",null,"M","?","?","$","?","E","R","$","T","M","M","E","M","M","R","B",null],"character_chosen":"IRONCLAD","items_purchased":["Feel No Pain","Anchor","TheAbacus","Purity","Fruit Juice"],"campfire_rested":5,"item_purchase_floors":[19,19,19,38,42],"current_hp_per_floor":[80,80,80,80,80,54,54,52,52,46,46,46,70,72,72,51,80,78,78,34,36,21,15,40,40,40,39,39,40,40,40,65,71,85,78,78,84,84,84,10,35,40,40,46,52,31,37,43,70,90],"gold":112,"neow_bonus":"THREE_RARE_CARDS","is_prod":false,"is_daily":false,"chose_seed":false,"campfire_upgraded":5,"win_rate":0.0,"timestamp":1569586557,"path_taken":["M","?","M","M","?","E","R","?","T","E","R","?","R","E","R","BOSS","M","$","?","M","?","M","R","?","T","M","R","M","R","M","R","BOSS","M","?","?","$","?","E","R","?","T","M","M","E","M","M","R","BOSS"],"build_version":"2019-09-26","purchased_purges":4,"victory":true,"max_hp_per_floor":[80,80,80,80,80,80,80,80,80,80,80,80,80,80,80,80,80,80,80,80,80,85,85,85,85,85,85,85,85,85,85,85,85,85,85,85,85,85,85,85,85,90,90,90,90,90,90,90,90,90],"card_choices":[{"not_picked":["Fiend Fire","Bludgeon"],"picked":"Impervious","floor":0},{"not_picked":["Rupture","Heavy Blade"],"picked":"Armaments","floor":1},{"not_picked":["Battle Trance","Inflame"],"picked":"Warcry","floor":3},{"not_picked":["Havoc","Sword Boomerang"],"picked":"Barricade","floor":4},{"not_picked":["Bludgeon","Rupture"],"picked":"Cleave","floor":6},{"not_picked":["Clash","Battle Trance"],"picked":"Iron Wave","floor":8},{"not_picked":["Hemokinesis","Twin Strike"],"picked":"Flame Barrier","floor":10},{"not_picked":["Anger","Wild Strike"],"picked":"Body Slam","floor":14},{"not_picked":["Reaper","Limit Break"],"picked":"Demon Form","floor":16},{"not_picked":["Havoc+1","Sever Soul","Dropkick"],"picked":"SKIP","floor":18},{"not_picked":["Clash","Infernal Blade+1"],"picked":"Body Slam","floor":20},{"not_picked":["Second Wind","Sever Soul"],"picked":"Shockwave","floor":21},{"not_picked":["Second Wind+1","Bloodletting"],"picked":"Spot Weakness","floor":23},{"not_picked":["Inflame+1","True Grit"],"picked":"Armaments+1","floor":27},{"not_picked":["Twin Strike","Thunderclap","Warcry+1"],"picked":"SKIP","floor":29},{"not_picked":["Rupture","Sever Soul","Spot Weakness"],"picked":"SKIP","floor":31},{"not_picked":["Exhume","Demon Form"],"picked":"Juggernaut","floor":33},{"not_picked":["Shockwave","Headbutt+1"],"picked":"Shrug It Off","floor":35},{"not_picked":["Pummel","Warcry+1"],"picked":"Armaments","floor":37},{"not_picked":["Blind","Panache"],"picked":"Panacea","floor":39},{"not_picked":["Perfected Strike+1","Second Wind","Warcry"],"picked":"SKIP","floor":40},{"not_picked":["Anger","Dropkick+1"],"picked":"Armaments+1","floor":44},{"not_picked":["Uppercut+1","Thunderclap"],"picked":"Intimidate+1","floor":45},{"not_picked":["Pommel Strike","Barricade","Sever Soul+1"],"picked":"SKIP","floor":46},{"not_picked":["Havoc+1","Reckless Charge+1","Hemokinesis+1"],"picked":"SKIP","floor":47},{"not_picked":["Thunderclap+1","Headbutt","Anger+1"],"picked":"SKIP","floor":48}],"player_experience":120217,"relics_obtained":[{"floor":6,"key":"CaptainsWheel"},{"floor":8,"key":"Smiling Mask"},{"floor":9,"key":"Incense Burner"},{"floor":10,"key":"Art of War"},{"floor":14,"key":"Girya"},{"floor":20,"key":"Red Mask"},{"floor":26,"key":"Bottled Lightning"},{"floor":37,"key":"TungstenRod"},{"floor":40,"key":"Juzu Bracelet"},{"floor":43,"key":"Pantograph"},{"floor":46,"key":"Bottled Tornado"}],"event_choices":[{"damage_healed":0,"gold_gain":0,"player_choice":"Got Potions","damage_taken":0,"max_hp_gain":0,"max_hp_loss":0,"event_name":"Lab","floor":2,"gold_loss":0},{"damage_healed":0,"gold_gain":30,"player_choice":"Searched \u00272\u0027 times","damage_taken":0,"max_hp_gain":0,"max_hp_loss":0,"event_name":"Dead Adventurer","floor":8,"gold_loss":0},{"damage_healed":0,"gold_gain":100,"player_choice":"Pray","damage_taken":0,"max_hp_gain":0,"max_hp_loss":0,"event_name":"Golden Shrine","floor":12,"gold_loss":0},{"damage_healed":0,"gold_gain":0,"player_choice":"Fought Bandits","damage_taken":0,"max_hp_gain":0,"max_hp_loss":0,"event_name":"Masked Bandits","floor":20,"gold_loss":0},{"damage_healed":0,"gold_gain":0,"player_choice":"Shed Blood","damage_taken":20,"max_hp_gain":5,"max_hp_loss":0,"event_name":"Forgotten Altar","floor":22,"gold_loss":0},{"cards_removed":["Cleave"],"damage_healed":0,"gold_gain":0,"player_choice":"Removed Attack","damage_taken":0,"max_hp_gain":0,"max_hp_loss":0,"event_name":"Falling","floor":36,"gold_loss":0},{"damage_healed":0,"gold_gain":0,"player_choice":"Fight","damage_taken":0,"max_hp_gain":0,"max_hp_loss":0,"event_name":"MindBloom","floor":37,"gold_loss":0},{"damage_healed":0,"gold_gain":0,"player_choice":"Memory 1","damage_taken":0,"max_hp_gain":0,"max_hp_loss":0,"event_name":"SensoryStone","floor":39,"gold_loss":0}],"is_beta":true,"boss_relics":[{"not_picked":["Sozu","Velvet Choker"],"picked":"Astrolabe"},{"not_picked":["Runic Dome","Cursed Key"],"picked":"Philosopher\u0027s Stone"}],"items_purged_floors":[19,25,38,42],"is_endless":false,"potions_floor_spawned":[1,3,8,10,18,20,27,31,33,37,40,45,48],"ascension_level":0}