{"gold_per_floor":[112,112,127,139,158,158,191,191,191,205,205,216,216,231,231,306,306,325,325,240,240,4,4,30,30,30,43,43,13,13,13,13,13],"floor_reached":33,"playtime":2065,"items_purged":["Strike_B"],"score":526,"play_id":"dc0c7aa9-8958-4d3e-8752-0da9b39723df","local_time":"20190927233815","is_ascension_mode":true,"campfire_choices":[{"data":"Sunder","floor":6.0,"key":"SMITH"},{"floor":11.0,"key":"REST"},{"data":"Loop","floor":13.0,"key":"SMITH"},{"floor":15.0,"key":"REST"},{"floor":23.0,"key":"REST"},{"data":"Coolheaded","floor":25.0,"key":"SMITH"},{"data":"Blizzard","floor":28.0,"key":"SMITH"},{"data":"Streamline","floor":30.0,"key":"SMITH"},{"floor":32.0,"key":"REST"}],"neow_cost":"NONE","seed_source_timestamp":1646743841036871,"circlet_count":0,"master_deck":["AscendersBane","Strike_B","Strike_B","Defend_B","Defend_B","Defend_B","Defend_B","Zap+1","Dualcast","Cold Snap","Sunder+1","Blizzard+1","Loop+1","Melter","Cold Snap","Coolheaded+1","Echo Form","All For One","Force Field+1","Undo","Streamline+1"],"special_seed":0,"relics":["Cracked Core","Calipers","Dodecahedron","Snecko Eye","MutagenicStrength","Darkstone Periapt","Mercury Hourglass","Nloth\u0027s Gift"],"potions_floor_usage":[33],"damage_taken":[{"damage":1.0,"enemies":"Cultist","floor":1.0,"turns":3.0},{"damage":0.0,"enemies":"Jaw Worm","floor":3.0,"turns":4.0},{"damage":1.0,"enemies":"2 Louse","floor":4.0,"turns":2.0},{"damage":6.0,"enemies":"Looter","floor":5.0,"turns":3.0},{"damage":28.0,"enemies":"Lagavulin","floor":7.0,"turns":7.0},{"damage":11.0,"enemies":"3 Louse","floor":10.0,"turns":3.0},{"damage":13.0,"enemies":"Red Slaver","floor":12.0,"turns":4.0},{"damage":7.0,"enemies":"Lots of Slimes","floor":14.0,"turns":4.0},{"damage":10.0,"enemies":"Hexaghost","floor":16.0,"turns":9.0},{"damage":25.0,"enemies":"Shell Parasite","floor":18.0,"turns":3.0},{"damage":21.0,"enemies":"Slavers","floor":24.0,"turns":6.0},{"damage":8.0,"enemies":"3 Byrds","floor":27.0,"turns":4.0},{"damage":57,"enemies":"Collector","floor":33,"turns":9}],"seed_played":"6091217959489653797","potions_obtained":[{"floor":7.0,"key":"Regen Potion"},{"floor":10.0,"key":"PowerPotion"},{"floor":12.0,"key":"FocusPotion"},{"floor":18.0,"key":"Poison Potion"},{"floor":24.0,"key":"GamblersBrew"}],"is_trial":false,"path_per_floor":["M","?","M","M","M","R","E","?","T","M","R","M","R","M","R","B",null,"M","?","?","?","$","R","E","R","T","M","R","$","R","?","R","B"],"character_chosen":"DEFECT","items_purchased":["All For One","Streamline"],"campfire_rested":4,"item_purchase_floors":[22,29],"current_hp_per_floor":[63,56,56,55,49,49,21,21,21,10,31,30,30,23,44,34,62,37,37,37,37,37,58,37,37,37,29,29,29,29,29,50,0],"gold":13,"neow_bonus":"UPGRADE_CARD","is_prod":false,"is_daily":false,"chose_seed":false,"campfire_upgraded":5,"win_rate":0,"timestamp":1569641895,"path_taken":["M","?","M","M","M","R","E","?","T","M","R","M","R","?","R","BOSS","M","?","?","?","$","R","E","R","T","M","R","$","R","?","R","BOSS"],"build_version":"2019-07-17","purchased_purges":1,"victory":false,"max_hp_per_floor":[71,71,71,71,71,71,71,71,71,71,71,71,71,71,71,71,71,71,71,71,71,71,71,71,71,71,71,71,71,71,71,71,71],"card_choices":[{"not_picked":["Beam Cell","Stack"],"picked":"Cold Snap","floor":1.0},{"not_picked":["Leap","Storm","Steam"],"picked":"SKIP","floor":3.0},{"not_picked":["Sweeping Beam","Cold Snap"],"picked":"Sunder","floor":4.0},{"not_picked":["Chaos","Capacitor"],"picked":"Blizzard","floor":5.0},{"not_picked":["Undo","Storm"],"picked":"Loop","floor":7.0},{"not_picked":["Hello World","Melter"],"picked":"Cold Snap","floor":10.0},{"not_picked":["Melter","Heatsinks","Multi-Cast"],"picked":"SKIP","floor":12.0},{"not_picked":["Compile Driver","Redo"],"picked":"Coolheaded","floor":14.0},{"not_picked":["Buffer","Reboot"],"picked":"Echo Form","floor":16.0},{"not_picked":["Steam Power","Gash","Barrage"],"picked":"SKIP","floor":18.0},{"not_picked":["Rebound","Stack"],"picked":"Force Field+1","floor":24.0},{"not_picked":["Sweeping Beam","Compile Driver"],"picked":"Undo","floor":27.0}],"player_experience":498045,"relics_obtained":[{"floor":7.0,"key":"Calipers"},{"floor":9.0,"key":"Dodecahedron"},{"floor":24.0,"key":"Blue Candle"},{"floor":26.0,"key":"Mercury Hourglass"}],"event_choices":[{"cards_removed":["Strike_B"],"damage_healed":0.0,"max_hp_gain":0.0,"max_hp_loss":0.0,"gold_gain":0.0,"event_name":"Golden Wing","player_choice":"Card Removal","floor":2.0,"gold_loss":0.0,"damage_taken":7.0},{"damage_healed":0.0,"max_hp_gain":0.0,"max_hp_loss":0.0,"gold_gain":0.0,"event_name":"Match and Keep!","player_choice":"1 cards matched","floor":8.0,"gold_loss":0.0,"damage_taken":0.0,"cards_obtained":["Melter"]},{"damage_healed":0.0,"max_hp_gain":0.0,"max_hp_loss":0.0,"gold_gain":0.0,"event_name":"Drug Dealer","player_choice":"Inject Mutagens","floor":19.0,"gold_loss":0.0,"damage_taken":0.0,"relics_obtained":["MutagenicStrength"]},{"damage_healed":0.0,"max_hp_gain":0.0,"max_hp_loss":0.0,"gold_gain":0.0,"event_name":"Addict","player_choice":"Obtained Relic","floor":20.0,"gold_loss":85.0,"damage_taken":0.0,"relics_obtained":["Darkstone Periapt"]},{"damage_healed":0.0,"max_hp_gain":0.0,"max_hp_loss":0.0,"gold_gain":0.0,"event_name":"Ghosts","player_choice":"Ignored","floor":21.0,"gold_loss":0.0,"damage_taken":0.0},{"damage_healed":0.0,"max_hp_gain":0.0,"max_hp_loss":0.0,"gold_gain":0.0,"event_name":"N\u0027loth","player_choice":"Traded Relic","floor":31.0,"relics_lost":["Blue Candle"],"gold_loss":0.0,"damage_taken":0.0,"relics_obtained":["Nloth\u0027s Gift"]}],"is_beta":false,"boss_relics":[{"not_picked":["Inserter","Philosopher\u0027s Stone"],"picked":"Snecko Eye"}],"items_purged_floors":[22],"is_endless":false,"potions_floor_spawned":[7,10,12,14,18,24],"killed_by":"Collector","ascension_level":20}