{"gold_per_floor":[112,112,131,148,148,148,179,129,154,182,182,202,377,14,14,14],"floor_reached":16,"playtime":519,"items_purged":["Regret"],"score":173,"play_id":"941bb21f-f407-4823-b1b7-3f1839517536","local_time":"20190917071559","is_ascension_mode":true,"campfire_choices":[{"data":"All Out Attack","floor":6,"key":"SMITH"},{"data":"Crippling Poison","floor":11,"key":"SMITH"},{"data":"Accuracy","floor":15,"key":"SMITH"}],"neow_cost":"NONE","seed_source_timestamp":266719120274147,"circlet_count":0,"master_deck":["AscendersBane","Strike_G","Strike_G","Strike_G","Defend_G","Defend_G","Defend_G","Defend_G","Defend_G","Survivor","Neutralize","All Out Attack+1","Blade Dance","Crippling Poison+1","Cloak And Dagger","Adrenaline","Dagger Spray","Accuracy+1","Doubt","Leg Sweep"],"relics":["Cursed Key","MealTicket","PreservedInsect","Dream Catcher","Mercury Hourglass"],"potions_floor_usage":[7,16,16],"damage_taken":[{"damage":4,"enemies":"Small Slimes","floor":1,"turns":5},{"damage":0,"enemies":"Cultist","floor":3,"turns":4},{"damage":0,"enemies":"2 Louse","floor":4,"turns":2},{"damage":27,"enemies":"Lagavulin","floor":7,"turns":9},{"damage":24,"enemies":"Gremlin Nob","floor":10,"turns":5},{"damage":0,"enemies":"2 Fungi Beasts","floor":12,"turns":2},{"damage":28,"enemies":"Hexaghost","floor":16,"turns":11}],"seed_played":"-5042334054203164452","potions_obtained":[{"floor":1,"key":"Swift Potion"},{"floor":3,"key":"Explosive Potion"},{"floor":10,"key":"SkillPotion"}],"is_trial":false,"path_per_floor":["M","?","M","M","?","R","E","?","T","E","R","M","?","$","R","B"],"character_chosen":"THE_SILENT","items_purchased":["Leg Sweep","Mercury Hourglass"],"campfire_rested":0,"item_purchase_floors":[14,14],"current_hp_per_floor":[59,59,59,59,64,64,37,37,37,13,13,13,13,28,28,0],"gold":14,"neow_bonus":"BOSS_RELIC","is_prod":false,"is_daily":false,"chose_seed":false,"campfire_upgraded":3,"win_rate":0,"timestamp":1568729759,"path_taken":["M","?","?","M","?","R","E","?","T","E","R","M","?","$","R","BOSS"],"build_version":"2019-09-16v2","purchased_purges":1,"victory":false,"max_hp_per_floor":[70,70,70,70,75,75,75,75,75,75,75,75,75,75,75,75],"card_choices":[{"not_picked":["Acrobatics","Concentrate"],"picked":"All Out Attack","floor":1},{"not_picked":["Dagger Spray","Heel Hook"],"picked":"Crippling Poison","floor":3},{"not_picked":["Infinite Blades","All Out Attack"],"picked":"Cloak And Dagger","floor":4},{"not_picked":["Acrobatics","Dagger Spray"],"picked":"Adrenaline","floor":7},{"not_picked":["Deadly Poison","Cloak And Dagger"],"picked":"Dagger Spray","floor":10},{"not_picked":["Cloak And Dagger","Backflip"],"picked":"Accuracy","floor":12}],"player_experience":650099,"relics_obtained":[{"floor":7,"key":"MealTicket"},{"floor":9,"key":"PreservedInsect"},{"floor":10,"key":"Dream Catcher"}],"event_choices":[{"cards_removed":["Strike_G"],"damage_healed":0,"gold_gain":0,"player_choice":"Took Card","damage_taken":0,"max_hp_gain":0,"max_hp_loss":0,"event_name":"NoteForYourself","floor":2,"gold_loss":0,"cards_obtained":["Blade Dance"]},{"damage_healed":0,"gold_gain":0,"player_choice":"Donut","damage_taken":0,"max_hp_gain":5,"max_hp_loss":0,"event_name":"Big Fish","floor":5,"gold_loss":0},{"cards_removed":["Strike_G"],"damage_healed":0,"gold_gain":0,"player_choice":"Card Removal","damage_taken":0,"max_hp_gain":0,"max_hp_loss":0,"event_name":"The Cleric","floor":8,"gold_loss":50},{"damage_healed":0,"gold_gain":175,"player_choice":"AGREE","damage_taken":0,"max_hp_gain":0,"max_hp_loss":0,"event_name":"Liars Game","floor":13,"gold_loss":0,"cards_obtained":["Doubt"]}],"is_beta":true,"boss_relics":[],"items_purged_floors":[14],"is_endless":false,"potions_floor_spawned":[1,3,10],"killed_by":"Hexaghost","ascension_level":12}