{"gold_per_floor":[117,135,135,135,146,173,140,140],"floor_reached":8,"playtime":207,"items_purged":[],"score":87,"play_id":"87a8ff49-32dd-4593-9cc6-ed2d86b96c9f","local_time":"20190328183335","is_ascension_mode":true,"campfire_choices":[],"neow_cost":"NONE","seed_source_timestamp":172569403621437,"circlet_count":0,"master_deck":["AscendersBane","Defend_G","Defend_G+1","Defend_G","Defend_G","Defend_G","Strike_G","Strike_G","Strike_G","Strike_G","Strike_G","Survivor","Neutralize+1","Infinite Blades+1","Choke","Poisoned Stab","Finisher","Footwork"],"relics":["Ring of the Snake","Bottled Tornado"],"potions_floor_usage":[],"damage_taken":[{"damage":0,"enemies":"2 Louse","floor":1,"turns":3},{"damage":1,"enemies":"Jaw Worm","floor":2,"turns":3},{"damage":0,"enemies":"Cultist","floor":5,"turns":3},{"damage":30,"enemies":"Gremlin Nob","floor":6,"turns":4},{"damage":15,"enemies":"Gremlin Gang","floor":8,"turns":2}],"seed_played":"-8702957764465887033","potions_obtained":[{"floor":1,"key":"Block Potion"}],"is_trial":false,"path_per_floor":["M","M","?","?","M","E","$","M"],"character_chosen":"THE_SILENT","items_purchased":["Footwork"],"campfire_rested":0,"item_purchase_floors":[7],"current_hp_per_floor":[70,69,69,54,54,24,24,9],"gold":140,"neow_bonus":"TEN_PERCENT_HP_BONUS","is_prod":false,"is_daily":false,"chose_seed":false,"campfire_upgraded":0,"win_rate":0,"timestamp":1553819615,"path_taken":["M","M","?","?","M","E","?","?"],"build_version":"2019-01-23","purchased_purges":0,"victory":false,"max_hp_per_floor":[77,77,77,77,77,77,77,77],"card_choices":[{"not_picked":["Catalyst","Acrobatics"],"picked":"Infinite Blades","floor":1},{"not_picked":["Bane","Dagger Throw"],"picked":"Choke","floor":2},{"not_picked":["Tactician","Bane"],"picked":"Poisoned Stab","floor":5},{"not_picked":["Calculated Gamble","Slice"],"picked":"Finisher","floor":6}],"player_experience":470353,"relics_obtained":[{"floor":6,"key":"Bottled Tornado"}],"event_choices":[{"damage_healed":0,"gold_gain":0,"player_choice":"Grow","damage_taken":0,"max_hp_gain":0,"max_hp_loss":0,"event_name":"Living Wall","floor":3,"gold_loss":0,"cards_upgraded":["Infinite Blades"]},{"damage_healed":0,"gold_gain":0,"player_choice":"Entered Light","damage_taken":15,"max_hp_gain":0,"max_hp_loss":0,"event_name":"Shining Light","floor":4,"gold_loss":0,"cards_upgraded":["Defend_G","Neutralize"]}],"is_beta":false,"boss_relics":[],"items_purged_floors":[],"is_endless":false,"potions_floor_spawned":[1],"killed_by":"Gremlin Gang","ascension_level":11}