{"gold_per_floor":[118,118,132,20,20,20,54,72,72,90,108,135,135,135,135,240,240,209,29,45,93,123,123],"floor_reached":23,"playtime":756,"items_purged":["Pain","Strike_G"],"score":386,"play_id":"497cf47a-9d21-46b5-8612-8f09849ab2d9","local_time":"20190328180051","is_ascension_mode":true,"campfire_choices":[{"data":"Infinite Blades","floor":6,"key":"SMITH"},{"data":"Footwork","floor":15,"key":"SMITH"}],"neow_cost":"NONE","seed_source_timestamp":170054462874001,"circlet_count":0,"master_deck":["AscendersBane","Defend_G","Defend_G","Defend_G","Defend_G","Defend_G","Strike_G","Strike_G","Strike_G","Strike_G","Survivor","Neutralize","Flying Knee","Bane","Infinite Blades+1","Adrenaline","Footwork+1","Blur","Accuracy","Accuracy","Parasite","Envenom","Riddle With Holes+1","Infinite Blades","Deflect+1","Caltrops+1"],"relics":["Ring of the Snake","WarpedTongs","Gambling Chip","Bottled Tornado","Mummified Hand","Kunai","Eternal Feather","Boot","Red Mask"],"potions_floor_usage":[12,22,23],"damage_taken":[{"damage":7,"enemies":"Cultist","floor":1,"turns":7},{"damage":14,"enemies":"Jaw Worm","floor":3,"turns":4},{"damage":32,"enemies":"3 Sentries","floor":7,"turns":8},{"damage":0,"enemies":"2 Louse","floor":8,"turns":3},{"damage":5,"enemies":"Looter","floor":10,"turns":3},{"damage":4,"enemies":"Red Slaver","floor":11,"turns":4},{"damage":6,"enemies":"Gremlin Nob","floor":12,"turns":4},{"damage":0,"enemies":"Hexaghost","floor":16,"turns":12},{"damage":3,"enemies":"2 Thieves","floor":18,"turns":5},{"damage":3,"enemies":"Spheric Guardian","floor":20,"turns":5},{"damage":40,"enemies":"Masked Bandits","floor":22,"turns":4},{"damage":12,"enemies":"Slavers","floor":23,"turns":3}],"seed_played":"419285717844676906","potions_obtained":[{"floor":3,"key":"SpeedPotion"},{"floor":8,"key":"SpeedPotion"},{"floor":10,"key":"PowerPotion"},{"floor":18,"key":"AttackPotion"}],"is_trial":false,"path_per_floor":["M","?","M","$","?","R","E","M","T","M","M","E","?","T","R","B",null,"M","$","M","T","?","E"],"character_chosen":"THE_SILENT","items_purchased":["Infinite Blades","Infinite Blades"],"campfire_rested":0,"item_purchase_floors":[4,19],"current_hp_per_floor":[63,63,49,49,49,49,17,17,17,12,8,2,21,21,21,21,63,60,60,57,57,17,5],"gold":123,"neow_bonus":"TEN_PERCENT_HP_BONUS","is_prod":false,"is_daily":false,"chose_seed":false,"campfire_upgraded":2,"win_rate":0,"timestamp":1553817651,"path_taken":["M","?","?","$","?","R","E","M","T","M","M","E","?","?","R","BOSS","M","$","M","?","?","E"],"build_version":"2019-01-23","purchased_purges":2,"victory":false,"max_hp_per_floor":[77,77,77,77,77,77,77,77,77,77,77,77,77,77,77,77,77,77,77,77,77,77,77],"card_choices":[{"not_picked":["Setup","Prepared"],"picked":"Flying Knee","floor":1},{"not_picked":["Deflect","Backflip"],"picked":"Bane","floor":3},{"not_picked":["Bouncing Flask","Blade Dance"],"picked":"Adrenaline","floor":7},{"not_picked":["Escape Plan","Dagger Spray"],"picked":"Footwork","floor":8},{"not_picked":["Underhanded Strike","All Out Attack"],"picked":"Blur","floor":10},{"not_picked":["Catalyst","Predator"],"picked":"Accuracy","floor":11},{"not_picked":["Masterful Stab","Setup"],"picked":"Accuracy","floor":12},{"not_picked":["Adrenaline","Wraith Form v2"],"picked":"Envenom","floor":16},{"not_picked":["Expertise+1","Sucker Punch"],"picked":"Riddle With Holes+1","floor":18},{"not_picked":["Heel Hook","Flying Knee"],"picked":"Deflect+1","floor":20},{"not_picked":["Tactician+1","Backflip"],"picked":"Caltrops+1","floor":22}],"player_experience":469252,"relics_obtained":[{"floor":7,"key":"Gambling Chip"},{"floor":9,"key":"Bottled Tornado"},{"floor":12,"key":"Mummified Hand"},{"floor":14,"key":"Kunai"},{"floor":21,"key":"Boot"},{"floor":22,"key":"Red Mask"}],"event_choices":[{"damage_healed":0,"gold_gain":0,"player_choice":"Rummage","damage_taken":0,"relics_obtained":["WarpedTongs"],"max_hp_gain":0,"max_hp_loss":0,"event_name":"Accursed Blacksmith","floor":2,"gold_loss":0,"cards_obtained":["Pain"]},{"damage_healed":0,"gold_gain":0,"player_choice":"Leave","damage_taken":0,"max_hp_gain":0,"max_hp_loss":0,"event_name":"The Cleric","floor":5,"gold_loss":0},{"damage_healed":19,"gold_gain":0,"player_choice":"Healed and dodged fight","damage_taken":0,"max_hp_gain":0,"max_hp_loss":0,"event_name":"Mushrooms","floor":13,"gold_loss":0,"cards_obtained":["Parasite"]},{"damage_healed":0,"gold_gain":0,"player_choice":"Fought Bandits","damage_taken":0,"max_hp_gain":0,"max_hp_loss":0,"event_name":"Masked Bandits","floor":22,"gold_loss":0}],"is_beta":false,"boss_relics":[{"not_picked":["Philosopher\u0027s Stone","HoveringKite"],"picked":"Eternal Feather"}],"items_purged_floors":[4,19],"is_endless":false,"potions_floor_spawned":[3,8,10,18],"killed_by":"Slavers","ascension_level":11}