{"gold_per_floor":[113,126,126,126,126,144,164,164,164,37,49,49,62,62,62,185,185,210,210,2,22,22,22,42,42,65,88,109,127,127,127,127,255,255,279,279,104,229,242,242,242,242,242,69,69,93,114,114,114,114],"floor_reached":50,"playtime":17776,"items_purged":["Strike_P","Strike_P","Defend_P"],"score":456,"play_id":"3093bddd-856c-43e4-89da-7deac93ab87d","local_time":"20190924164458","is_ascension_mode":true,"campfire_choices":[{"data":"Eruption","floor":8,"key":"SMITH"},{"data":"WindmillStrike","floor":15,"key":"SMITH"},{"data":"Judgement","floor":23,"key":"SMITH"},{"data":"Vigilance","floor":25,"key":"SMITH"},{"data":"Wireheading","floor":32,"key":"SMITH"},{"floor":40,"key":"REST"},{"data":"Establishment","floor":42,"key":"SMITH"},{"floor":49,"key":"REST"}],"neow_cost":"NONE","seed_source_timestamp":1049796429800,"circlet_count":0,"master_deck":["Defend_P","Defend_P","Eruption+1","Vigilance+1","DeusExMachina","CarveReality","EmptyBody","ClearTheMind","FollowUp","EmptyFist","EmptyMind","WindmillStrike+1","Judgement+1","EmptyBody","Wireheading+1","Vault","Protect+1","MentalFortress","InnerPeace","Unraveling","Sanctity+1","Establishment+1","Crescendo","ThirdEye","Parasite","EmptyFist+1"],"relics":["PureWater","Regal Pillow","Golden Idol","VioletLotus","PreservedInsect","Velvet Choker","Du-Vu Doll","Blue Candle"],"potions_floor_usage":[11,16,27,27,32,38,45,50,50,50],"damage_taken":[{"damage":6,"enemies":"2 Louse","floor":1,"turns":3},{"damage":0,"enemies":"Jaw Worm","floor":2,"turns":3},{"damage":0,"enemies":"Small Slimes","floor":6,"turns":3},{"damage":0,"enemies":"Blue Slaver","floor":7,"turns":4},{"damage":2,"enemies":"Looter","floor":11,"turns":3},{"damage":0,"enemies":"3 Louse","floor":13,"turns":3},{"damage":30,"enemies":"Hexaghost","floor":16,"turns":9},{"damage":4,"enemies":"Chosen","floor":18,"turns":6},{"damage":7,"enemies":"3 Byrds","floor":21,"turns":4},{"damage":3,"enemies":"Centurion and Healer","floor":24,"turns":4},{"damage":1,"enemies":"Snake Plant","floor":27,"turns":3},{"damage":0,"enemies":"Cultist and Chosen","floor":28,"turns":6},{"damage":1,"enemies":"Chosen and Byrds","floor":29,"turns":4},{"damage":13,"enemies":"Champ","floor":33,"turns":13},{"damage":10,"enemies":"3 Shapes","floor":35,"turns":5},{"damage":7,"enemies":"Mind Bloom Boss Battle","floor":38,"turns":9},{"damage":7,"enemies":"Orb Walker","floor":39,"turns":6},{"damage":4,"enemies":"Sphere and 2 Shapes","floor":45,"turns":3},{"damage":16,"enemies":"Writhing Mass","floor":46,"turns":7},{"damage":9,"enemies":"Jaw Worm Horde","floor":47,"turns":5},{"damage":71,"enemies":"Time Eater","floor":50,"turns":15}],"seed_played":"565915462141674557","potions_obtained":[{"floor":1,"key":"Weak Potion"},{"floor":13,"key":"EssenceOfSteel"},{"floor":16,"key":"Dexterity Potion"},{"floor":18,"key":"Fire Potion"},{"floor":24,"key":"Regen Potion"},{"floor":29,"key":"SpeedPotion"},{"floor":31,"key":"Fruit Juice"},{"floor":33,"key":"Weak Potion"},{"floor":38,"key":"SmokeBomb"},{"floor":46,"key":"SkillPotion"}],"is_trial":false,"path_per_floor":["M","M","?","?","$","M","M","R","T","$","M","?","M","$","R","B",null,"M","?","$","M","$","R","M","R","T","M","M","M","?","?","R","B",null,"M","?","$","?","M","R","?","R","T","$","M","M","M","?","R","B"],"character_chosen":"WATCHER","items_purchased":["EmptyFist","Wireheading","Vault","Establishment","ThirdEye"],"campfire_rested":2,"item_purchase_floors":[10,20,20,37,44],"current_hp_per_floor":[59,59,59,52,52,52,52,52,52,52,50,50,50,50,50,20,60,56,56,56,49,49,49,46,46,46,54,54,53,53,53,58,45,65,55,55,55,48,41,65,65,65,65,65,61,45,36,36,65,0],"gold":114,"neow_bonus":"TRANSFORM_CARD","is_prod":false,"is_daily":false,"chose_seed":false,"campfire_upgraded":6,"win_rate":0,"timestamp":1569339898,"path_taken":["M","M","?","?","?","M","M","R","T","$","M","?","?","$","R","BOSS","M","?","$","M","$","R","M","R","T","M","M","M","?","?","R","BOSS","M","?","$","?","M","R","?","R","T","$","M","M","M","?","R","BOSS"],"build_version":"2019-09-23","purchased_purges":3,"victory":false,"max_hp_per_floor":[65,65,65,65,65,65,65,65,65,65,65,60,60,60,60,60,60,60,60,60,60,60,60,60,60,60,60,60,60,60,60,65,65,65,65,65,65,65,65,65,65,65,65,65,65,65,65,65,65,65],"card_choices":[{"not_picked":["PathToVictory","Tantrum"],"picked":"CarveReality","floor":1},{"not_picked":["FlyingSleeves","WheelKick"],"picked":"EmptyBody","floor":2},{"not_picked":["Crescendo","Weave"],"picked":"FollowUp","floor":6},{"not_picked":["Weave","EmptyFist"],"picked":"CutThroughFate","floor":7},{"not_picked":["Halt","Wallop"],"picked":"EmptyMind","floor":11},{"not_picked":["EmptyBody","Crescendo"],"picked":"WindmillStrike","floor":13},{"not_picked":["Pray","Omniscience"],"picked":"Judgement","floor":16},{"not_picked":["CrushJoints+1","EmptyFist"],"picked":"EmptyBody","floor":18},{"not_picked":["Halt","FlyingSleeves"],"picked":"Protect+1","floor":21},{"not_picked":["Halt+1","FlyingSleeves+1","TalkToTheHand"],"picked":"SKIP","floor":24},{"not_picked":["InnerPeace","Protect"],"picked":"MentalFortress","floor":27},{"not_picked":["EmptyBody","Ragnarok","ClearTheMind"],"picked":"SKIP","floor":28},{"not_picked":["CleanseEvil+1","WindmillStrike+1"],"picked":"InnerPeace","floor":29},{"not_picked":["Blasphemy","Brilliance"],"picked":"Unraveling","floor":33},{"not_picked":["FearNoEvil+1","Weave+1"],"picked":"Sanctity+1","floor":35},{"not_picked":["FollowUp+1","CutThroughFate+1"],"picked":"Crescendo","floor":38},{"not_picked":["WreathOfFlame+1","BowlingBash","Collect+1"],"picked":"SKIP","floor":39},{"not_picked":["EmptyMind","WreathOfFlame","Omniscience"],"picked":"SKIP","floor":46},{"not_picked":["CarveReality+1","CutThroughFate"],"picked":"EmptyFist+1","floor":47}],"player_experience":233652,"relics_obtained":[{"floor":9,"key":"Regal Pillow"},{"floor":26,"key":"PreservedInsect"},{"floor":38,"key":"Du-Vu Doll"},{"floor":43,"key":"Blue Candle"}],"event_choices":[{"damage_healed":0,"gold_gain":0,"cards_transformed":["Strike_P"],"player_choice":"Change","damage_taken":0,"max_hp_gain":0,"max_hp_loss":0,"event_name":"Living Wall","floor":3,"gold_loss":0,"cards_obtained":["ClearTheMind"]},{"cards_removed":["Defend_P"],"damage_healed":0,"gold_gain":0,"player_choice":"Card Removal","damage_taken":7,"max_hp_gain":0,"max_hp_loss":0,"event_name":"Golden Wing","floor":4,"gold_loss":0},{"damage_healed":0,"gold_gain":0,"player_choice":"Lose Max HP","damage_taken":0,"relics_obtained":["Golden Idol"],"max_hp_gain":0,"max_hp_loss":5,"event_name":"Golden Idol","floor":12,"gold_loss":0},{"damage_healed":0,"gold_gain":0,"player_choice":"Ignored","damage_taken":0,"max_hp_gain":0,"max_hp_loss":0,"event_name":"The Mausoleum","floor":19,"gold_loss":0},{"damage_healed":0,"gold_gain":0,"player_choice":"Ignored","damage_taken":0,"max_hp_gain":0,"max_hp_loss":0,"event_name":"Vampires","floor":30,"gold_loss":0},{"damage_healed":0,"gold_gain":0,"player_choice":"Got Potions","damage_taken":0,"max_hp_gain":0,"max_hp_loss":0,"event_name":"Lab","floor":31,"gold_loss":0},{"damage_healed":0,"gold_gain":0,"player_choice":"Ignored","damage_taken":0,"max_hp_gain":0,"max_hp_loss":0,"event_name":"Tomb of Lord Red Mask","floor":36,"gold_loss":0},{"damage_healed":0,"gold_gain":0,"player_choice":"Fight","damage_taken":0,"max_hp_gain":0,"max_hp_loss":0,"event_name":"MindBloom","floor":38,"gold_loss":0},{"damage_healed":0,"gold_gain":0,"player_choice":"Ignored","damage_taken":0,"max_hp_gain":0,"max_hp_loss":0,"event_name":"The Moai Head","floor":41,"gold_loss":0},{"cards_removed":["CutThroughFate"],"damage_healed":0,"gold_gain":0,"player_choice":"Removed Attack","damage_taken":0,"max_hp_gain":0,"max_hp_loss":0,"event_name":"Falling","floor":48,"gold_loss":0}],"is_beta":true,"boss_relics":[{"not_picked":["Empty Cage","HolyWater"],"picked":"VioletLotus"},{"not_picked":["Philosopher\u0027s Stone","Coffee Dripper"],"picked":"Velvet Choker"}],"items_purged_floors":[10,37,44],"is_endless":false,"potions_floor_spawned":[1,13,16,18,24,29,33,38,46],"killed_by":"Time Eater","ascension_level":1}