{"gold_per_floor":[117,134,151,3,15,15,15,15,61,73,73,93,127,27,27,125,125,137,137],"floor_reached":19,"playtime":772,"items_purged":["Strike_P","Strike_P"],"score":194,"play_id":"936d8f04-d358-4755-8e02-d8999983dade","local_time":"20190911151050","is_ascension_mode":true,"campfire_choices":[{"data":"FlyingSleeves","floor":6.0,"key":"SMITH"},{"data":"CarveReality","floor":11.0,"key":"SMITH"},{"floor":15.0,"key":"REST"}],"neow_cost":"NONE","seed_source_timestamp":0,"circlet_count":0,"master_deck":["Defend_P","Defend_P","Defend_P","Defend_P","Eruption","Vigilance","CrushJoints","Devotion","CarveReality+1","MentalFortress","FlyingSleeves+1","FearNoEvil","Wireheading","SandsOfTime","DevaForm","ThirdEye"],"special_seed":0,"relics":["PureWater","Potion Belt","Bird Faced Urn","Oddly Smooth Stone","Dead Branch","Empty Cage"],"potions_floor_usage":[],"damage_taken":[{"damage":2.0,"enemies":"Jaw Worm","floor":1.0,"turns":3.0},{"damage":0.0,"enemies":"Cultist","floor":2.0,"turns":2.0},{"damage":0.0,"enemies":"Small Slimes","floor":3.0,"turns":2.0},{"damage":17.0,"enemies":"Red Slaver","floor":5.0,"turns":4.0},{"damage":6.0,"enemies":"3 Louse","floor":10.0,"turns":4.0},{"damage":18.0,"enemies":"Lots of Slimes","floor":12.0,"turns":6.0},{"damage":12.0,"enemies":"Gremlin Nob","floor":13.0,"turns":3.0},{"damage":24.0,"enemies":"Hexaghost","floor":16.0,"turns":6.0},{"damage":0,"enemies":"Spheric Guardian","floor":18,"turns":2},{"damage":22,"enemies":"Shell Parasite","floor":19,"turns":4}],"seed_played":"-1339310468901099161","potions_obtained":[{"floor":5.0,"key":"SkillPotion"},{"floor":10.0,"key":"Weak Potion"},{"floor":13.0,"key":"PowerPotion"},{"floor":16.0,"key":"Weak Potion"},{"floor":18,"key":"StancePotion"}],"is_trial":false,"path_per_floor":["M","M","M","$","M","R","?","T","T","M","R","M","E","$","R","B",null,"M","M"],"character_chosen":"WATCHER","items_purchased":["MentalFortress"],"campfire_rested":1,"item_purchase_floors":[4],"current_hp_per_floor":[63,63,63,63,46,46,51,51,51,45,45,29,17,17,38,22,70,70,52],"gold":137,"neow_bonus":"RANDOM_COMMON_RELIC","is_prod":false,"is_daily":false,"chose_seed":false,"campfire_upgraded":2,"win_rate":0,"timestamp":1568182250,"path_taken":["M","M","M","$","M","R","?","?","T","M","R","M","E","?","R","BOSS","M","M"],"build_version":"2019-09-10","purchased_purges":2,"victory":false,"max_hp_per_floor":[65,65,65,65,65,65,70,70,70,70,70,70,70,70,70,70,70,70,70],"card_choices":[{"not_picked":["FlyingSleeves","ThirdEye"],"picked":"CrushJoints","floor":1.0},{"not_picked":["ClearTheMind","WindmillStrike"],"picked":"Devotion","floor":2.0},{"not_picked":["Halt","CrushJoints"],"picked":"CarveReality","floor":3.0},{"not_picked":["WreathOfFlame","Crescendo"],"picked":"FlyingSleeves","floor":5.0},{"not_picked":["DeusExMachina","Weave"],"picked":"FearNoEvil","floor":10.0},{"not_picked":["Weave","ClearTheMind"],"picked":"Wireheading","floor":12.0},{"not_picked":["MentalFortress","Meditate"],"picked":"SandsOfTime","floor":13.0},{"not_picked":["Brilliance","Alpha"],"picked":"DevaForm","floor":16.0},{"not_picked":["Conclude","Swivel"],"picked":"ThirdEye","floor":18}],"player_experience":593509,"relics_obtained":[{"floor":8.0,"key":"Bird Faced Urn"},{"floor":9.0,"key":"Oddly Smooth Stone"},{"floor":13.0,"key":"Dead Branch"}],"event_choices":[{"damage_healed":0.0,"max_hp_gain":5.0,"max_hp_loss":0.0,"gold_gain":0.0,"event_name":"Big Fish","player_choice":"Donut","floor":7.0,"gold_loss":0.0,"damage_taken":0.0}],"is_beta":true,"boss_relics":[{"not_picked":["Coffee Dripper","Calling Bell"],"picked":"Empty Cage"}],"items_purged_floors":[4,14],"is_endless":false,"potions_floor_spawned":[5,10,13,16,18],"killed_by":"Shell Parasite","ascension_level":3}