{"gold_per_floor":[112,131,142,152,172,172,200,213,213,213,213,213,163,163,163,259,259,276,276,286,286,233,266,279,295,322,211,211,228,238,39,39,140,140,159,159,159,174,189,189,224,31,331,331,346,346],"floor_reached":46,"playtime":1835,"items_purged":["Strike_R","Strike_R"],"score":755,"play_id":"d871b112-a8ce-4ec1-add7-af50bd6bd064","local_time":"20180807205728","is_ascension_mode":true,"campfire_choices":[{"data":"Uppercut","floor":6,"key":"SMITH"},{"data":"Inflame","floor":10,"key":"SMITH"},{"data":"True Grit","floor":12,"key":"SMITH"},{"floor":15,"key":"REST"},{"floor":28,"key":"REST"},{"floor":32,"key":"REST"},{"data":"Heavy Blade","floor":40,"key":"SMITH"}],"neow_cost":"NONE","seed_source_timestamp":2696397259660,"circlet_count":0,"master_deck":["Strike_R+1","Strike_R+1","Defend_R+1","Defend_R+1","Defend_R+1","Defend_R+1","Bash+1","AscendersBane","Reaper+1","Heavy Blade+1","Inflame+1","True Grit+1","Shrug It Off+1","Uppercut+1","Pummel+1","Twin Strike+1","Limit Break+1","Sword Boomerang+1","Battle Trance+1","Spot Weakness+1","Pummel+1","Limit Break+1","Discovery+1","True Grit+1","Power Through+1","Disarm"],"relics":["Burning Blood","Smiling Mask","Du-Vu Doll","Sozu","Nilry\u0027s Codex","Ginger","MawBank","Toolbox","Black Star","Paper Frog","Mummified Hand","Regal Pillow","Old Coin","Mark of the Bloom"],"potions_floor_usage":[46],"damage_taken":[{"damage":4,"enemies":"Jaw Worm","floor":1,"turns":4},{"damage":4,"enemies":"Small Slimes","floor":2,"turns":4},{"damage":1,"enemies":"Cultist","floor":3,"turns":3},{"damage":13,"enemies":"Blue Slaver","floor":4,"turns":6},{"damage":15,"enemies":"3 Louse","floor":5,"turns":3},{"damage":31,"enemies":"Lagavulin","floor":7,"turns":6},{"damage":10,"enemies":"Large Slime","floor":8,"turns":5},{"damage":44,"enemies":"Hexaghost","floor":16,"turns":10},{"damage":9,"enemies":"3 Byrds","floor":18,"turns":5},{"damage":14,"enemies":"Shell Parasite","floor":20,"turns":2},{"damage":44,"enemies":"Gremlin Leader","floor":23,"turns":7},{"damage":21,"enemies":"3 Cultists","floor":24,"turns":4},{"damage":24,"enemies":"Centurion and Healer","floor":25,"turns":5},{"damage":19,"enemies":"Chosen and Byrds","floor":29,"turns":6},{"damage":29,"enemies":"Snake Plant","floor":30,"turns":3},{"damage":10,"enemies":"Champ","floor":33,"turns":5},{"damage":7,"enemies":"Orb Walker","floor":35,"turns":3},{"damage":42,"enemies":"3 Shapes","floor":38,"turns":12},{"damage":11,"enemies":"Sphere and 2 Shapes","floor":39,"turns":6},{"damage":15,"enemies":"Nemesis","floor":41,"turns":3},{"damage":0,"enemies":"4 Shapes","floor":45,"turns":3},{"damage":61,"enemies":"2 Orb Walkers","floor":46,"turns":4}],"seed_played":"9032298922377077709","potions_obtained":[{"floor":4,"key":"Ancient Potion"},{"floor":7,"key":"SneckoOil"}],"is_trial":false,"path_per_floor":["M","M","M","M","M","R","E","M","T","R","$","R","?","?","R","B",null,"M","?","M","?","$","E","M","M","T","$","R","M","M","$","R","B",null,"M","?","?","M","M","R","E","$","T","?","M"],"character_chosen":"IRONCLAD","items_purchased":["Sword Boomerang","Spot Weakness","Toolbox","Regal Pillow"],"campfire_rested":3,"item_purchase_floors":[22,27,31,42],"current_hp_per_floor":[74,76,80,73,80,80,55,51,51,51,51,51,51,35,59,33,68,75,59,51,77,77,42,42,27,27,27,51,42,19,19,44,67,81,86,76,76,67,62,62,53,53,53,53,53,0],"gold":346,"neow_bonus":"ONE_RANDOM_RARE_CARD","is_prod":false,"is_daily":false,"chose_seed":false,"campfire_upgraded":4,"win_rate":0,"timestamp":1533689848,"path_taken":["M","M","M","M","M","R","E","M","T","R","$","R","?","?","R","BOSS","M","?","M","?","$","E","M","M","T","?","R","?","M","$","R","BOSS","M","?","?","?","M","R","E","?","T","?","M","E"],"build_version":"2018-08-07","purchased_purges":2,"victory":false,"max_hp_per_floor":[80,80,80,80,80,80,80,80,80,80,80,80,80,80,80,80,80,80,80,80,80,80,80,80,83,83,83,83,86,86,86,86,86,86,86,86,86,86,86,86,86,86,86,86,86,86],"card_choices":[{"not_picked":["Thunderclap","Sword Boomerang"],"picked":"Heavy Blade","floor":1},{"not_picked":["Shockwave","Seeing Red"],"picked":"Inflame","floor":2},{"not_picked":["Rage","Shrug It Off"],"picked":"True Grit","floor":3},{"not_picked":["Power Through","True Grit"],"picked":"Shrug It Off","floor":4},{"not_picked":["Shrug It Off","Hemokinesis"],"picked":"Uppercut","floor":5},{"not_picked":["Evolve","Wild Strike"],"picked":"Pummel","floor":7},{"not_picked":["Blood for Blood","Pummel"],"picked":"Twin Strike","floor":8},{"not_picked":["Reaper","Impervious"],"picked":"Limit Break","floor":16},{"not_picked":["Anger","Intimidate","Iron Wave"],"picked":"SKIP","floor":18},{"not_picked":["Evolve+1","True Grit","Warcry"],"picked":"SKIP","floor":20},{"not_picked":["Hemokinesis","Fire Breathing","Dual Wield"],"picked":"SKIP","floor":23},{"not_picked":["Sword Boomerang","Infernal Blade"],"picked":"Battle Trance","floor":24},{"not_picked":["Power Through","Body Slam","Sword Boomerang"],"picked":"SKIP","floor":25},{"not_picked":["Headbutt","True Grit"],"picked":"Pummel","floor":29},{"not_picked":["Warcry","Pommel Strike","Clash+1"],"picked":"SKIP","floor":30},{"not_picked":["Feed","Dark Embrace"],"picked":"Limit Break","floor":33},{"not_picked":["Entrench","Havoc","Body Slam"],"picked":"SKIP","floor":35},{"not_picked":["Chrysalis","Dark Shackles"],"picked":"Discovery","floor":36},{"not_picked":["Carnage+1","Blood for Blood","Second Wind"],"picked":"SKIP","floor":38},{"not_picked":["Wild Strike","Power Through"],"picked":"True Grit+1","floor":39},{"not_picked":["Infernal Blade+1","Battle Trance+1"],"picked":"Power Through","floor":41},{"not_picked":["Clash","Pommel Strike"],"picked":"Disarm","floor":45}],"player_experience":818359,"relics_obtained":[{"floor":7,"key":"Smiling Mask"},{"floor":9,"key":"Du-Vu Doll"},{"floor":19,"key":"Nilry\u0027s Codex"},{"floor":23,"key":"Ginger"},{"floor":26,"key":"MawBank"},{"floor":41,"key":"Paper Frog"},{"floor":41,"key":"Mummified Hand"},{"floor":43,"key":"Old Coin"}],"event_choices":[{"event_name":"The Cleric","player_choice":"Card Removal","floor":13,"damage_taken":0},{"event_name":"Shining Light","player_choice":"Entered Light","floor":14,"damage_taken":0},{"event_name":"Cursed Tome","player_choice":"Obtained Book","floor":19,"damage_taken":0},{"event_name":"The Library","player_choice":"Heal","floor":21,"damage_taken":0},{"event_name":"SensoryStone","player_choice":"Memory 3","floor":36,"damage_taken":0},{"event_name":"SecretPortal","player_choice":"Rejected Portal.","floor":37,"damage_taken":0},{"event_name":"MindBloom","player_choice":"Upgrade","floor":44,"damage_taken":0}],"is_beta":true,"boss_relics":[{"not_picked":["Velvet Choker","Runic Dome"],"picked":"Sozu"},{"not_picked":["Pandora\u0027s Box","Fusion Hammer"],"picked":"Black Star"}],"items_purged_floors":[27,42],"is_endless":false,"potions_floor_spawned":[4,7,8,16,20,23,29,33,38,39],"killed_by":"2 Orb Walkers","ascension_level":12}