{"gold_per_floor":[112,112,124,135,152,152,182,182,182,201,229,229,245,258,258,258],"floor_reached":16,"playtime":547,"items_purged":[],"score":182,"play_id":"98005330-b2ad-4386-9206-054975a43453","local_time":"20190414160239","is_ascension_mode":true,"campfire_choices":[{"data":"Neutralize","floor":6,"key":"SMITH"},{"data":"Neutralize","floor":8,"key":"SMITH"},{"floor":12,"key":"REST"},{"data":"Envenom","floor":15,"key":"SMITH"}],"neow_cost":"TEN_PERCENT_HP_LOSS","seed_source_timestamp":248079976152674,"circlet_count":0,"master_deck":["AscendersBane","Defend_G","Defend_G","Defend_G","Defend_G","Defend_G","Strike_G","Strike_G","Strike_G","Strike_G","Strike_G","Survivor","Neutralize+1","Bouncing Flask","Neutralize+1","Cloak And Dagger","Deadly Poison","Prepared","Backstab","Envenom+1","PiercingWail+1","PiercingWail+1","Prepared+1"],"relics":["Ring of the Snake","Ice Cream","Strawberry","Ancient Tea Set","Toxic Egg 2"],"potions_floor_usage":[5,11,16],"damage_taken":[{"damage":4,"enemies":"Small Slimes","floor":1,"turns":4},{"damage":0,"enemies":"Cultist","floor":3,"turns":4},{"damage":7,"enemies":"Jaw Worm","floor":4,"turns":4},{"damage":15,"enemies":"Gremlin Gang","floor":5,"turns":5},{"damage":13,"enemies":"Gremlin Nob","floor":7,"turns":4},{"damage":14,"enemies":"Large Slime","floor":10,"turns":6},{"damage":31,"enemies":"3 Sentries","floor":11,"turns":10},{"damage":1,"enemies":"Red Slaver","floor":13,"turns":3},{"damage":2,"enemies":"Exordium Thugs","floor":14,"turns":4},{"damage":15,"enemies":"Slime Boss","floor":16,"turns":8}],"seed_played":"751392020810025213","potions_obtained":[{"floor":1,"key":"Strength Potion"},{"floor":3,"key":"SteroidPotion"},{"floor":5,"key":"Regen Potion"}],"is_trial":false,"path_per_floor":["M","?","M","M","M","R","E","R","T","M","E","R","M","M","R","B"],"character_chosen":"THE_SILENT","items_purchased":[],"campfire_rested":1,"item_purchase_floors":[],"current_hp_per_floor":[59,59,59,52,37,37,31,31,31,17,1,22,21,19,19,4],"gold":258,"neow_bonus":"ONE_RARE_RELIC","is_prod":false,"is_daily":false,"chose_seed":false,"campfire_upgraded":3,"win_rate":0,"timestamp":1555279359,"path_taken":["M","?","M","?","M","R","E","R","T","M","E","R","M","M","R","BOSS"],"build_version":"2019-01-23","purchased_purges":0,"victory":false,"max_hp_per_floor":[63,63,63,63,63,63,70,70,70,70,70,70,70,70,70,70],"card_choices":[{"not_picked":["Dagger Spray","Distraction"],"picked":"Bouncing Flask","floor":1},{"not_picked":["Skewer","Blade Dance"],"picked":"Cloak And Dagger","floor":3},{"not_picked":["Setup","Calculated Gamble"],"picked":"Deadly Poison","floor":4},{"not_picked":["Acrobatics","Quick Slash"],"picked":"Prepared","floor":5},{"not_picked":["Bane","Quick Slash"],"picked":"Backstab","floor":7},{"not_picked":["Sucker Punch","Underhanded Strike"],"picked":"Envenom","floor":10},{"not_picked":["Backflip","Flechettes"],"picked":"PiercingWail","floor":11},{"not_picked":["Setup+1","Dagger Throw"],"picked":"PiercingWail+1","floor":13},{"not_picked":["Dagger Spray","Masterful Stab"],"picked":"Prepared+1","floor":14}],"player_experience":507717,"relics_obtained":[{"floor":7,"key":"Strawberry"},{"floor":9,"key":"Ancient Tea Set"},{"floor":11,"key":"Toxic Egg 2"}],"event_choices":[{"damage_healed":0,"gold_gain":0,"player_choice":"1 cards matched","damage_taken":0,"max_hp_gain":0,"max_hp_loss":0,"event_name":"Match and Keep!","floor":2,"gold_loss":0,"cards_obtained":["Neutralize"]}],"is_beta":false,"boss_relics":[],"items_purged_floors":[],"is_endless":false,"potions_floor_spawned":[1,3,5,10],"killed_by":"Slime Boss","ascension_level":12}