{"path_per_floor":["M","?","M","M","M","R","E","R","T","?","R","M","R","E","R","B",null,"M","M","?","M","$","E","R","M","T","M","E","$","M","E","R","B",null,"M","M","$","?","M","R"],"character_chosen":"IRONCLAD","items_purchased":["Paper Frog","Apotheosis","Whetstone","Bottled Lightning"],"gold_per_floor":[11,11,24,42,63,63,101,101,128,203,203,226,226,259,259,389,389,409,430,430,444,6,41,41,66,138,162,198,49,65,105,105,235,235,258,276,35,104,127,127,127],"floor_reached":41,"campfire_rested":4,"playtime":1413,"current_hp_per_floor":[76,52,48,52,58,58,50,78,78,67,67,75,75,55,84,11,76,67,54,54,28,28,36,66,72,72,80,55,55,61,36,68,26,88,70,67,67,75,80,80,0],"items_purged":[],"gold":127,"score":709,"play_id":"82ccce6d-3df3-4065-83a1-97e401ef2f7e","local_time":"20180512215352","is_prod":false,"is_daily":false,"chose_seed":false,"is_ascension_mode":true,"campfire_upgraded":4,"timestamp":1526176432,"path_taken":["M","?","?","M","M","R","E","R","T","?","R","M","R","E","R","BOSS","M","M","?","M","$","E","R","M","T","?","E","$","M","E","R","BOSS","M","M","$","?","M","R","E"],"build_version":"2018-05-12v2","seed_source_timestamp":281539896309152,"purchased_purges":0,"victory":false,"master_deck":["Strike_R+1","Strike_R+1","Strike_R+1","Strike_R+1","Strike_R+1","Defend_R+1","Defend_R+1","Defend_R+1","Defend_R+1","Bash+1","Iron Wave+1","Clash+1","Whirlwind+1","Shrug It Off","Twin Strike+1","Wild Strike","Double Tap","Flex","Flame Barrier+1","Apotheosis+1","Reckless Charge+1","Pummel+1","Impervious","Cleave+1"],"max_hp_per_floor":[96,96,96,96,96,96,96,96,96,96,96,98,98,98,98,98,98,100,100,100,100,100,102,102,102,102,104,106,106,106,108,108,108,108,108,110,110,112,114,114,114],"relics":["Burning Blood","Golden Idol","Singing Bowl","Lantern","Happy Flower","White Beast Statue","Paper Frog","Omamori","Letter Opener","Bag of Marbles","Whetstone","Pen Nib","Runic Cube","Bottled Lightning","Gambling Chip"],"card_choices":[{"not_picked":["Dropkick","Anger"],"picked":"Iron Wave","floor":1},{"not_picked":["Perfected Strike","Intimidate"],"picked":"Clash","floor":3},{"not_picked":["Pommel Strike","Ghostly Armor"],"picked":"Whirlwind","floor":4},{"not_picked":["Armaments","Sword Boomerang"],"picked":"Shrug It Off","floor":5},{"not_picked":["Heavy Blade","Seeing Red"],"picked":"Twin Strike","floor":7},{"not_picked":["Warcry","Armaments","Twin Strike"],"picked":"Singing Bowl","floor":12},{"not_picked":["Armaments","Limit Break"],"picked":"Wild Strike","floor":14},{"not_picked":["Offering","Immolate"],"picked":"Double Tap","floor":16},{"not_picked":["Heavy Blade+1","Thunderclap","True Grit+1"],"picked":"Singing Bowl","floor":18},{"not_picked":["Seeing Red","Anger"],"picked":"Flex","floor":19},{"not_picked":["Body Slam+1","Heavy Blade"],"picked":"Flame Barrier+1","floor":21},{"not_picked":["Thunderclap","Anger","Intimidate"],"picked":"Singing Bowl","floor":23},{"not_picked":["Thunderclap","Anger"],"picked":"Reckless Charge+1","floor":25},{"not_picked":["Shrug It Off","Iron Wave","Headbutt"],"picked":"Singing Bowl","floor":27},{"not_picked":["Evolve","Perfected Strike","Double Tap"],"picked":"Singing Bowl","floor":28},{"not_picked":["Armaments","Iron Wave"],"picked":"Pummel+1","floor":30},{"not_picked":["Dropkick","Sentinel+1","Bludgeon"],"picked":"Singing Bowl","floor":31},{"not_picked":["Barricade","Exhume"],"picked":"Impervious","floor":33},{"not_picked":["Warcry+1","Havoc"],"picked":"Cleave+1","floor":35},{"not_picked":["Body Slam","Anger","Flame Barrier+1"],"picked":"Singing Bowl","floor":36},{"not_picked":["Twin Strike+1","Warcry","Rage+1"],"picked":"Singing Bowl","floor":38},{"not_picked":["Cleave+1","Shrug It Off","Anger+1"],"picked":"Singing Bowl","floor":39}],"player_experience":738680,"potions_floor_usage":[16,19,21,23,23,25,28,28,33,33,33,41,41,41],"damage_taken":[{"damage":18,"enemies":"Jaw Worm","floor":1,"turns":4},{"damage":10,"enemies":"Cultist","floor":3,"turns":4},{"damage":2,"enemies":"2 Louse","floor":4,"turns":2},{"damage":0,"enemies":"Large Slime","floor":5,"turns":6},{"damage":14,"enemies":"3 Sentries","floor":7,"turns":9},{"damage":0,"enemies":"Gremlin Gang","floor":12,"turns":2},{"damage":26,"enemies":"Lagavulin","floor":14,"turns":6},{"damage":79,"enemies":"Hexaghost","floor":16,"turns":10},{"damage":17,"enemies":"Spheric Guardian","floor":18,"turns":4},{"damage":29,"enemies":"2 Thieves","floor":19,"turns":4},{"damage":32,"enemies":"Snecko","floor":21,"turns":6},{"damage":0,"enemies":"Gremlin Leader","floor":23,"turns":5},{"damage":0,"enemies":"Snake Plant","floor":25,"turns":2},{"damage":0,"enemies":"Sentry and Sphere","floor":27,"turns":2},{"damage":33,"enemies":"Book of Stabbing","floor":28,"turns":5},{"damage":0,"enemies":"Snecko","floor":30,"turns":5},{"damage":33,"enemies":"Slavers","floor":31,"turns":4},{"damage":58,"enemies":"Collector","floor":33,"turns":7},{"damage":24,"enemies":"3 Shapes","floor":35,"turns":4},{"damage":11,"enemies":"Flame Bruiser 1 Orb","floor":36,"turns":6},{"damage":0,"enemies":"Mysterious Sphere","floor":38,"turns":2},{"damage":3,"enemies":"Sphere and 2 Shapes","floor":39,"turns":3},{"damage":118,"enemies":"Giant Head","floor":41,"turns":7}],"event_choices":[{"event_name":"Golden Idol","player_choice":"Take Damage","floor":2,"damage_taken":0},{"event_name":"World of Goop","player_choice":"Gather Gold","floor":10,"damage_taken":0},{"event_name":"Back to Basics","player_choice":"Simplicity","floor":20,"damage_taken":0},{"event_name":"Mysterious Sphere","player_choice":"Fight","floor":38,"damage_taken":0}],"boss_relics":[{"not_picked":["Astrolabe","Black Star"],"picked":"White Beast Statue"},{"not_picked":["Calling Bell","Pandora\u0027s Box"],"picked":"Runic Cube"}],"potions_floor_spawned":[1,3,7,18,19,21,23,25,27,28,30,31,33,35,36,38,39],"seed_played":"-6825321943729660114","killed_by":"Giant Head","ascension_level":6,"is_trial":false}