{"path_per_floor":["M","M","M","M","$","E","M","R","T","?","?","?","E","$","R","B",null,"M","M","$","M","M","E","M","R","T","M","M","M","T","E","R","B",null,"M","M","M","M","M","$","M","E","T","M","T","E","M","M","R","B"],"character_chosen":"THE_SILENT","items_purchased":["Riddle With Holes","Backstab","Ornamental Fan","Ancient Tea Set","Shovel"],"gold_per_floor":[114,129,144,159,89,119,134,134,209,209,284,284,314,240,240,340,340,355,370,120,135,150,180,195,195,195,240,255,270,270,300,300,400,430,445,460,475,490,505,85,100,130,155,170,195,225,240,255,255,255],"floor_reached":51,"campfire_rested":0,"playtime":1780,"current_hp_per_floor":[70,68,67,67,67,67,74,74,74,74,63,51,51,51,51,51,77,77,77,77,77,77,77,77,77,77,77,77,77,77,77,77,77,82,82,82,96,96,96,96,96,98,98,98,100,102,102,102,112,112],"items_purged":[],"gold":255,"score":1269,"play_id":"9efc9d54-4e9f-419d-9308-a9f984e5e914","local_time":"20180423194752","daily_mods":["Draft","Vintage","Hoarder"],"is_prod":false,"is_daily":true,"chose_seed":false,"is_ascension_mode":false,"campfire_upgraded":4,"timestamp":1524527272,"path_taken":["M","M","M","M","$","E","M","R","T","?","?","?","E","$","R","BOSS","M","M","$","M","M","E","M","R","T","M","M","M","?","E","R","BOSS","M","M","M","M","M","$","M","E","T","M","?","E","M","M","R","BOSS"],"build_version":"2018-04-19","seed_source_timestamp":0,"purchased_purges":0,"victory":true,"master_deck":["Predator","Predator+1","Predator","Flying Knee","Flying Knee","Flying Knee","Dash","Dash","Dash","Blade Dance+1","Blade Dance","Blade Dance","Prepared+1","Prepared","Backflip","Backflip","Backflip+1","Riddle With Holes+1","Riddle With Holes","Riddle With Holes","Finisher","Finisher","Finisher+1","Backstab+1","Backstab+1","Backstab+1","Bullet Time","Bullet Time","Bullet Time","Escape Plan","Escape Plan","Escape Plan","Escape Plan+1","Escape Plan+1","Escape Plan+1"],"max_hp_per_floor":[70,70,70,70,70,70,77,77,77,77,77,77,77,77,77,77,77,77,77,77,77,77,77,77,77,77,77,77,77,77,77,77,77,82,82,82,96,96,96,96,96,98,98,98,100,102,102,102,112,112],"relics":["Ring of the Snake","Shuriken","Bag of Marbles","Vajra","Bag of Preparation","Anchor","Strawberry","Smiling Mask","Prayer Wheel","Calipers","Whetstone","Runic Dome","Regal Pillow","Orichalcum","Ornamental Fan","War Paint","The Courier","Lantern","Blood Vial","Question Card","Tiny Chest","Art of War","Juzu Bracelet","Toolbox","Tingsha","Tough Bandages","Tiny House","Oddly Smooth Stone","Paper Crane","Mango","Singing Bowl","Snake Skull","Ancient Tea Set","Shovel","Bottled Lightning","Happy Flower","Pen Nib","Bronze Scales","Bottled Flame","Molten Egg 2","Ninja Scroll","Matryoshka","Pear"],"card_choices":[{"not_picked":["Prepared","Bane"],"picked":"Predator","floor":0},{"not_picked":["Acrobatics","Deadly Poison"],"picked":"Flying Knee","floor":0},{"not_picked":["Outmaneuver","All Out Attack"],"picked":"Dash","floor":0},{"not_picked":["Sucker Punch","Dagger Throw"],"picked":"Blade Dance","floor":0},{"not_picked":["Flechettes","Bouncing Flask"],"picked":"Prepared","floor":0},{"not_picked":["Flying Knee","Deadly Poison"],"picked":"Backflip","floor":0},{"not_picked":["Dodge and Roll","Endless Agony"],"picked":"Finisher","floor":6},{"not_picked":["A Thousand Cuts","After Image"],"picked":"Bullet Time","floor":16},{"not_picked":["Bouncing Flask","Skewer","Quick Slash"],"picked":"Escape Plan","floor":34},{"not_picked":["Expertise","Sucker Punch","Dagger Throw"],"picked":"Escape Plan","floor":43}],"player_experience":646082,"potions_floor_usage":[29,33,50,50,50],"damage_taken":[{"damage":0,"enemies":"Cultist","floor":1,"turns":3},{"damage":2,"enemies":"2 Louse","floor":2,"turns":2},{"damage":1,"enemies":"Jaw Worm","floor":3,"turns":2},{"damage":0,"enemies":"Large Slime","floor":4,"turns":3},{"damage":0,"enemies":"Gremlin Nob","floor":6,"turns":2},{"damage":0,"enemies":"Exordium Thugs","floor":7,"turns":2},{"damage":0,"enemies":"3 Sentries","floor":13,"turns":4},{"damage":0,"enemies":"Slime Boss","floor":16,"turns":1},{"damage":0,"enemies":"Shell Parasite","floor":18,"turns":1},{"damage":0,"enemies":"2 Thieves","floor":19,"turns":1},{"damage":0,"enemies":"3 Cultists","floor":21,"turns":1},{"damage":0,"enemies":"Cultist and Chosen","floor":22,"turns":1},{"damage":0,"enemies":"Gremlin Leader","floor":23,"turns":1},{"damage":0,"enemies":"Snake Plant","floor":24,"turns":1},{"damage":0,"enemies":"Sentry and Sphere","floor":27,"turns":1},{"damage":0,"enemies":"Chosen and Byrds","floor":28,"turns":1},{"damage":0,"enemies":"Slaver and Parasite","floor":29,"turns":1},{"damage":0,"enemies":"Book of Stabbing","floor":31,"turns":1},{"damage":0,"enemies":"Automaton","floor":33,"turns":4},{"damage":0,"enemies":"Flame Bruiser 1 Orb","floor":35,"turns":1},{"damage":0,"enemies":"3 Darklings","floor":36,"turns":1},{"damage":0,"enemies":"4 Shapes","floor":37,"turns":1},{"damage":0,"enemies":"Maw","floor":38,"turns":1},{"damage":0,"enemies":"3 Darklings","floor":39,"turns":1},{"damage":0,"enemies":"Sphere and 2 Shapes","floor":41,"turns":1},{"damage":0,"enemies":"Giant Head","floor":42,"turns":1},{"damage":0,"enemies":"Flame Bruiser 2 Orb","floor":44,"turns":1},{"damage":0,"enemies":"2 Orb Walkers","floor":46,"turns":1},{"damage":0,"enemies":"Spire Growth","floor":47,"turns":1},{"damage":0,"enemies":"4 Shapes","floor":48,"turns":2},{"damage":0,"enemies":"Donu and Deca","floor":50,"turns":3}],"event_choices":[{"event_name":"Living Wall","player_choice":"Forget","floor":10,"damage_taken":0},{"event_name":"World of Goop","player_choice":"Gather Gold","floor":11,"damage_taken":0},{"event_name":"Scrap Ooze","player_choice":"success","floor":12,"damage_taken":12}],"boss_relics":[{"not_picked":["Calling Bell","White Beast Statue"],"picked":"Runic Dome"},{"not_picked":["Black Star","Eternal Feather"],"picked":"Tiny House"}],"potions_floor_spawned":[2,6,7,16,18,22,24,28,29,33,36,38,42,44],"seed_played":"2192268310771929411","ascension_level":0,"is_trial":false}