{"gold_per_floor":[115,125,137,53,53,53,78,92,167,200,200,216,229,247,247,348,348,367,384,384,35,35],"floor_reached":22,"playtime":2594,"items_purged":["Defend_G"],"score":198,"play_id":"71623271-4589-48b9-82bf-4a07a3ecdbfd","local_time":"20190919022625","is_ascension_mode":false,"campfire_choices":[{"floor":6,"key":"REST"},{"floor":11,"key":"REST"},{"floor":15,"key":"REST"}],"neow_cost":"NONE","seed_source_timestamp":579240210641900,"circlet_count":0,"master_deck":["Strike_G","Strike_G","Strike_G","Strike_G","Strike_G","Defend_G","Defend_G","Defend_G","Defend_G","Survivor","Neutralize","Panacea","Deadly Poison","Dash","Tactician","Noxious Fumes+1","Prepared","Outmaneuver","Backflip","Backflip","Cloak And Dagger","Tactician","Flechettes+1","Acrobatics"],"relics":["Ring of the Snake","StoneCalendar","InkBottle","Ornamental Fan","Nunchaku","SacredBark","Membership Card","Mummified Hand"],"potions_floor_usage":[7,16,16,16],"damage_taken":[{"damage":3,"enemies":"Small Slimes","floor":1,"turns":5},{"damage":0,"enemies":"Jaw Worm","floor":2,"turns":5},{"damage":1,"enemies":"Cultist","floor":3,"turns":4},{"damage":18,"enemies":"Gremlin Nob","floor":7,"turns":4},{"damage":10,"enemies":"2 Fungi Beasts","floor":8,"turns":4},{"damage":26,"enemies":"3 Sentries","floor":10,"turns":7},{"damage":0,"enemies":"Large Slime","floor":12,"turns":7},{"damage":15,"enemies":"Gremlin Gang","floor":13,"turns":5},{"damage":0,"enemies":"Blue Slaver","floor":14,"turns":4},{"damage":8,"enemies":"Slime Boss","floor":16,"turns":7},{"damage":15,"enemies":"Spheric Guardian","floor":18,"turns":7},{"damage":33,"enemies":"3 Byrds","floor":19,"turns":6},{"damage":27,"enemies":"Snake Plant","floor":22,"turns":6}],"seed_played":"8355232306895669809","potions_obtained":[{"floor":2,"key":"FearPotion"},{"floor":7,"key":"GamblersBrew"},{"floor":8,"key":"EssenceOfSteel"},{"floor":13,"key":"FearPotion"},{"floor":19,"key":"Weak Potion"}],"is_trial":false,"path_per_floor":["M","M","M","$","?","R","E","M","T","E","R","M","M","M","R","B",null,"M","M","?","$","M"],"character_chosen":"THE_SILENT","items_purchased":["Noxious Fumes","Prepared","Membership Card","Mummified Hand"],"campfire_rested":3,"item_purchase_floors":[4,4,21,21],"current_hp_per_floor":[67,67,66,66,48,69,51,41,41,15,36,36,21,21,42,34,70,55,22,22,22,0],"gold":35,"neow_bonus":"RANDOM_COLORLESS","is_prod":false,"is_daily":false,"chose_seed":false,"campfire_upgraded":0,"win_rate":0.0,"timestamp":1568874385,"path_taken":["M","M","M","$","?","R","E","M","T","E","R","M","M","M","R","BOSS","M","M","?","$","M"],"build_version":"2019-09-18","purchased_purges":1,"victory":false,"max_hp_per_floor":[70,70,70,70,70,70,70,70,70,70,70,70,70,70,70,70,70,70,70,70,70,70],"card_choices":[{"not_picked":["Catalyst","Outmaneuver"],"picked":"Deadly Poison","floor":1},{"not_picked":["Underhanded Strike","Flying Knee"],"picked":"Dash","floor":2},{"not_picked":["Outmaneuver","Dagger Throw"],"picked":"Tactician","floor":3},{"not_picked":["Slice","Distraction"],"picked":"Outmaneuver","floor":7},{"not_picked":["Infinite Blades","A Thousand Cuts"],"picked":"Backflip","floor":8},{"not_picked":["Slice","Unload"],"picked":"Backflip","floor":10},{"not_picked":["Acrobatics","Finisher"],"picked":"Cloak And Dagger","floor":12},{"not_picked":["Acrobatics","Prepared"],"picked":"Tactician","floor":13},{"not_picked":["Infinite Blades","All Out Attack","Outmaneuver"],"picked":"SKIP","floor":14},{"not_picked":["Dagger Throw","Quick Slash"],"picked":"Flechettes+1","floor":18},{"not_picked":["Skewer","Phantasmal Killer"],"picked":"Acrobatics","floor":19}],"player_experience":92650,"relics_obtained":[{"floor":7,"key":"InkBottle"},{"floor":9,"key":"Ornamental Fan"},{"floor":10,"key":"Nunchaku"}],"event_choices":[{"damage_healed":0,"gold_gain":0,"player_choice":"Success","damage_taken":18,"relics_obtained":["StoneCalendar"],"max_hp_gain":0,"max_hp_loss":0,"event_name":"Scrap Ooze","floor":5,"gold_loss":0},{"damage_healed":0,"gold_gain":0,"player_choice":"Forge","damage_taken":0,"max_hp_gain":0,"max_hp_loss":0,"event_name":"Accursed Blacksmith","floor":20,"gold_loss":0,"cards_upgraded":["Noxious Fumes"]}],"is_beta":true,"boss_relics":[{"not_picked":["WristBlade","Fusion Hammer"],"picked":"SacredBark"}],"items_purged_floors":[21],"is_endless":false,"potions_floor_spawned":[2,7,8,13,19],"killed_by":"Snake Plant","ascension_level":0}