{"gold_per_floor":[414,55,70,86,102,102,137,155,205,205,355,355,365,159,159,232,232,132,132,132,132,22,22,22,22,22,22,22,22,22,22,22,22],"floor_reached":33,"playtime":936,"items_purged":["Parasite","Strike_G"],"score":469,"play_id":"b768e562-0de7-4908-9248-43dc4a026626","local_time":"20190920052516","is_ascension_mode":true,"campfire_choices":[{"data":"Neutralize","floor":6.0,"key":"SMITH"},{"floor":10,"key":"REST"},{"data":"Leg Sweep","floor":15,"key":"SMITH"},{"data":"Well Laid Plans","floor":23,"key":"SMITH"},{"data":"Backflip","floor":25,"key":"SMITH"},{"data":"Blur","floor":30,"key":"SMITH"},{"data":"Blur","floor":32,"key":"SMITH"}],"neow_cost":"CURSE","seed_source_timestamp":518756468630079,"circlet_count":0,"master_deck":["AscendersBane","Strike_G","Strike_G","Strike_G","Defend_G","Defend_G","Defend_G","Defend_G","Defend_G","Survivor","Neutralize+1","Deadly Poison","Masterful Stab","Masterful Stab","Well Laid Plans+1","Blur+1","Quick Slash","Blur+1","Masterful Stab","Leg Sweep+1","Doubt","Terror","Bullet Time+1","Backflip+1","Riddle With Holes","Accuracy+1"],"special_seed":0,"relics":["Ring of the Snake","Old Coin","DollysMirror","Bag of Marbles","Strawberry","Ectoplasm","MutagenicStrength","Toy Ornithopter"],"potions_floor_usage":[8,16,24,29],"damage_taken":[{"damage":4.0,"enemies":"Small Slimes","floor":1.0,"turns":4.0},{"damage":4.0,"enemies":"Jaw Worm","floor":3.0,"turns":4.0},{"damage":0.0,"enemies":"Cultist","floor":4.0,"turns":3.0},{"damage":0.0,"enemies":"Large Slime","floor":5.0,"turns":4.0},{"damage":50,"enemies":"Gremlin Nob","floor":7,"turns":5},{"damage":0,"enemies":"2 Fungi Beasts","floor":8,"turns":2},{"damage":0,"enemies":"Looter","floor":13,"turns":1},{"damage":12,"enemies":"Slime Boss","floor":16,"turns":10},{"damage":14,"enemies":"2 Thieves","floor":18,"turns":4},{"damage":0,"enemies":"Chosen","floor":21,"turns":4},{"damage":9,"enemies":"Snake Plant","floor":24,"turns":5},{"damage":15,"enemies":"Snecko","floor":28,"turns":5},{"damage":27,"enemies":"Cultist and Chosen","floor":29,"turns":6},{"damage":19,"enemies":"Collector","floor":33,"turns":6}],"seed_played":"-7775098168162429025","potions_obtained":[{"floor":4.0,"key":"Block Potion"},{"floor":7,"key":"Explosive Potion"},{"floor":8,"key":"Explosive Potion"},{"floor":16,"key":"LiquidBronze"},{"floor":28,"key":"Swift Potion"}],"is_trial":false,"path_per_floor":["M","$","M","M","M","R","E","M","T","R","?","?","M","$","R","B",null,"M","?","?","M","?","R","M","R","T","$","M","M","R","$","R","B"],"character_chosen":"THE_SILENT","items_purchased":["Masterful Stab","DollysMirror","Well Laid Plans","FairyPotion"],"campfire_rested":1,"item_purchase_floors":[2,2,2,14],"current_hp_per_floor":[55,55,51,51,51,51,1,1,8,29,29,29,29,29,29,17,57,43,43,57,57,57,57,48,48,48,48,33,11,11,11,11,20],"gold":22,"neow_bonus":"ONE_RARE_RELIC","is_prod":false,"is_daily":false,"chose_seed":false,"campfire_upgraded":6,"win_rate":0,"timestamp":1568982316,"path_taken":["M","$","M","M","M","R","E","M","T","R","?","?","M","$","R","BOSS","M","?","?","M","?","R","M","R","T","$","M","?","R","$","R","BOSS"],"build_version":"2019-09-19","purchased_purges":2,"victory":false,"max_hp_per_floor":[66,63,63,63,63,63,63,63,70,70,70,70,70,70,70,70,70,70,70,70,70,70,70,70,70,70,70,70,70,70,70,70,70],"card_choices":[{"not_picked":["PiercingWail","Deflect"],"picked":"Deadly Poison","floor":1.0},{"not_picked":["Calculated Gamble","Poisoned Stab"],"picked":"Blur","floor":3.0},{"not_picked":["Prepared","Slice"],"picked":"Quick Slash","floor":4.0},{"not_picked":["Flying Knee","Leg Sweep"],"picked":"Blur","floor":5.0},{"not_picked":["Quick Slash","Tactician"],"picked":"Masterful Stab","floor":7},{"not_picked":["Predator","Reflex"],"picked":"Leg Sweep","floor":8},{"not_picked":["Dodge and Roll","Flying Knee"],"picked":"Terror","floor":13},{"not_picked":["After Image","Tools of the Trade"],"picked":"Bullet Time","floor":16},{"not_picked":["Dagger Throw","Dodge and Roll"],"picked":"Backflip","floor":18},{"not_picked":["Poisoned Stab","Dodge and Roll","Storm of Steel"],"picked":"SKIP","floor":21},{"not_picked":["Sucker Punch","Quick Slash"],"picked":"Riddle With Holes","floor":24},{"not_picked":["Underhanded Strike","Caltrops"],"picked":"Accuracy+1","floor":28},{"not_picked":["Bane","Distraction","Skewer"],"picked":"SKIP","floor":29}],"player_experience":678932,"relics_obtained":[{"floor":7,"key":"Bag of Marbles"},{"floor":9,"key":"Strawberry"},{"floor":26,"key":"Toy Ornithopter"}],"event_choices":[{"damage_healed":0,"gold_gain":150,"player_choice":"AGREE","damage_taken":0,"max_hp_gain":0,"max_hp_loss":0,"event_name":"Liars Game","floor":11,"gold_loss":0,"cards_obtained":["Doubt"]},{"damage_healed":0,"gold_gain":0,"player_choice":"Searched \u00271\u0027 times","damage_taken":0,"max_hp_gain":0,"max_hp_loss":0,"event_name":"Dead Adventurer","floor":12,"gold_loss":0},{"damage_healed":0,"gold_gain":0,"player_choice":"Inject Mutagens","damage_taken":0,"relics_obtained":["MutagenicStrength"],"max_hp_gain":0,"max_hp_loss":0,"event_name":"Drug Dealer","floor":19,"gold_loss":0},{"damage_healed":14,"gold_gain":0,"player_choice":"Heal","damage_taken":0,"max_hp_gain":0,"max_hp_loss":0,"event_name":"The Library","floor":20,"gold_loss":0},{"cards_removed":["Strike_G"],"damage_healed":0,"gold_gain":0,"player_choice":"Upgrade and Remove","damage_taken":0,"max_hp_gain":0,"max_hp_loss":0,"event_name":"Designer","floor":22,"gold_loss":110,"cards_upgraded":["Bullet Time"]}],"is_beta":true,"boss_relics":[{"not_picked":["Ring of the Serpent","Runic Dome"],"picked":"Ectoplasm"}],"items_purged_floors":[2,14],"is_endless":false,"potions_floor_spawned":[4,7,8,16,18,28],"killed_by":"Collector","ascension_level":18}