{"gold_per_floor":[113,125,125,138,152,185,185,219,219,219,219,219,233,251,251,322,322,341,354,354,366,47,47,47,47],"floor_reached":25,"playtime":1294,"items_purged":["Strike_G"],"score":405,"play_id":"af3e812d-2977-4696-a342-4e40a40c1c2b","local_time":"20181119085823","is_ascension_mode":true,"campfire_choices":[{"floor":7.0,"key":"REST"},{"floor":10.0,"key":"REST"},{"data":"Neutralize","floor":12.0,"key":"SMITH"},{"data":"Well Laid Plans","floor":15.0,"key":"SMITH"},{"floor":23,"key":"REST"}],"neow_cost":"NONE","seed_source_timestamp":23674741246444,"circlet_count":0,"master_deck":["AscendersBane","Defend_G","Defend_G","Defend_G","Defend_G","Defend_G","Strike_G","Strike_G","Strike_G","Survivor","Neutralize+1","Poisoned Stab","Quick Slash","Flying Knee","Well Laid Plans+1","Bane","Bouncing Flask","Noxious Fumes","Cloak And Dagger+1","Deadly Poison+1","Outmaneuver+1","Footwork","Night Terror+1","Cloak And Dagger+1","Acrobatics+1","Backflip+1","Deflect+1","Backflip+1"],"special_seed":0,"relics":["Ring of the Snake","Thread and Needle","Dream Catcher","Toxic Egg 2","Black Star","Dead Branch","Vajra"],"potions_floor_usage":[19],"damage_taken":[{"damage":2.0,"enemies":"Jaw Worm","floor":1.0,"turns":4.0},{"damage":3.0,"enemies":"Small Slimes","floor":2.0,"turns":3.0},{"damage":1.0,"enemies":"Cultist","floor":4.0,"turns":3.0},{"damage":11.0,"enemies":"Gremlin Gang","floor":5.0,"turns":7.0},{"damage":22.0,"enemies":"Lagavulin","floor":6.0,"turns":5.0},{"damage":27.0,"enemies":"Gremlin Nob","floor":8.0,"turns":4.0},{"damage":13.0,"enemies":"Exordium Thugs","floor":13.0,"turns":5.0},{"damage":2.0,"enemies":"Looter","floor":14.0,"turns":4.0},{"damage":5.0,"enemies":"Hexaghost","floor":16.0,"turns":8.0},{"damage":7.0,"enemies":"Spheric Guardian","floor":18.0,"turns":4.0},{"damage":0,"enemies":"Chosen","floor":19,"turns":5},{"damage":3,"enemies":"Centurion and Healer","floor":21,"turns":8},{"damage":63,"enemies":"Book of Stabbing","floor":25,"turns":4}],"seed_played":"2847456122711788960","potions_obtained":[{"floor":1.0,"key":"Strength Potion"},{"floor":4.0,"key":"EssenceOfSteel"},{"floor":14.0,"key":"Dexterity Potion"},{"floor":18.0,"key":"Fire Potion"}],"is_trial":false,"path_per_floor":["M","M","?","M","M","E","R","E","T","R","?","R","M","M","R","B",null,"M","M","T","M","$","R","$","E"],"character_chosen":"THE_SILENT","items_purchased":["Backflip+1","Vajra","Deflect+1"],"campfire_rested":3,"item_purchase_floors":[22,22,22],"current_hp_per_floor":[57,54,54,53,42,20,39,12,12,31,31,31,18,16,16,11,52,45,45,45,42,42,61,61,0],"gold":47,"neow_bonus":"THREE_CARDS","is_prod":false,"is_daily":false,"chose_seed":false,"campfire_upgraded":2,"win_rate":0,"timestamp":1542646703,"path_taken":["M","M","?","M","M","E","R","E","T","R","?","R","M","M","R","BOSS","M","M","?","M","$","R","$","E"],"build_version":"2018-11-15","purchased_purges":1,"victory":false,"max_hp_per_floor":[66,66,66,66,66,66,66,66,66,66,66,66,66,66,66,66,66,66,66,66,66,66,66,66,66],"card_choices":[{"not_picked":["Quick Slash","Slice"],"picked":"Poisoned Stab","floor":0.0},{"not_picked":["Bouncing Flask","Flying Knee"],"picked":"Quick Slash","floor":1.0},{"not_picked":["All Out Attack","Prepared"],"picked":"Flying Knee","floor":2.0},{"not_picked":["Cloak And Dagger","Catalyst"],"picked":"Well Laid Plans","floor":4.0},{"not_picked":["Eviscerate","Acrobatics"],"picked":"Bane","floor":5.0},{"not_picked":["Outmaneuver","Blade Dance"],"picked":"Bouncing Flask","floor":6.0},{"not_picked":["Blade Dance","Prepared"],"picked":"Noxious Fumes","floor":8.0},{"not_picked":["Poisoned Stab","Dash"],"picked":"Cloak And Dagger+1","floor":10.0},{"not_picked":["Blade Dance+1","Noxious Fumes"],"picked":"Outmaneuver+1","floor":13.0},{"not_picked":["Caltrops","Deflect+1"],"picked":"Footwork","floor":14.0},{"not_picked":["Die Die Die","Phantasmal Killer+1"],"picked":"Night Terror+1","floor":16.0},{"not_picked":["Blade Dance+1","Concentrate+1"],"picked":"Cloak And Dagger+1","floor":18.0},{"not_picked":["Deadly Poison+1","Outmaneuver+1"],"picked":"Acrobatics+1","floor":19},{"not_picked":["Masterful Stab+1","Heel Hook","Choke"],"picked":"SKIP","floor":21},{"not_picked":["Prepared+1","Bane"],"picked":"Backflip+1","floor":23}],"player_experience":568158,"relics_obtained":[{"floor":6.0,"key":"Thread and Needle"},{"floor":8.0,"key":"Dream Catcher"},{"floor":9.0,"key":"Toxic Egg 2"},{"floor":20,"key":"Dead Branch"}],"event_choices":[{"damage_healed":0.0,"max_hp_gain":0.0,"max_hp_loss":0.0,"gold_gain":0.0,"event_name":"Golden Idol","player_choice":"Ignored","floor":3.0,"gold_loss":0.0,"damage_taken":0.0},{"damage_healed":0.0,"max_hp_gain":0.0,"max_hp_loss":0.0,"gold_gain":0.0,"cards_transformed":["Strike_G"],"event_name":"Transmorgrifier","player_choice":"Transformed","floor":11.0,"gold_loss":0.0,"damage_taken":0.0,"cards_obtained":["Deadly Poison"]}],"is_beta":true,"boss_relics":[{"not_picked":["Coffee Dripper","Philosopher\u0027s Stone"],"picked":"Black Star"}],"items_purged_floors":[22],"is_endless":false,"potions_floor_spawned":[1,4,14,18],"killed_by":"Book of Stabbing","ascension_level":18}