{"gold_per_floor":[215,215,236,249,249,249,293,61,85,110,110,60,10,24,24,24],"floor_reached":16,"playtime":593,"items_purged":["Strike_G","Strike_G","Strike_G"],"score":238,"play_id":"c3d02a71-fd68-4327-8323-76a08859544e","local_time":"20181017210010","is_ascension_mode":true,"campfire_choices":[{"data":"Neutralize","floor":6,"key":"SMITH"},{"data":"Sucker Punch","floor":11,"key":"SMITH"},{"floor":15,"key":"REST"}],"neow_cost":"NONE","seed_source_timestamp":141641825185884,"circlet_count":0,"master_deck":["Defend_G","Defend_G","Defend_G","Defend_G","Defend_G","Strike_G","Strike_G","Survivor","Neutralize+1","AscendersBane","Blur","Poisoned Stab","Skewer+1","Die Die Die","Tools of the Trade","Sucker Punch+1","Acrobatics"],"relics":["Ring of the Snake","Golden Idol","Blood Vial","Smiling Mask"],"potions_floor_usage":[7,7,16],"damage_taken":[{"damage":2,"enemies":"Small Slimes","floor":1,"turns":5},{"damage":4,"enemies":"Jaw Worm","floor":3,"turns":5},{"damage":1,"enemies":"Cultist","floor":4,"turns":4},{"damage":0,"enemies":"Gremlin Nob","floor":7,"turns":3},{"damage":13,"enemies":"Large Slime","floor":10,"turns":5},{"damage":0,"enemies":"Red Slaver","floor":14,"turns":4},{"damage":49,"enemies":"Slime Boss","floor":16,"turns":8}],"seed_played":"9102742656075363997","potions_obtained":[{"floor":3,"key":"Poison Potion"},{"floor":4,"key":"AttackPotion"},{"floor":10,"key":"Strength Potion"}],"is_trial":false,"path_per_floor":["M","?","M","M","?","R","E","$","T","M","R","$","$","M","R"],"character_chosen":"THE_SILENT","items_purchased":["Tools of the Trade"],"campfire_rested":1,"item_purchase_floors":[8],"current_hp_per_floor":[57,34,30,29,29,29,29,29,29,18,18,18,18,20,39,0],"gold":24,"neow_bonus":"HUNDRED_GOLD","is_prod":false,"is_daily":false,"chose_seed":false,"campfire_upgraded":2,"win_rate":0,"timestamp":1539835210,"path_taken":["M","?","M","M","?","R","E","$","T","M","R","?","$","M","R","BOSS"],"build_version":"2018-10-17v2","purchased_purges":3,"victory":false,"max_hp_per_floor":[66,66,66,66,66,66,66,66,66,66,66,66,66,66,66,66],"card_choices":[{"not_picked":["Blade Dance","Underhanded Strike"],"picked":"Blur","floor":1},{"not_picked":["Bane","Flying Knee"],"picked":"Poisoned Stab","floor":3},{"not_picked":["Quick Slash","Dagger Throw"],"picked":"Skewer","floor":4},{"not_picked":["Flying Knee","Prepared"],"picked":"Die Die Die","floor":7},{"not_picked":["Slice","Dagger Throw"],"picked":"Sucker Punch","floor":10},{"not_picked":["Backstab","Slice"],"picked":"Acrobatics","floor":14}],"player_experience":548330,"relics_obtained":[{"floor":7,"key":"Blood Vial"},{"floor":9,"key":"Smiling Mask"}],"event_choices":[{"damage_healed":0,"gold_gain":0,"player_choice":"Take Damage","damage_taken":23,"relics_obtained":["Golden Idol"],"max_hp_gain":0,"max_hp_loss":0,"event_name":"Golden Idol","floor":2,"gold_loss":0},{"damage_healed":0,"gold_gain":0,"player_choice":"Grow","damage_taken":0,"max_hp_gain":0,"max_hp_loss":0,"event_name":"Living Wall","floor":5,"gold_loss":0,"cards_upgraded":["Skewer"]}],"is_beta":true,"boss_relics":[],"items_purged_floors":[8,12,13],"is_endless":false,"potions_floor_spawned":[3,4,10],"killed_by":"Slime Boss","ascension_level":18}