{"gold_per_floor":[110,124,7,7,7,35,35,45,69,98,98,125,135,147,147,221,221,237,251,251,262,262],"floor_reached":22,"playtime":892,"items_purged":[],"score":340,"play_id":"34da79fa-d0fd-4d11-b970-f6e345b48c10","local_time":"20190918065722","is_ascension_mode":true,"campfire_choices":[{"data":"Outmaneuver","floor":7,"key":"SMITH"},{"floor":11,"key":"REST"},{"data":"Bouncing Flask","floor":15,"key":"SMITH"}],"neow_cost":"NONE","seed_source_timestamp":351629971353649,"circlet_count":0,"master_deck":["AscendersBane","Strike_G","Strike_G","Defend_G","Defend_G","Defend_G","Defend_G","Defend_G","Survivor","Neutralize+1","Acrobatics","Bouncing Flask+1","Predator","Slice","Outmaneuver+1","Venomology","Well Laid Plans","Expertise","Die Die Die","Noxious Fumes"],"relics":["Ring of the Snake","Centennial Puzzle","Incense Burner","Bronze Scales","Bag of Marbles","Bottled Flame","Empty Cage"],"potions_floor_usage":[6,12,14,16,19,21,22,22,22],"damage_taken":[{"damage":2,"enemies":"Cultist","floor":1,"turns":4},{"damage":2,"enemies":"Jaw Worm","floor":2,"turns":8},{"damage":26,"enemies":"Lagavulin","floor":6,"turns":6},{"damage":0,"enemies":"2 Louse","floor":8,"turns":2},{"damage":12,"enemies":"Gremlin Nob","floor":10,"turns":4},{"damage":14,"enemies":"Lagavulin","floor":12,"turns":5},{"damage":10,"enemies":"Blue Slaver","floor":13,"turns":3},{"damage":3,"enemies":"Looter","floor":14,"turns":2},{"damage":7,"enemies":"The Guardian","floor":16,"turns":8},{"damage":6,"enemies":"3 Byrds","floor":18,"turns":7},{"damage":4,"enemies":"Chosen","floor":19,"turns":4},{"damage":12,"enemies":"Snake Plant","floor":21,"turns":3},{"damage":29,"enemies":"Masked Bandits","floor":22,"turns":3}],"seed_played":"7930747545117214630","potions_obtained":[{"floor":1,"key":"Energy Potion"},{"floor":2,"key":"FairyPotion"},{"floor":6,"key":"Dexterity Potion"},{"floor":13,"key":"PowerPotion"},{"floor":16,"key":"SteroidPotion"},{"floor":21,"key":"SkillPotion"}],"is_trial":false,"path_per_floor":["M","M","$","?","?","E","R","M","T","E","R","E","M","M","R","B",null,"M","M","?","M","?"],"character_chosen":"THE_SILENT","items_purchased":["Predator","Slice"],"campfire_rested":1,"item_purchase_floors":[3,3],"current_hp_per_floor":[61,59,59,59,41,15,15,15,15,3,24,10,21,18,18,11,55,49,45,32,20,0],"gold":262,"neow_bonus":"UPGRADE_CARD","is_prod":false,"is_daily":false,"chose_seed":false,"campfire_upgraded":2,"win_rate":0,"timestamp":1568815042,"path_taken":["M","?","$","?","?","E","R","M","T","E","R","E","M","M","R","BOSS","M","M","?","M","?"],"build_version":"2019-09-17","purchased_purges":0,"victory":false,"max_hp_per_floor":[70,70,70,70,70,70,70,70,70,70,70,70,70,70,70,70,70,70,70,75,75,75],"card_choices":[{"not_picked":["Flechettes","Finisher"],"picked":"Acrobatics","floor":1},{"not_picked":["PiercingWail","Outmaneuver"],"picked":"Bouncing Flask","floor":2},{"not_picked":["Poisoned Stab","Riddle With Holes"],"picked":"Outmaneuver","floor":6},{"not_picked":["Dagger Throw","Acrobatics","Prepared"],"picked":"SKIP","floor":8},{"not_picked":["Backflip","Outmaneuver"],"picked":"Venomology","floor":10},{"not_picked":["Cloak And Dagger","Accuracy","Outmaneuver"],"picked":"SKIP","floor":12},{"not_picked":["Heel Hook","Slice"],"picked":"Well Laid Plans","floor":13},{"not_picked":["Tactician","Bane"],"picked":"Expertise","floor":14},{"not_picked":["Grand Finale","Adrenaline"],"picked":"Die Die Die","floor":16},{"not_picked":["Noxious Fumes","Flying Knee","Calculated Gamble"],"picked":"SKIP","floor":18},{"not_picked":["Flying Knee","Calculated Gamble"],"picked":"Noxious Fumes","floor":18},{"not_picked":["Quick Slash","Flechettes","Choke"],"picked":"SKIP","floor":19},{"not_picked":["Outmaneuver","Prepared","Crippling Poison"],"picked":"SKIP","floor":21}],"player_experience":663766,"relics_obtained":[{"floor":6,"key":"Incense Burner"},{"floor":9,"key":"Bronze Scales"},{"floor":10,"key":"Bag of Marbles"},{"floor":12,"key":"Bottled Flame"}],"event_choices":[{"cards_removed":["Strike_G"],"damage_healed":0,"gold_gain":0,"player_choice":"Forget","damage_taken":0,"max_hp_gain":0,"max_hp_loss":0,"event_name":"Living Wall","floor":4,"gold_loss":0},{"damage_healed":0,"gold_gain":0,"player_choice":"Success","damage_taken":18,"relics_obtained":["Centennial Puzzle"],"max_hp_gain":0,"max_hp_loss":0,"event_name":"Scrap Ooze","floor":5,"gold_loss":0},{"damage_healed":0,"gold_gain":0,"player_choice":"Shed Blood","damage_taken":18,"max_hp_gain":5,"max_hp_loss":0,"event_name":"Forgotten Altar","floor":20,"gold_loss":0},{"damage_healed":0,"gold_gain":0,"player_choice":"Fought Bandits","damage_taken":0,"max_hp_gain":0,"max_hp_loss":0,"event_name":"Masked Bandits","floor":22,"gold_loss":0}],"is_beta":true,"boss_relics":[{"not_picked":["Black Star","Astrolabe"],"picked":"Empty Cage"}],"items_purged_floors":[],"is_endless":false,"potions_floor_spawned":[1,2,6,13,16,21],"killed_by":"Masked Bandits","ascension_level":13}