{"gold_per_floor":[119,134,153,164,164,196,210,210,289,315,315,346,346,346,346,443,443,455,470,483,111,111,111,140,140],"floor_reached":25,"playtime":966,"items_purged":["Eruption"],"score":362,"play_id":"8431587a-73c3-4087-bb2b-78a2b8927496","local_time":"20190915231142","is_ascension_mode":true,"campfire_choices":[{"data":"Devotion","floor":8.0,"key":"SMITH"},{"floor":11.0,"key":"REST"},{"data":"Wireheading","floor":13.0,"key":"SMITH"},{"floor":15.0,"key":"REST"},{"floor":23,"key":"REST"}],"neow_cost":"NONE","seed_source_timestamp":93161929779636,"circlet_count":0,"master_deck":["AscendersBane","Strike_P+1","Strike_P","Strike_P","Strike_P","Defend_P","Defend_P","Defend_P","Vigilance+1","ThirdEye+1","BowlingBash","Wireheading+1","Worship","Devotion+1","SandsOfTime","Consecrate+1","LessonLearned","Sanctity","Establishment"],"special_seed":0,"relics":["PureWater","NeowsBlessing","Bronze Scales","CaptainsWheel","Bottled Flame","Smiling Mask","Matryoshka","Busted Crown","Bottled Tornado","Dodecahedron"],"potions_floor_usage":[20,24],"damage_taken":[{"damage":0.0,"enemies":"Small Slimes","floor":1.0,"turns":1.0},{"damage":0.0,"enemies":"Jaw Worm","floor":2.0,"turns":1.0},{"damage":0.0,"enemies":"Cultist","floor":3.0,"turns":1.0},{"damage":7.0,"enemies":"Looter","floor":4.0,"turns":4.0},{"damage":25.0,"enemies":"Lagavulin","floor":6.0,"turns":9.0},{"damage":6.0,"enemies":"Red Slaver","floor":7.0,"turns":4.0},{"damage":24.0,"enemies":"3 Sentries","floor":10.0,"turns":5.0},{"damage":17.0,"enemies":"Lagavulin","floor":12.0,"turns":6.0},{"damage":8.0,"enemies":"Slime Boss","floor":16.0,"turns":5.0},{"damage":12.0,"enemies":"Shell Parasite","floor":18.0,"turns":5.0},{"damage":5,"enemies":"Spheric Guardian","floor":19,"turns":5},{"damage":17,"enemies":"Snake Plant","floor":20,"turns":6},{"damage":32,"enemies":"Gremlin Leader","floor":24,"turns":6},{"damage":7,"enemies":"Chosen and Byrds","floor":25,"turns":1}],"seed_played":"-6091753661930827119","potions_obtained":[{"floor":1.0,"key":"Dexterity Potion"},{"floor":2.0,"key":"FairyPotion"},{"floor":10.0,"key":"Poison Potion"},{"floor":16.0,"key":"Weak Potion"},{"floor":18.0,"key":"DuplicationPotion"},{"floor":19,"key":"Swift Potion"},{"floor":20,"key":"Ancient Potion"}],"is_trial":false,"path_per_floor":["M","M","M","M","?","E","M","R","T","E","R","E","R","?","R","B",null,"M","M","M","$","?","R","E","M"],"character_chosen":"WATCHER","items_purchased":["Bottled Tornado","Establishment"],"campfire_rested":3,"item_purchase_floors":[21,21],"current_hp_per_floor":[59,59,59,52,45,20,14,14,14,9,28,11,11,11,30,22,54,42,37,20,20,20,39,7,0],"gold":140,"neow_bonus":"THREE_ENEMY_KILL","is_prod":false,"is_daily":false,"chose_seed":false,"campfire_upgraded":2,"win_rate":0,"timestamp":1568556702,"path_taken":["M","M","M","M","?","E","M","R","T","E","R","E","R","?","R","BOSS","M","M","?","$","?","R","E","M"],"build_version":"2019-09-12","purchased_purges":1,"victory":false,"max_hp_per_floor":[65,65,65,65,65,65,65,65,65,65,65,65,65,65,65,65,65,65,65,65,65,65,65,65,65],"card_choices":[{"not_picked":["Swivel","FollowUp"],"picked":"ThirdEye","floor":1.0},{"not_picked":["ClearTheMind","Unraveling"],"picked":"BowlingBash","floor":2.0},{"not_picked":["Sanctity","Prostrate"],"picked":"Wireheading","floor":3.0},{"not_picked":["Evaluate","EmptyFist"],"picked":"Worship","floor":4.0},{"not_picked":["Evaluate","CarveReality"],"picked":"Devotion","floor":6.0},{"not_picked":["Consecrate","Scrawl","Halt"],"picked":"SKIP","floor":7.0},{"not_picked":["FlowState","CleanseEvil"],"picked":"SandsOfTime","floor":10.0},{"not_picked":["FollowUp","Fasting"],"picked":"Consecrate","floor":12.0},{"not_picked":["Blasphemy","Nirvana"],"picked":"LessonLearned","floor":16.0},{"not_picked":[],"picked":"Sanctity","floor":18.0},{"not_picked":["EmptyFist"],"picked":"SKIP","floor":19},{"not_picked":["Vengeance+1"],"picked":"SKIP","floor":20},{"not_picked":["Establishment"],"picked":"SKIP","floor":24}],"player_experience":642982,"relics_obtained":[{"floor":6.0,"key":"CaptainsWheel"},{"floor":9.0,"key":"Bottled Flame"},{"floor":10.0,"key":"Smiling Mask"},{"floor":12.0,"key":"Matryoshka"},{"floor":24,"key":"Dodecahedron"}],"event_choices":[{"damage_healed":0.0,"max_hp_gain":0.0,"max_hp_loss":0.0,"gold_gain":0.0,"event_name":"Scrap Ooze","player_choice":"Success","floor":5.0,"gold_loss":0.0,"damage_taken":7.0,"relics_obtained":["Bronze Scales"]},{"damage_healed":0.0,"max_hp_gain":0.0,"max_hp_loss":0.0,"gold_gain":0.0,"event_name":"Accursed Blacksmith","player_choice":"Forge","floor":14.0,"gold_loss":0.0,"damage_taken":0.0,"cards_upgraded":["Vigilance"]},{"cards_removed":["Defend_P"],"damage_healed":0,"gold_gain":0,"player_choice":"Purged","damage_taken":0,"max_hp_gain":0,"max_hp_loss":0,"event_name":"Purifier","floor":22,"gold_loss":0}],"is_beta":true,"boss_relics":[{"not_picked":["Coffee Dripper","Ectoplasm"],"picked":"Busted Crown"}],"items_purged_floors":[21],"is_endless":false,"potions_floor_spawned":[1,2,10,16,18,19,20],"killed_by":"Chosen and Byrds","ascension_level":10}