{"gold_per_floor":[217,392,467,200,200,200,233,233,257,297,297,341,355,370,370,496,496,496,421,85,85,85,85,85,85,85,85,10,10,10,10,10,10,10,10,10,10,10,10,10,10,10,10,10,10,10,10,10,10,10,10,10,10,10,10],"floor_reached":55,"playtime":2260,"items_purged":["Doubt"],"score":1036,"play_id":"5ff9c74b-4335-432a-9b00-e89751b074ef","local_time":"20190218005127","is_ascension_mode":true,"campfire_choices":[{"data":"Footwork","floor":6,"key":"SMITH"},{"floor":8,"key":"REST"},{"data":"Caltrops","floor":15,"key":"SMITH"},{"floor":27,"key":"REST"},{"data":"Noxious Fumes","floor":30,"key":"SMITH"},{"floor":32,"key":"REST"},{"floor":40,"key":"REST"},{"floor":45,"key":"REST"},{"data":"Night Terror","floor":47,"key":"SMITH"},{"floor":49,"key":"RECALL"},{"data":"Malaise","floor":52,"key":"SMITH"}],"neow_cost":"NONE","seed_source_timestamp":271260323730231,"circlet_count":0,"master_deck":["Defend_G","Defend_G","Defend_G","Defend_G","Defend_G","Strike_G","Strike_G","Strike_G","Strike_G+1","Survivor","Neutralize+1","Footwork+1","Caltrops+1","Poisoned Stab","Bouncing Flask","Blur","Backflip","Malaise+1","Noxious Fumes+1","Footwork+1","Dodge and Roll+1","A Thousand Cuts","Dagger Throw+1","Night Terror+1","Dodge and Roll","Deadly Poison+1","Blur+1","Prepared+1","Accuracy"],"relics":["Ring of the Serpent","Bag of Marbles","Golden Idol","Whetstone","Vajra","Mercury Hourglass","Omamori","Ectoplasm","DollysMirror","Juzu Bracelet","Dodecahedron","Ginger","Shuriken","Dead Branch","Ninja Scroll","Shovel","Ancient Tea Set","FossilizedHelix","Toxic Egg 2","Blood Vial","Happy Flower","Strawberry","The Specimen"],"potions_floor_usage":[22,22,24,24,41,54,54,54],"damage_taken":[{"damage":0,"enemies":"Small Slimes","floor":1,"turns":3},{"damage":29,"enemies":"3 Sentries","floor":7,"turns":14},{"damage":17,"enemies":"Gremlin Nob","floor":10,"turns":4},{"damage":24,"enemies":"Lagavulin","floor":12,"turns":5},{"damage":0,"enemies":"2 Louse","floor":13,"turns":1},{"damage":0,"enemies":"Cultist","floor":14,"turns":3},{"damage":14,"enemies":"The Guardian","floor":16,"turns":8},{"damage":2,"enemies":"3 Byrds","floor":18,"turns":1},{"damage":17,"enemies":"2 Thieves","floor":19,"turns":5},{"damage":8,"enemies":"Colosseum Slavers","floor":22,"turns":4},{"damage":0,"enemies":"Colosseum Nobs","floor":22,"turns":6},{"damage":3,"enemies":"Snake Plant","floor":23,"turns":4},{"damage":17,"enemies":"Slavers","floor":24,"turns":6},{"damage":3,"enemies":"Centurion and Healer","floor":25,"turns":7},{"damage":3,"enemies":"Gremlin Leader","floor":29,"turns":4},{"damage":0,"enemies":"Slavers","floor":31,"turns":1},{"damage":21,"enemies":"Automaton","floor":33,"turns":11},{"damage":19,"enemies":"3 Darklings","floor":35,"turns":5},{"damage":23,"enemies":"Orb Walker","floor":36,"turns":5},{"damage":0,"enemies":"Mind Bloom Boss Battle","floor":37,"turns":7},{"damage":0,"enemies":"Sphere and 2 Shapes","floor":39,"turns":5},{"damage":4,"enemies":"Nemesis","floor":41,"turns":9},{"damage":0,"enemies":"Giant Head","floor":46,"turns":10},{"damage":0,"enemies":"4 Shapes","floor":48,"turns":5},{"damage":40,"enemies":"Time Eater","floor":50,"turns":13},{"damage":8,"enemies":"Shield and Spear","floor":54,"turns":6},{"damage":63,"enemies":"The Heart","floor":55,"turns":9}],"seed_played":"-8556699570488877535","potions_obtained":[{"floor":1,"key":"SpeedPotion"},{"floor":14,"key":"Dexterity Potion"},{"floor":22,"key":"Block Potion"},{"floor":23,"key":"SkillPotion"},{"floor":31,"key":"Fire Potion"},{"floor":33,"key":"GamblersBrew"},{"floor":37,"key":"SteroidPotion"},{"floor":46,"key":"Fire Potion"}],"is_trial":false,"path_per_floor":["M","?","?","$","?","R","E","R","T","E","?","E","M","M","R","B",null,"M","M","$","?","?","M","E","M","T","R","?","E","R","E","R","B",null,"M","M","?","T","M","R","E","?","T","T","R","E","R","M","R","B",null,"R","$","E","B"],"character_chosen":"THE_SILENT","items_purchased":["Bag of Marbles","Caltrops","DollysMirror","Juzu Bracelet"],"campfire_rested":5,"item_purchase_floors":[4,4,20,20],"current_hp_per_floor":[63,63,52,52,35,35,6,27,27,10,70,46,46,46,46,32,61,59,42,42,42,34,31,14,11,11,32,32,29,29,29,50,29,60,41,18,18,18,18,39,35,35,35,35,56,65,65,67,67,29,65,65,65,59,0],"gold":10,"neow_bonus":"HUNDRED_GOLD","is_prod":false,"is_daily":false,"chose_seed":false,"campfire_upgraded":5,"win_rate":0,"timestamp":1550476287,"path_taken":["M","?","?","$","?","R","E","R","T","E","?","E","M","M","R","BOSS","M","M","$","?","?","M","E","M","T","R","?","E","R","E","R","BOSS","M","M","?","?","M","R","E","?","T","?","R","E","R","M","R","BOSS","R","$","E","BOSS"],"build_version":"2019-01-23","purchased_purges":1,"victory":false,"max_hp_per_floor":[70,70,70,70,70,70,70,70,70,70,70,70,70,70,70,70,70,70,70,70,70,70,70,70,70,70,70,70,70,70,70,70,70,70,70,70,70,70,70,70,70,70,70,70,70,77,77,77,77,77,77,77,77,77,77],"card_choices":[{"not_picked":["Calculated Gamble","Dagger Throw"],"picked":"Footwork","floor":1},{"not_picked":["Sucker Punch","Underhanded Strike"],"picked":"Poisoned Stab","floor":7},{"not_picked":["Choke","Dodge and Roll"],"picked":"Bouncing Flask","floor":10},{"not_picked":["Quick Slash","Deflect"],"picked":"Blur","floor":12},{"not_picked":["Deadly Poison","Predator"],"picked":"Backflip","floor":13},{"not_picked":["Escape Plan","Deflect","Tactician"],"picked":"SKIP","floor":14},{"not_picked":["Storm of Steel","Corpse Explosion"],"picked":"Malaise","floor":16},{"not_picked":["Deadly Poison","All Out Attack"],"picked":"Noxious Fumes","floor":18},{"not_picked":["Endless Agony","Bane","Dodge and Roll"],"picked":"SKIP","floor":19},{"not_picked":["Sucker Punch","Flying Knee+1","Dodge and Roll"],"picked":"SKIP","floor":23},{"not_picked":["Predator+1","Eviscerate","Choke+1"],"picked":"SKIP","floor":24},{"not_picked":["Finisher","Acrobatics+1"],"picked":"Dodge and Roll+1","floor":25},{"not_picked":["Escape Plan+1","Dash"],"picked":"A Thousand Cuts","floor":29},{"not_picked":["Backflip","Accuracy"],"picked":"Dagger Throw+1","floor":31},{"not_picked":["Malaise","Unload"],"picked":"Night Terror","floor":33},{"not_picked":["Dash+1","Reflex","Acrobatics"],"picked":"SKIP","floor":35},{"not_picked":["Flying Knee+1","Tactician+1"],"picked":"Dodge and Roll","floor":36},{"not_picked":["Deflect+1","Noxious Fumes"],"picked":"Deadly Poison+1","floor":37},{"not_picked":["Escape Plan+1","Eviscerate","Backflip+1"],"picked":"SKIP","floor":39},{"not_picked":["Glass Knife","Quick Slash"],"picked":"Blur+1","floor":41},{"not_picked":["Poisoned Stab","Bane"],"picked":"Prepared+1","floor":46},{"not_picked":["Quick Slash","Setup+1","Sucker Punch"],"picked":"SKIP","floor":48},{"not_picked":["Acrobatics+1","Finisher"],"picked":"Accuracy","floor":54}],"player_experience":362898,"relics_obtained":[{"floor":7,"key":"Whetstone"},{"floor":9,"key":"Vajra"},{"floor":10,"key":"Mercury Hourglass"},{"floor":12,"key":"Omamori"},{"floor":22,"key":"Ginger"},{"floor":22,"key":"Shuriken"},{"floor":24,"key":"Dead Branch"},{"floor":26,"key":"Ninja Scroll"},{"floor":29,"key":"Shovel"},{"floor":31,"key":"Ancient Tea Set"},{"floor":37,"key":"FossilizedHelix"},{"floor":38,"key":"Toxic Egg 2"},{"floor":41,"key":"Blood Vial"},{"floor":44,"key":"Happy Flower"},{"floor":46,"key":"Strawberry"},{"floor":54,"key":"The Specimen"}],"event_choices":[{"damage_healed":0,"gold_gain":175,"player_choice":"AGREE","damage_taken":0,"max_hp_gain":0,"max_hp_loss":0,"event_name":"Liars Game","floor":2,"gold_loss":0,"cards_obtained":["Doubt"]},{"damage_healed":0,"gold_gain":75,"player_choice":"Gather Gold","damage_taken":11,"max_hp_gain":0,"max_hp_loss":0,"event_name":"World of Goop","floor":3,"gold_loss":0},{"damage_healed":0,"gold_gain":0,"player_choice":"Take Damage","damage_taken":17,"relics_obtained":["Golden Idol"],"max_hp_gain":0,"max_hp_loss":0,"event_name":"Golden Idol","floor":5,"gold_loss":0},{"damage_healed":60,"gold_gain":0,"player_choice":"Full Heal","damage_taken":0,"max_hp_gain":0,"max_hp_loss":0,"event_name":"Wheel of Change","floor":11,"gold_loss":0},{"damage_healed":0,"gold_gain":0,"player_choice":"Opened","damage_taken":0,"relics_obtained":["Dodecahedron"],"max_hp_gain":0,"max_hp_loss":0,"event_name":"The Mausoleum","floor":21,"gold_loss":0},{"damage_healed":0,"gold_gain":0,"player_choice":"Fight","damage_taken":0,"max_hp_gain":0,"max_hp_loss":0,"event_name":"Colosseum","floor":22,"gold_loss":0},{"damage_healed":0,"gold_gain":0,"player_choice":"Fought Nobs","damage_taken":0,"max_hp_gain":0,"max_hp_loss":0,"event_name":"Colosseum","floor":22,"gold_loss":0},{"cards_removed":["Strike_G"],"damage_healed":0,"gold_gain":0,"player_choice":"Gave Gold","damage_taken":0,"max_hp_gain":0,"max_hp_loss":0,"event_name":"Beggar","floor":28,"gold_loss":75},{"damage_healed":0,"gold_gain":0,"player_choice":"Fight","damage_taken":0,"max_hp_gain":0,"max_hp_loss":0,"event_name":"MindBloom","floor":37,"gold_loss":0},{"damage_healed":0,"gold_gain":0,"player_choice":"Memory 1","damage_taken":0,"max_hp_gain":0,"max_hp_loss":0,"event_name":"SensoryStone","floor":42,"gold_loss":0}],"is_beta":false,"boss_relics":[{"not_picked":["Orrery","Busted Crown"],"picked":"Ectoplasm"},{"not_picked":["Pandora\u0027s Box","Runic Pyramid"],"picked":"Ring of the Serpent"}],"items_purged_floors":[4],"is_endless":false,"potions_floor_spawned":[1,14,22,22,23,31,33,37,46,48],"killed_by":"The Heart","ascension_level":6}