{"path_per_floor":["M","?","M","?","$","E","R","M","T","E","?","M","R","M","R","B",null,"M","?","?","?","M","E","?","R","T","E","T","M","R","M","R","B",null,"M","?","M","?","M","R","$","R","T","M","R","T","T","M","R","B"],"character_chosen":"IRONCLAD","items_purchased":["Fiend Fire"],"gold_per_floor":[119,194,207,207,54,79,79,99,99,131,131,145,145,159,159,261,261,273,307,222,122,140,165,165,165,188,221,291,310,310,328,328,431,431,447,0,16,16,29,29,29,29,85,95,95,150,150,168,168,168],"floor_reached":51,"campfire_rested":3,"playtime":17476,"current_hp_per_floor":[80,69,65,65,65,38,62,68,68,60,65,62,62,68,68,41,85,85,85,85,85,85,59,59,59,59,48,48,46,73,86,86,22,92,91,91,90,80,83,83,83,83,83,82,82,82,82,76,92,36],"items_purged":[],"gold":168,"play_id":"62fb3364-e422-45cf-bc69-56d3cfed4a66","is_prod":false,"is_daily":false,"campfire_rituals":0,"campfire_upgraded":2,"is_hardmode":false,"path_taken":["M","?","M","?","?","E","R","M","T","E","?","?","R","M","R","BOSS","M","?","?","?","M","E","?","R","T","E","?","?","R","M","R","BOSS","M","?","?","?","M","R","?","R","T","?","R","?","?","M","R","BOSS"],"build_version":"2017-12-18-BETA2","purchased_purges":0,"victory":true,"master_deck":["Strike_R","Strike_R","Strike_R","Strike_R","Defend_R","Defend_R","Defend_R","Defend_R","Bash","Rage","Pommel Strike","Power Through","Normality","Fiend Fire","Corruption","Battle Trance","Whirlwind","Intimidate","Reaper","Searing Blow","Heavy Blade","J.A.X.","Sever Soul","Whirlwind","Seeing Red","Headbutt","Limit Break","Evolve","Headbutt","Madness","Madness","Disarm","Impervious"],"max_hp_per_floor":[80,80,80,80,80,80,80,80,80,80,85,85,85,85,85,85,85,85,85,85,85,85,85,85,85,85,92,92,92,92,92,92,92,92,92,92,92,92,92,92,92,92,92,92,92,92,92,92,92,92],"relics":["Black Blood","Paper Frog","Ice Cream","Shovel","Lantern","Bottled Flame","Dodecahedron","Mark of Pain","Red Mask","Ancient Tea Set","Shuriken","Whetstone","Strawberry","Self Forming Clay","Toolbox","Red Mask","Blood Vial","Tiny Chest","Darkstone Periapt","Orichalcum","Unceasing Top"],"campfire_meditates":0,"card_choices":[{"not_picked":["Reckless Charge","Rage"],"picked":"Pommel Strike"},{"not_picked":["Anger","Shrug It Off"],"picked":"Power Through"},{"not_picked":["Clash","Uppercut"],"picked":"Corruption"},{"not_picked":["Thunderclap","Infernal Blade"],"picked":"Battle Trance"},{"not_picked":["Blood for Blood","Anger"],"picked":"Whirlwind"},{"not_picked":["Warcry","Sword Boomerang"],"picked":"Intimidate"},{"not_picked":["Feed","Bludgeon"],"picked":"Reaper"},{"not_picked":["Feel No Pain","Flex"],"picked":"Searing Blow"},{"not_picked":["Warcry","Iron Wave"],"picked":"Heavy Blade"},{"not_picked":["Clash","Clothesline"],"picked":"Sever Soul"},{"not_picked":["Heavy Blade","Perfected Strike"],"picked":"Whirlwind"},{"not_picked":["Body Slam","Wild Strike"],"picked":"Seeing Red"},{"not_picked":["Thunderclap","Cleave"],"picked":"Headbutt"},{"not_picked":["Feed","Impervious"],"picked":"Limit Break"},{"not_picked":["Twin Strike","Dual Wield"],"picked":"Evolve"},{"not_picked":["Cleave","Perfected Strike"],"picked":"Headbutt"},{"not_picked":["Headbutt","Warcry"],"picked":"Disarm"},{"not_picked":["Infernal Blade","Sword Boomerang"],"picked":"Impervious"}],"player_experience":42726,"potions_floor_usage":[33,37,39,50,50],"damage_taken":[{"damage":5.0,"enemies":"Jaw Worm","floor":1.0,"turns":4.0},{"damage":10.0,"enemies":"Looter","floor":3.0,"turns":3.0},{"damage":33.0,"enemies":"3 Sentries","floor":6.0,"turns":9.0},{"damage":0.0,"enemies":"Cultist","floor":8.0,"turns":3.0},{"damage":14.0,"enemies":"Gremlin Nob","floor":10.0,"turns":3.0},{"damage":9.0,"enemies":"2 Fungi Beasts","floor":12.0,"turns":2.0},{"damage":0.0,"enemies":"Gremlin Gang","floor":14.0,"turns":2.0},{"damage":33.0,"enemies":"Slime Boss","floor":16.0,"turns":9.0},{"damage":4.0,"enemies":"Shell Parasite","floor":18.0,"turns":5.0},{"damage":2.0,"enemies":"Masked Bandits","floor":19.0,"turns":3.0},{"damage":5.0,"enemies":"Chosen","floor":22.0,"turns":3.0},{"damage":44.0,"enemies":"Slavers","floor":23.0,"turns":5.0},{"damage":28.0,"enemies":"Gremlin Leader","floor":27.0,"turns":5.0},{"damage":8.0,"enemies":"Slaver and Parasite","floor":29.0,"turns":4.0},{"damage":0.0,"enemies":"Snecko","floor":31.0,"turns":2.0},{"damage":78,"enemies":"Automaton","floor":33,"turns":8},{"damage":11,"enemies":"Flame Bruiser 1 Orb","floor":35,"turns":4},{"damage":11,"enemies":"3 Shapes","floor":37,"turns":1},{"damage":7,"enemies":"Flame Bruiser 2 Orb","floor":39,"turns":3},{"damage":26,"enemies":"4 Shapes","floor":44,"turns":1},{"damage":18,"enemies":"Sphere and 2 Shapes","floor":48,"turns":3},{"damage":76,"enemies":"Awakened One","floor":50,"turns":11}],"event_choices":[{"event_name":"World of Goop","player_choice":"Gather Gold","floor":2.0,"damage_taken":0.0},{"event_name":"Accursed Blacksmith","player_choice":"Rummage","floor":4.0,"damage_taken":0.0},{"event_name":"Big Fish","player_choice":"Donut","floor":11.0,"damage_taken":0.0},{"event_name":"Masked Bandits","player_choice":"Fought over 273 gold","floor":19.0,"damage_taken":0.0},{"event_name":"Addict","player_choice":"Obtained Relic","floor":20.0,"damage_taken":0.0},{"event_name":"Drug Dealer","player_choice":"Got JAXXED","floor":21.0,"damage_taken":0.0},{"event_name":"Cursed Tome","player_choice":"Ignored","floor":24.0,"damage_taken":0.0},{"event_name":"Tomb of Lord Red Mask","player_choice":"Paid","floor":36,"damage_taken":0},{"event_name":"Winding Halls","player_choice":"Embrace Madness","floor":38,"damage_taken":0}],"boss_relics":[{"not_picked":["Astrolabe","Orrery"],"picked":"Black Blood"}],"potions_floor_spawned":[1,6,10,19,22,23,29,33,35,37,48],"seed_played":"-4960947878189590439","is_trial":false}