{"gold_per_floor":[117,117,67,85,95,124,141,141],"floor_reached":8,"playtime":456,"items_purged":[],"score":75,"play_id":"32fc81bf-d32d-47e0-9f92-1e1f33aa421a","local_time":"20190821000551","is_ascension_mode":true,"campfire_choices":[],"neow_cost":"NONE","seed_source_timestamp":534373459186900,"circlet_count":0,"master_deck":["Strike_G","Strike_G","Defend_G","Defend_G","Defend_G","Defend_G","Defend_G","Survivor","Neutralize","Deadly Poison","Endless Agony","Well Laid Plans","Deadly Poison","Cloak And Dagger"],"relics":["Empty Cage","Gambling Chip"],"potions_floor_usage":[6,6],"damage_taken":[{"damage":3,"enemies":"Jaw Worm","floor":1,"turns":6},{"damage":4,"enemies":"Small Slimes","floor":4,"turns":4},{"damage":0,"enemies":"Cultist","floor":5,"turns":5},{"damage":19,"enemies":"3 Sentries","floor":6,"turns":13},{"damage":3,"enemies":"2 Fungi Beasts","floor":7,"turns":3},{"damage":74,"enemies":"Gremlin Nob","floor":8,"turns":4}],"seed_played":"-7389220135596667037","potions_obtained":[{"floor":1,"key":"Explosive Potion"},{"floor":4,"key":"GamblersBrew"}],"is_trial":false,"path_per_floor":["M","?","?","M","M","E","M","E"],"character_chosen":"THE_SILENT","items_purchased":[],"campfire_rested":0,"item_purchase_floors":[],"current_hp_per_floor":[60,65,65,61,61,42,39,0],"gold":141,"neow_bonus":"BOSS_RELIC","is_prod":false,"is_daily":false,"chose_seed":false,"campfire_upgraded":0,"win_rate":0,"timestamp":1566371151,"path_taken":["M","?","?","M","M","E","M","E"],"build_version":"2019-07-17","purchased_purges":0,"victory":false,"max_hp_per_floor":[70,75,75,75,75,75,75,75],"card_choices":[{"not_picked":["Calculated Gamble","Terror"],"picked":"Deadly Poison","floor":1},{"not_picked":["Prepared","Distraction"],"picked":"Endless Agony","floor":4},{"not_picked":["Dodge and Roll","Backflip"],"picked":"Well Laid Plans","floor":5},{"not_picked":["Outmaneuver","ReplayTheSpireMod:Tripwire"],"picked":"Deadly Poison","floor":6},{"not_picked":["Flying Knee","ReplayTheSpireMod:Tripwire"],"picked":"Cloak And Dagger","floor":7}],"player_experience":1403390,"relics_obtained":[{"floor":6,"key":"Gambling Chip"}],"event_choices":[{"damage_healed":0,"gold_gain":0,"player_choice":"Donut","damage_taken":0,"max_hp_gain":5,"max_hp_loss":0,"event_name":"Big Fish","floor":2,"gold_loss":0},{"cards_removed":["Strike_G"],"damage_healed":0,"gold_gain":0,"player_choice":"Card Removal","damage_taken":0,"max_hp_gain":0,"max_hp_loss":0,"event_name":"The Cleric","floor":3,"gold_loss":50}],"is_beta":false,"boss_relics":[],"items_purged_floors":[],"is_endless":false,"potions_floor_spawned":[1,4],"killed_by":"Gremlin Nob","ascension_level":6}