{"gold_per_floor":[110,128,146,159,159,192,192,219,219,24,43,99,125,125,125,249,249,274,288,288,288,312,346,346,384,452,468,501,515,336,356,356,485,485,506,525,114,0,24,24,60,73,73,108,108,131,4,25,25,25],"floor_reached":51,"playtime":5887,"items_purged":["Strike_B","Strike_B","Strike_B"],"score":813,"play_id":"d616af07-32c7-41c0-ae3a-a219989c3903","local_time":"20180906012424","is_ascension_mode":true,"campfire_choices":[{"data":"Dualcast","floor":7,"key":"SMITH"},{"floor":15,"key":"REST"},{"floor":24,"key":"REST"},{"floor":32,"key":"REST"},{"data":"Go for the Eyes","floor":40,"key":"SMITH"},{"data":"Lockon","floor":45,"key":"SMITH"},{"data":"Consume","floor":49,"key":"SMITH"}],"neow_cost":"NONE","seed_source_timestamp":633141794388300,"circlet_count":0,"master_deck":["Defend_B","Defend_B","Defend_B","Defend_B","Zap+1","Dualcast+1","Streamline","Leap","Compile Driver","Genetic Algorithm","Go for the Eyes+1","Consume+1","Lockon+1","Electrodynamics","Turbo","Static Discharge+1","Loop+1","Self Repair+1","Ball Lightning+1","Conserve Battery","BootSequence","Ball Lightning","White Noise","Seek","Cold Snap+1","FTL","Rebound+1","Stack+1"],"relics":["Cracked Core","Bottled Lightning","Smiling Mask","Unceasing Top","Bronze Scales","Dead Branch","Potion Belt","Golden Idol","Velvet Choker","Ornamental Fan","Oddly Smooth Stone","Matryoshka","Darkstone Periapt","Inserter","ClockworkSouvenir","Regal Pillow","Red Mask","Ancient Tea Set","Pear","Mummified Hand","Boot"],"potions_floor_usage":[12,12,13,16,16,16,23,23,27,28,28,33,39,41,44,50,50],"damage_taken":[{"damage":2,"enemies":"Jaw Worm","floor":1,"turns":2},{"damage":0,"enemies":"Cultist","floor":2,"turns":3},{"damage":2,"enemies":"2 Louse","floor":3,"turns":2},{"damage":7,"enemies":"2 Fungi Beasts","floor":4,"turns":3},{"damage":14,"enemies":"Gremlin Nob","floor":6,"turns":3},{"damage":18,"enemies":"Lagavulin","floor":8,"turns":5},{"damage":0,"enemies":"Exordium Wildlife","floor":11,"turns":3},{"damage":8,"enemies":"Gremlin Nob","floor":12,"turns":3},{"damage":9,"enemies":"Gremlin Nob","floor":13,"turns":3},{"damage":6,"enemies":"Hexaghost","floor":16,"turns":8},{"damage":2,"enemies":"Chosen","floor":18,"turns":3},{"damage":9,"enemies":"Spheric Guardian","floor":19,"turns":4},{"damage":23,"enemies":"Snecko","floor":22,"turns":4},{"damage":33,"enemies":"Gremlin Leader","floor":23,"turns":5},{"damage":23,"enemies":"Book of Stabbing","floor":25,"turns":3},{"damage":6,"enemies":"Chosen and Byrds","floor":27,"turns":3},{"damage":15,"enemies":"Slavers","floor":28,"turns":4},{"damage":7,"enemies":"Sentry and Sphere","floor":29,"turns":3},{"damage":7,"enemies":"Shelled Parasite and Fungi","floor":31,"turns":2},{"damage":17,"enemies":"Champ","floor":33,"turns":9},{"damage":1,"enemies":"Orb Walker","floor":35,"turns":3},{"damage":28,"enemies":"3 Darklings","floor":36,"turns":2},{"damage":7,"enemies":"Maw","floor":39,"turns":6},{"damage":33,"enemies":"Nemesis","floor":41,"turns":6},{"damage":1,"enemies":"Transient","floor":42,"turns":5},{"damage":25,"enemies":"2 Orb Walkers","floor":44,"turns":5},{"damage":6,"enemies":"Spire Growth","floor":46,"turns":4},{"damage":1,"enemies":"Sphere and 2 Shapes","floor":48,"turns":3},{"damage":62,"enemies":"Awakened One","floor":50,"turns":10}],"seed_played":"6746159186662475876","potions_obtained":[{"floor":2,"key":"Energy Potion"},{"floor":8,"key":"Regen Potion"},{"floor":11,"key":"Fire Potion"},{"floor":12,"key":"LiquidBronze"},{"floor":12,"key":"FocusPotion"},{"floor":13,"key":"SpeedPotion"},{"floor":16,"key":"Ancient Potion"},{"floor":19,"key":"Ancient Potion"},{"floor":23,"key":"FocusPotion"},{"floor":25,"key":"Weak Potion"},{"floor":27,"key":"SkillPotion"},{"floor":33,"key":"Regen Potion"},{"floor":35,"key":"SteroidPotion"},{"floor":39,"key":"AttackPotion"},{"floor":42,"key":"SkillPotion"},{"floor":48,"key":"Ancient Potion"}],"is_trial":false,"path_per_floor":["M","M","M","M","?","E","R","E","T","$","M","?","E","?","R","B",null,"M","M","?","?","M","E","R","E","T","M","E","M","$","M","R","B",null,"M","M","$","?","M","R","E","M","T","E","R","M","$","M","R","B"],"character_chosen":"DEFECT","items_purchased":["Bronze Scales","Go for the Eyes","BootSequence","Ball Lightning","Swift Potion","ClockworkSouvenir","Regal Pillow","EssenceOfSteel"],"campfire_rested":3,"item_purchase_floors":[10,10,30,30,30,37,37,47],"current_hp_per_floor":[73,73,71,64,64,50,50,32,32,32,32,33,24,6,28,22,75,73,64,64,64,41,18,40,27,27,31,26,19,19,22,44,37,75,75,57,57,57,75,75,59,68,78,63,63,67,67,76,76,14],"gold":25,"neow_bonus":"UPGRADE_CARD","is_prod":false,"is_daily":false,"chose_seed":false,"campfire_upgraded":4,"win_rate":0,"timestamp":1536222264,"path_taken":["M","M","M","M","?","E","R","E","T","$","M","?","E","?","R","BOSS","M","M","?","?","M","E","R","E","T","M","E","M","$","?","R","BOSS","M","M","$","?","M","R","E","M","T","E","R","M","?","M","R","BOSS"],"build_version":"2018-08-30","purchased_purges":3,"victory":true,"max_hp_per_floor":[75,75,75,75,75,75,75,75,75,75,75,75,75,75,75,75,75,75,75,75,75,75,75,75,75,75,75,75,75,75,75,75,75,75,75,75,75,75,75,75,75,75,85,85,85,85,85,85,85,85],"card_choices":[{"not_picked":["Barrage","Compile Driver"],"picked":"Streamline","floor":1},{"not_picked":["Gash","Storm","Reprogram"],"picked":"SKIP","floor":2},{"not_picked":["Steam","Barrage"],"picked":"Leap","floor":3},{"not_picked":["Gash","Heatsinks"],"picked":"Compile Driver","floor":4},{"not_picked":["Thunder Strike","Storm"],"picked":"Genetic Algorithm","floor":6},{"not_picked":["Stack","Fission","Glacier"],"picked":"SKIP","floor":8},{"not_picked":["Barrage","BootSequence"],"picked":"Consume","floor":11},{"not_picked":["Stack","Streamline"],"picked":"Lockon","floor":12},{"not_picked":["Coolheaded","Beam Cell","Reprogram"],"picked":"SKIP","floor":13},{"not_picked":["Buffer","All For One"],"picked":"Electrodynamics","floor":16},{"not_picked":["Barrage+1","Gash"],"picked":"Turbo","floor":18},{"not_picked":["Beam Cell","Steam"],"picked":"Static Discharge+1","floor":19},{"not_picked":["Loop+1","Gash+1"],"picked":"Self Repair+1","floor":22},{"not_picked":["Tempest","Beam Cell+1","Redo"],"picked":"SKIP","floor":23},{"not_picked":["Doom and Gloom","FTL"],"picked":"Ball Lightning+1","floor":25},{"not_picked":["Skim+1","Ball Lightning"],"picked":"Conserve Battery","floor":27},{"not_picked":["Turbo","Beam Cell","Rainbow"],"picked":"SKIP","floor":28},{"not_picked":["Beam Cell","Compile Driver","Barrage"],"picked":"SKIP","floor":29},{"not_picked":["Doom and Gloom","Coolheaded+1"],"picked":"White Noise","floor":31},{"not_picked":["All For One","Reboot"],"picked":"Seek","floor":33},{"not_picked":["Tempest","Sweeping Beam+1"],"picked":"Cold Snap+1","floor":35},{"not_picked":["Beam Cell+1","Cold Snap+1"],"picked":"FTL","floor":36},{"not_picked":["Turbo","Skim"],"picked":"Rebound+1","floor":39},{"not_picked":["Lockon","Compile Driver","Consume"],"picked":"SKIP","floor":41},{"not_picked":["Cold Snap+1","Static Discharge+1","Ball Lightning"],"picked":"SKIP","floor":42},{"not_picked":["Thunder Strike","Glacier+1","Fusion"],"picked":"SKIP","floor":44},{"not_picked":["Rebound","Capacitor+1"],"picked":"Stack+1","floor":46},{"not_picked":["Gash+1","Recycle+1","Cold Snap+1"],"picked":"SKIP","floor":48}],"player_experience":315043,"relics_obtained":[{"floor":6,"key":"Bottled Lightning"},{"floor":8,"key":"Smiling Mask"},{"floor":9,"key":"Unceasing Top"},{"floor":12,"key":"Dead Branch"},{"floor":13,"key":"Potion Belt"},{"floor":23,"key":"Ornamental Fan"},{"floor":25,"key":"Oddly Smooth Stone"},{"floor":26,"key":"Matryoshka"},{"floor":28,"key":"Darkstone Periapt"},{"floor":41,"key":"Ancient Tea Set"},{"floor":43,"key":"Pear"},{"floor":43,"key":"Mummified Hand"},{"floor":44,"key":"Boot"}],"event_choices":[{"event_name":"Purifier","player_choice":"One Purge","floor":5,"damage_taken":0},{"event_name":"Dead Adventurer","player_choice":"Searched \u00272\u0027 times","floor":12,"damage_taken":0},{"event_name":"Golden Idol","player_choice":"Take Damage","floor":14,"damage_taken":0},{"event_name":"The Library","player_choice":"Read","floor":20,"damage_taken":0},{"event_name":"Upgrade Shrine","player_choice":"Upgraded","floor":21,"damage_taken":0},{"event_name":"Tomb of Lord Red Mask","player_choice":"Paid","floor":38,"damage_taken":0}],"is_beta":false,"boss_relics":[{"not_picked":["Busted Crown","Empty Cage"],"picked":"Velvet Choker"},{"not_picked":["Philosopher\u0027s Stone","Snecko Eye"],"picked":"Inserter"}],"items_purged_floors":[30,37,47],"is_endless":false,"potions_floor_spawned":[2,8,11,12,12,13,16,19,23,25,27,33,35,39,42,48],"ascension_level":2}