{"gold_per_floor":[116,129,36,50,67,67,98,98,98,108,108,119,44,54,54,125,125,140,152,152],"floor_reached":20,"playtime":849,"items_purged":["Strike_B"],"score":338,"play_id":"37e278df-c532-499a-8f2c-00c0b595182b","local_time":"20181017211548","is_ascension_mode":true,"campfire_choices":[{"data":"Defragment","floor":6.0,"key":"SMITH"},{"data":"Fission","floor":11.0,"key":"SMITH"},{"data":"Recycle","floor":15.0,"key":"SMITH"}],"neow_cost":"NONE","seed_source_timestamp":142298971361886,"circlet_count":0,"master_deck":["Strike_B","Strike_B","Strike_B","Defend_B","Defend_B","Defend_B","Defend_B","Zap+1","Dualcast","AscendersBane","Sweeping Beam","Compile Driver","Defragment+1","Cold Snap","Recycle+1","Electrodynamics","Leap","Fission+1","Sweeping Beam","Streamline","Echo Form","Steam","Barrage"],"special_seed":0,"relics":["Cracked Core","NeowsBlessing","Gremlin Horn","Cables","Inserter"],"potions_floor_usage":[20],"damage_taken":[{"damage":0.0,"enemies":"Cultist","floor":1.0,"turns":1.0},{"damage":0.0,"enemies":"Small Slimes","floor":2.0,"turns":1.0},{"damage":0.0,"enemies":"Jaw Worm","floor":4.0,"turns":1.0},{"damage":4.0,"enemies":"Exordium Wildlife","floor":5.0,"turns":3.0},{"damage":18.0,"enemies":"3 Sentries","floor":7.0,"turns":3.0},{"damage":1.0,"enemies":"Exordium Thugs","floor":10.0,"turns":3.0},{"damage":10.0,"enemies":"Red Slaver","floor":12.0,"turns":3.0},{"damage":0.0,"enemies":"Gremlin Gang","floor":14.0,"turns":3.0},{"damage":18.0,"enemies":"The Guardian","floor":16.0,"turns":10.0},{"damage":15.0,"enemies":"Shell Parasite","floor":18.0,"turns":3.0},{"damage":6.0,"enemies":"Spheric Guardian","floor":19.0,"turns":4.0},{"damage":17,"enemies":"Colosseum Slavers","floor":20,"turns":2}],"seed_played":"2139150589679075413","potions_obtained":[{"floor":1.0,"key":"SneckoOil"},{"floor":2.0,"key":"Energy Potion"},{"floor":16.0,"key":"FocusPotion"},{"floor":18.0,"key":"LiquidBronze"}],"is_trial":false,"path_per_floor":["M","M","$","M","M","R","E","?","T","M","R","M","$","M","R","B",null,"M","M"],"character_chosen":"DEFECT","items_purchased":["Defragment","Cold Snap"],"campfire_rested":0,"item_purchase_floors":[3,3],"current_hp_per_floor":[64,64,64,64,60,60,42,42,42,41,41,31,31,31,31,13,57,42,36,19],"gold":152,"neow_bonus":"THREE_ENEMY_KILL","is_prod":false,"is_daily":false,"chose_seed":false,"campfire_upgraded":3,"win_rate":0,"timestamp":1539836148,"path_taken":["M","M","$","M","?","R","E","?","T","M","R","M","$","M","R","BOSS","M","M","?"],"build_version":"2018-10-17v2","purchased_purges":1,"victory":false,"max_hp_per_floor":[71,71,71,71,71,71,71,71,71,71,71,71,71,71,71,71,71,71,71,71],"card_choices":[{"not_picked":["Loop","Go for the Eyes"],"picked":"Sweeping Beam","floor":1.0},{"not_picked":["Chaos","Loop"],"picked":"Compile Driver","floor":2.0},{"not_picked":["Reprogram","Storm"],"picked":"Recycle","floor":4.0},{"not_picked":["Heatsinks","Redo"],"picked":"Electrodynamics","floor":5.0},{"not_picked":["Redo","Fusion"],"picked":"Leap","floor":7.0},{"not_picked":["Compile Driver","Hello World"],"picked":"Fission","floor":10.0},{"not_picked":["Cold Snap","Double Energy"],"picked":"Sweeping Beam","floor":12.0},{"not_picked":["Stack","Go for the Eyes"],"picked":"Streamline","floor":14.0},{"not_picked":["Rainbow","Biased Cognition"],"picked":"Echo Form","floor":16.0},{"not_picked":["Beam Cell","Turbo"],"picked":"Steam","floor":18.0},{"not_picked":["Streamline","Redo","Barrage"],"picked":"SKIP","floor":19.0},{"not_picked":["Streamline","Redo"],"picked":"Barrage","floor":19.0}],"player_experience":548934,"relics_obtained":[{"floor":7.0,"key":"Gremlin Horn"},{"floor":9.0,"key":"Cables"}],"event_choices":[{"damage_healed":0.0,"max_hp_gain":0.0,"max_hp_loss":0.0,"gold_gain":0.0,"event_name":"Living Wall","player_choice":"Grow","floor":8.0,"gold_loss":0.0,"damage_taken":0.0,"cards_upgraded":["Zap"]},{"damage_healed":0,"gold_gain":0,"player_choice":"Fight","damage_taken":0,"max_hp_gain":0,"max_hp_loss":0,"event_name":"Colosseum","floor":20,"gold_loss":0}],"is_beta":true,"boss_relics":[{"not_picked":["Coffee Dripper","Runic Pyramid"],"picked":"Inserter"}],"items_purged_floors":[13],"is_endless":false,"potions_floor_spawned":[1,2,16,18],"killed_by":"Colosseum Slavers","ascension_level":18}