{"gold_per_floor":[10,23,37,37,2,35,35,35,35,68,68,86,86,86,86,186,186,205,120,130,147,163,163,178,178,178,197,210,225,244,277,277,372,372,389,489,13,32,50,50,50,82,109,109,109,34,54,73,73,73],"floor_reached":51,"playtime":2944,"items_purged":["Strike_G"],"score":1079,"play_id":"cfba8035-c930-4d71-96bb-b996269073f2","local_time":"20190901183416","is_ascension_mode":true,"campfire_choices":[{"data":"Neutralize","floor":7,"key":"SMITH"},{"floor":11,"key":"REST"},{"data":"Leg Sweep","floor":13,"key":"SMITH"},{"data":"Cloak And Dagger","floor":15,"key":"SMITH"},{"floor":23,"key":"REST"},{"floor":32,"key":"REST"},{"data":"Envenom","floor":40,"key":"SMITH"},{"floor":44,"key":"REST"},{"floor":49,"key":"REST"}],"neow_cost":"NO_GOLD","seed_source_timestamp":1548800755794800,"circlet_count":0,"master_deck":["AscendersBane","Strike_G","Strike_G","Defend_G+1","Defend_G","Defend_G","Defend_G","Defend_G","Survivor","Neutralize+1","Leg Sweep+1","Footwork+1","Dagger Spray+1","Cloak And Dagger+1","Poisoned Stab","Envenom+1","Sucker Punch+1","Backflip+1","Acrobatics+1","Deadly Poison+1","Dodge and Roll+1","Bouncing Flask+1","Quick Slash+1","Well Laid Plans","Slice+1","Caltrops+1","Bullet Time+1","Dodge and Roll+1","Blur+1","Corpse Explosion+1","Noxious Fumes","Madness+1","Madness+1","Dodge and Roll+1","Deflect+1","Endless Agony"],"relics":["Ring of the Snake","Dodecahedron","Kunai","Snake Skull","Meat on the Bone","Black Star","Toxic Egg 2","Anchor","The Specimen","The Courier","Philosopher\u0027s Stone","Calipers","Incense Burner","Ginger","Lantern","Potion Belt"],"potions_floor_usage":[6,21,24,31,31,33,42,50,50],"damage_taken":[{"damage":0,"enemies":"2 Louse","floor":1,"turns":4},{"damage":0,"enemies":"Jaw Worm","floor":2,"turns":5},{"damage":0,"enemies":"Small Slimes","floor":3,"turns":5},{"damage":18,"enemies":"Lagavulin","floor":6,"turns":12},{"damage":32,"enemies":"Gremlin Nob","floor":10,"turns":7},{"damage":8,"enemies":"Looter","floor":12,"turns":3},{"damage":4,"enemies":"The Guardian","floor":16,"turns":18},{"damage":3,"enemies":"Chosen","floor":18,"turns":5},{"damage":26,"enemies":"Spheric Guardian","floor":20,"turns":8},{"damage":15,"enemies":"Chosen and Byrds","floor":21,"turns":5},{"damage":36,"enemies":"Snake Plant","floor":22,"turns":5},{"damage":8,"enemies":"Centurion and Healer","floor":24,"turns":7},{"damage":24,"enemies":"Cultist and Chosen","floor":27,"turns":10},{"damage":27,"enemies":"Sentry and Sphere","floor":28,"turns":5},{"damage":0,"enemies":"Centurion and Healer","floor":29,"turns":7},{"damage":2,"enemies":"Cultist and Chosen","floor":30,"turns":8},{"damage":22,"enemies":"Slavers","floor":31,"turns":9},{"damage":61,"enemies":"Collector","floor":33,"turns":10},{"damage":2,"enemies":"Orb Walker","floor":35,"turns":5},{"damage":28,"enemies":"Mind Bloom Boss Battle","floor":36,"turns":6},{"damage":0,"enemies":"3 Shapes","floor":38,"turns":3},{"damage":0,"enemies":"Writhing Mass","floor":39,"turns":6},{"damage":31,"enemies":"Reptomancer","floor":42,"turns":6},{"damage":1,"enemies":"Jaw Worm Horde","floor":47,"turns":4},{"damage":18,"enemies":"3 Darklings","floor":48,"turns":3},{"damage":33,"enemies":"Donu and Deca","floor":50,"turns":7}],"seed_played":"-3259873750707720662","potions_obtained":[{"floor":1,"key":"Block Potion"},{"floor":3,"key":"Ancient Potion"},{"floor":12,"key":"AttackPotion"},{"floor":18,"key":"SpeedPotion"},{"floor":21,"key":"EssenceOfSteel"},{"floor":27,"key":"Poison Potion"},{"floor":28,"key":"Fire Potion"},{"floor":30,"key":"Block Potion"},{"floor":31,"key":"Regen Potion"},{"floor":35,"key":"SmokeBomb"},{"floor":36,"key":"Energy Potion"},{"floor":47,"key":"Strength Potion"},{"floor":48,"key":"FearPotion"}],"is_trial":false,"path_per_floor":["M","M","M","?","?","E","R","?","T","E","R","M","R","T","R","B",null,"M","?","M","M","M","R","M","?","T","M","M","M","M","E","R","B",null,"M","?","$","M","M","R","?","E","T","R","?","$","M","M","R","B",null],"character_chosen":"THE_SILENT","items_purchased":["Corpse Explosion+1","Noxious Fumes","Incense Burner","Dodge and Roll+1","FearPotion"],"campfire_rested":5,"item_purchase_floors":[37,37,37,46,46],"current_hp_per_floor":[77,77,77,60,81,63,63,63,63,31,56,48,48,48,48,44,74,71,71,45,42,18,43,47,47,47,35,20,32,42,32,57,23,69,67,51,51,51,51,51,40,21,21,46,46,46,45,39,64,43],"gold":73,"neow_bonus":"TWENTY_PERCENT_HP_BONUS","is_prod":false,"is_daily":false,"chose_seed":false,"campfire_upgraded":4,"win_rate":0,"timestamp":1567388056,"path_taken":["M","M","M","?","?","E","R","?","T","E","R","M","R","?","R","BOSS","M","?","M","M","M","R","M","?","T","?","M","M","M","E","R","BOSS","M","?","$","M","M","R","?","E","T","R","?","$","M","?","R","BOSS"],"build_version":"2019-07-17","purchased_purges":1,"victory":true,"max_hp_per_floor":[84,84,84,84,84,84,84,84,84,84,84,84,84,84,84,84,84,84,84,84,84,84,84,84,84,84,84,84,84,84,84,84,84,84,84,84,84,84,84,84,84,84,84,84,84,84,84,84,84,84],"card_choices":[{"not_picked":["Concentrate","Deadly Poison"],"picked":"Leg Sweep","floor":1},{"not_picked":["Deadly Poison","Terror"],"picked":"Footwork","floor":2},{"not_picked":["PiercingWail","Quick Slash"],"picked":"Dagger Spray","floor":3},{"not_picked":["Concentrate","Deflect"],"picked":"Cloak And Dagger","floor":6},{"not_picked":["Cloak And Dagger","Phantasmal Killer"],"picked":"Poisoned Stab","floor":10},{"not_picked":["Terror","Underhanded Strike","Flying Knee"],"picked":"SKIP","floor":12},{"not_picked":["Bullet Time","Venomology"],"picked":"Envenom","floor":16},{"not_picked":["Footwork","Outmaneuver"],"picked":"Sucker Punch+1","floor":18},{"not_picked":["Flying Knee","Finisher+1"],"picked":"Backflip+1","floor":20},{"not_picked":["Sucker Punch","Reflex+1"],"picked":"Acrobatics+1","floor":21},{"not_picked":["Slice","Underhanded Strike+1"],"picked":"Deadly Poison+1","floor":22},{"not_picked":["Infinite Blades","Quick Slash"],"picked":"Dodge and Roll+1","floor":24},{"not_picked":["Sucker Punch+1","Flechettes"],"picked":"Bouncing Flask+1","floor":27},{"not_picked":["Reflex+1","Tactician+1"],"picked":"Quick Slash+1","floor":28},{"not_picked":["Quick Slash+1","Sucker Punch"],"picked":"Well Laid Plans","floor":29},{"not_picked":["Wraith Form v2","Choke"],"picked":"Slice+1","floor":30},{"not_picked":["Flechettes","PiercingWail+1"],"picked":"Caltrops+1","floor":31},{"not_picked":["Grand Finale","After Image"],"picked":"Bullet Time+1","floor":33},{"not_picked":["Footwork","Bane"],"picked":"Dodge and Roll+1","floor":35},{"not_picked":["Poisoned Stab","Endless Agony"],"picked":"Blur+1","floor":36},{"not_picked":["Caltrops+1","Sucker Punch+1","Tactician+1"],"picked":"SKIP","floor":38},{"not_picked":["Predator+1","Setup+1","Infinite Blades"],"picked":"SKIP","floor":39},{"not_picked":["After Image","Outmaneuver+1","Acrobatics+1"],"picked":"SKIP","floor":42},{"not_picked":["Predator","Accuracy+1"],"picked":"Deflect+1","floor":47},{"not_picked":["Flying Knee+1","Acrobatics+1"],"picked":"Endless Agony","floor":48}],"player_experience":1360103,"relics_obtained":[{"floor":6,"key":"Dodecahedron"},{"floor":9,"key":"Kunai"},{"floor":10,"key":"Snake Skull"},{"floor":14,"key":"Meat on the Bone"},{"floor":26,"key":"Anchor"},{"floor":31,"key":"The Specimen"},{"floor":31,"key":"The Courier"},{"floor":36,"key":"Calipers"},{"floor":42,"key":"Ginger"},{"floor":42,"key":"Lantern"},{"floor":43,"key":"Potion Belt"}],"event_choices":[{"damage_healed":0,"gold_gain":0,"player_choice":"Entered Light","damage_taken":17,"max_hp_gain":0,"max_hp_loss":0,"event_name":"Shining Light","floor":4,"gold_loss":0,"cards_upgraded":["Dagger Spray","Defend_G"]},{"damage_healed":21,"gold_gain":0,"player_choice":"Healed","damage_taken":0,"max_hp_gain":0,"max_hp_loss":0,"event_name":"The Cleric","floor":5,"gold_loss":35},{"cards_removed":["Strike_G"],"damage_healed":0,"gold_gain":0,"player_choice":"Forget","damage_taken":0,"max_hp_gain":0,"max_hp_loss":0,"event_name":"Living Wall","floor":8,"gold_loss":0},{"damage_healed":0,"gold_gain":0,"player_choice":"Obtained Relic","damage_taken":0,"relics_obtained":["Toxic Egg 2"],"max_hp_gain":0,"max_hp_loss":0,"event_name":"Addict","floor":19,"gold_loss":85},{"cards_removed":["Strike_G"],"damage_healed":0,"gold_gain":0,"player_choice":"Purged","damage_taken":0,"max_hp_gain":0,"max_hp_loss":0,"event_name":"Purifier","floor":25,"gold_loss":0},{"damage_healed":0,"gold_gain":0,"player_choice":"Fight","damage_taken":0,"max_hp_gain":0,"max_hp_loss":0,"event_name":"MindBloom","floor":36,"gold_loss":0},{"damage_healed":0,"gold_gain":0,"player_choice":"Embrace Madness","damage_taken":11,"max_hp_gain":0,"max_hp_loss":0,"event_name":"Winding Halls","floor":41,"gold_loss":0,"cards_obtained":["Madness","Madness"]},{"damage_healed":0,"gold_gain":0,"player_choice":"Forge","damage_taken":0,"max_hp_gain":0,"max_hp_loss":0,"event_name":"Accursed Blacksmith","floor":45,"gold_loss":0,"cards_upgraded":["Footwork"]}],"is_beta":false,"boss_relics":[{"not_picked":["HoveringKite","Tiny House"],"picked":"Black Star"},{"not_picked":["White Beast Statue","Fusion Hammer"],"picked":"Philosopher\u0027s Stone"}],"items_purged_floors":[37],"is_endless":false,"potions_floor_spawned":[1,3,12,18,21,27,28,30,31,35,36,47,48],"ascension_level":10}