{"gold_per_floor":[109,33,33,50,65,65,77,77,77,40,53,53,63,77,77,178,228,247,266,266,38,48,48,63,77,77,77,89,89,105,105,105,201,201,217,66,79,0,15,15,40,40,40,40],"floor_reached":44,"playtime":3943,"items_purged":["Strike_B"],"score":502,"play_id":"9d7ac42b-3ea1-4e44-9a5f-af505e45c664","local_time":"20190710123137","is_ascension_mode":true,"campfire_choices":[{"data":"Self Repair","floor":6,"key":"SMITH"},{"data":"Coolheaded","floor":8,"key":"SMITH"},{"data":"Genetic Algorithm","floor":12,"key":"SMITH"},{"data":"Go for the Eyes","floor":15,"key":"SMITH"},{"data":"Seek","floor":23,"key":"SMITH"},{"data":"Echo Form","floor":27,"key":"SMITH"},{"data":"Reinforced Body","floor":32,"key":"SMITH"},{"floor":40,"key":"REST"}],"neow_cost":"NONE","seed_source_timestamp":6448852007700,"circlet_count":0,"master_deck":["Strike_B","Strike_B","Strike_B","Defend_B+1","Defend_B","Defend_B","Defend_B","Zap","Dualcast","Seek+1","Cold Snap","Self Repair+1","Ball Lightning","Coolheaded+1","Go for the Eyes+1","Genetic Algorithm+1","Gash","FTL","Reinforced Body+1","Electrodynamics","Self Repair","Gash","Go for the Eyes","Conserve Battery","Echo Form+1","J.A.X.","Chill","Machine Learning","Force Field","Defragment","FTL+1","Stack"],"relics":["Cracked Core","Gambling Chip","Pantograph","Tiny House","Lee\u0027s Waffle","Bottled Tornado","Inserter","Red Mask","Regal Pillow","Sundial"],"potions_floor_usage":[12,18,18,24,25,25,28,41,44],"damage_taken":[{"damage":0,"enemies":"2 Louse","floor":1,"turns":3},{"damage":5,"enemies":"Small Slimes","floor":4,"turns":5},{"damage":1,"enemies":"Cultist","floor":5,"turns":3},{"damage":7,"enemies":"2 Fungi Beasts","floor":7,"turns":4},{"damage":12,"enemies":"Exordium Thugs","floor":11,"turns":4},{"damage":8,"enemies":"Blue Slaver","floor":13,"turns":2},{"damage":7,"enemies":"Large Slime","floor":14,"turns":6},{"damage":18,"enemies":"The Guardian","floor":16,"turns":13},{"damage":19,"enemies":"Spheric Guardian","floor":18,"turns":6},{"damage":21,"enemies":"Shell Parasite","floor":19,"turns":7},{"damage":5,"enemies":"Snecko","floor":22,"turns":6},{"damage":8,"enemies":"Chosen and Byrds","floor":24,"turns":6},{"damage":11,"enemies":"Shelled Parasite and Fungi","floor":25,"turns":8},{"damage":13,"enemies":"Sentry and Sphere","floor":28,"turns":8},{"damage":11,"enemies":"Centurion and Healer","floor":30,"turns":8},{"damage":96,"enemies":"Champ","floor":33,"turns":15},{"damage":58,"enemies":"3 Darklings","floor":35,"turns":7},{"damage":5,"enemies":"3 Shapes","floor":37,"turns":7},{"damage":49,"enemies":"Writhing Mass","floor":39,"turns":11},{"damage":17,"enemies":"Giant Head","floor":41,"turns":13},{"damage":101,"enemies":"Reptomancer","floor":44,"turns":3}],"seed_played":"-6365370540660878505","potions_obtained":[{"floor":11,"key":"Fruit Juice"},{"floor":13,"key":"SpeedPotion"},{"floor":14,"key":"GamblersBrew"},{"floor":17,"key":"PowerPotion"},{"floor":18,"key":"Block Potion"},{"floor":19,"key":"SkillPotion"},{"floor":24,"key":"FearPotion"},{"floor":37,"key":"FearPotion"},{"floor":41,"key":"Weak Potion"}],"is_trial":false,"path_per_floor":["M","$","?","M","M","R","M","R","T","$","M","R","M","M","R","B",null,"M","M","?","$","M","R","M","M","T","R","M","?","M","?","R","B",null,"M","$","M","?","M","R","E","?","T","E"],"character_chosen":"DEFECT","items_purchased":["Self Repair","Genetic Algorithm","Lee\u0027s Waffle","Go for the Eyes","Defragment"],"campfire_rested":1,"item_purchase_floors":[2,10,21,21,36],"current_hp_per_floor":[75,75,68,70,75,75,75,75,75,75,73,78,80,80,80,72,85,83,79,63,97,97,97,97,97,97,97,97,97,97,97,97,18,97,73,73,97,97,72,97,97,97,97,0],"gold":40,"neow_bonus":"ONE_RANDOM_RARE_CARD","is_prod":false,"is_daily":false,"chose_seed":false,"campfire_upgraded":7,"win_rate":0,"timestamp":1562758297,"path_taken":["M","$","?","M","M","R","M","R","T","$","M","R","M","M","R","BOSS","M","M","?","$","M","R","M","M","T","R","M","?","M","?","R","BOSS","M","$","M","?","M","R","E","?","T","E"],"build_version":"2019-07-05","purchased_purges":1,"victory":false,"max_hp_per_floor":[75,75,75,75,75,75,75,75,75,75,75,80,80,80,80,80,85,85,85,90,97,97,97,97,97,97,97,97,97,97,97,97,97,97,97,97,97,97,97,97,97,97,97,97],"card_choices":[{"not_picked":["Sweeping Beam","Blizzard"],"picked":"Cold Snap","floor":1},{"not_picked":["Compile Driver","Steam"],"picked":"Ball Lightning","floor":4},{"not_picked":["Leap","Consume"],"picked":"Coolheaded","floor":5},{"not_picked":["Streamline","Cold Snap"],"picked":"Go for the Eyes","floor":7},{"not_picked":["Static Discharge","Barrage"],"picked":"Gash","floor":11},{"not_picked":["Compile Driver","Steam"],"picked":"FTL","floor":13},{"not_picked":["White Noise","Compile Driver"],"picked":"Reinforced Body","floor":14},{"not_picked":["Core Surge","Echo Form"],"picked":"Electrodynamics","floor":16},{"not_picked":["Doom and Gloom","Go for the Eyes"],"picked":"Self Repair","floor":17},{"not_picked":["Aggregate","Sweeping Beam","Steam"],"picked":"SKIP","floor":18},{"not_picked":["Coolheaded","Stack"],"picked":"Gash","floor":19},{"not_picked":["Auto Shields+1","Stack"],"picked":"Conserve Battery","floor":22},{"not_picked":["Reprogram","Stack","Steam+1"],"picked":"SKIP","floor":24},{"not_picked":["Loop","Turbo"],"picked":"Echo Form","floor":25},{"not_picked":["Go for the Eyes","Beam Cell","Fusion"],"picked":"SKIP","floor":28},{"not_picked":["Streamline","Conserve Battery"],"picked":"Chill","floor":30},{"not_picked":["Electrodynamics","Meteor Strike"],"picked":"Machine Learning","floor":33},{"not_picked":["Rebound","Sweeping Beam"],"picked":"Force Field","floor":35},{"not_picked":["Self Repair+1","Steam"],"picked":"FTL+1","floor":37},{"not_picked":["Streamline+1","Turbo","Sweeping Beam"],"picked":"SKIP","floor":39},{"not_picked":["Steam","Fusion+1"],"picked":"Stack","floor":41}],"player_experience":71907,"relics_obtained":[{"floor":9,"key":"Pantograph"},{"floor":26,"key":"Bottled Tornado"},{"floor":41,"key":"Regal Pillow"},{"floor":43,"key":"Sundial"}],"event_choices":[{"damage_healed":0,"gold_gain":0,"player_choice":"Success","damage_taken":7,"relics_obtained":["Gambling Chip"],"max_hp_gain":0,"max_hp_loss":0,"event_name":"Scrap Ooze","floor":3,"gold_loss":0},{"damage_healed":0,"gold_gain":0,"player_choice":"Shed Blood","damage_taken":21,"max_hp_gain":5,"max_hp_loss":0,"event_name":"Forgotten Altar","floor":20,"gold_loss":0},{"damage_healed":0,"gold_gain":0,"player_choice":"Obtain J.A.X.","damage_taken":0,"max_hp_gain":0,"max_hp_loss":0,"event_name":"Drug Dealer","floor":29,"gold_loss":0,"cards_obtained":["J.A.X."]},{"damage_healed":0,"gold_gain":0,"player_choice":"Ignored","damage_taken":0,"max_hp_gain":0,"max_hp_loss":0,"event_name":"The Mausoleum","floor":31,"gold_loss":0},{"damage_healed":0,"gold_gain":0,"player_choice":"Paid","damage_taken":0,"relics_obtained":["Red Mask"],"max_hp_gain":0,"max_hp_loss":0,"event_name":"Tomb of Lord Red Mask","floor":38,"gold_loss":79},{"damage_healed":0,"gold_gain":0,"player_choice":"Ignored","damage_taken":0,"max_hp_gain":0,"max_hp_loss":0,"event_name":"Mysterious Sphere","floor":42,"gold_loss":0}],"is_beta":false,"boss_relics":[{"not_picked":["Runic Pyramid","Black Star"],"picked":"Tiny House"},{"not_picked":["Astrolabe","Coffee Dripper"],"picked":"Inserter"}],"items_purged_floors":[36],"is_endless":false,"potions_floor_spawned":[11,13,14,18,19,24,37,41],"killed_by":"Reptomancer","ascension_level":2}