{"gold_per_floor":[115,38,3,14,89,89,109,127,197,209,209],"floor_reached":11,"playtime":481,"items_purged":[],"score":124,"play_id":"0e7a0bb7-fcd1-467f-9829-0854b8f3d797","local_time":"20181018200712","is_ascension_mode":true,"campfire_choices":[{"data":"Calculated Gamble","floor":6.0,"key":"SMITH"}],"neow_cost":"PERCENT_DAMAGE","seed_source_timestamp":224932451209947,"circlet_count":0,"master_deck":["Defend_G","Defend_G","Defend_G","Defend_G","Defend_G","Strike_G","Strike_G","Strike_G","Survivor","Neutralize","AscendersBane","Underhanded Strike","Calculated Gamble","Calculated Gamble+1","Well Laid Plans","Underhanded Strike"],"special_seed":0,"relics":["Ring of the Snake","Singing Bowl"],"potions_floor_usage":[10,11],"damage_taken":[{"damage":21.0,"enemies":"Cultist","floor":1.0,"turns":7.0},{"damage":8.0,"enemies":"Small Slimes","floor":4.0,"turns":5.0},{"damage":0.0,"enemies":"Jaw Worm","floor":7.0,"turns":7.0},{"damage":7,"enemies":"2 Fungi Beasts","floor":8,"turns":5},{"damage":4,"enemies":"Gremlin Gang","floor":10,"turns":6},{"damage":14,"enemies":"Lots of Slimes","floor":11,"turns":2}],"seed_played":"-6558433834814112693","potions_obtained":[{"floor":7.0,"key":"SteroidPotion"},{"floor":8,"key":"GamblersBrew"}],"is_trial":false,"path_per_floor":["M","$","?","M","?","R","M","M","T","M"],"character_chosen":"THE_SILENT","items_purchased":["Calculated Gamble"],"campfire_rested":0,"item_purchase_floors":[2],"current_hp_per_floor":[23,23,39,31,20,20,20,13,13,11,0],"gold":209,"neow_bonus":"REMOVE_TWO","is_prod":false,"is_daily":false,"chose_seed":false,"campfire_upgraded":1,"win_rate":0,"timestamp":1539918432,"path_taken":["M","$","?","M","?","R","M","M","T","?","M"],"build_version":"2018-10-18","purchased_purges":0,"victory":false,"max_hp_per_floor":[66,66,66,66,66,66,66,66,66,68,68],"card_choices":[{"not_picked":["Outmaneuver","Prepared"],"picked":"Underhanded Strike","floor":1.0},{"not_picked":["Backstab","Deadly Poison"],"picked":"Calculated Gamble","floor":4.0},{"not_picked":["Slice","Outmaneuver"],"picked":"Well Laid Plans","floor":7.0},{"not_picked":["Blade Dance","Leg Sweep"],"picked":"Underhanded Strike","floor":8},{"not_picked":["Unload","Deadly Poison","Catalyst"],"picked":"Singing Bowl","floor":10}],"player_experience":550446,"relics_obtained":[{"floor":9,"key":"Singing Bowl"}],"event_choices":[{"damage_healed":16.0,"max_hp_gain":0.0,"max_hp_loss":0.0,"gold_gain":0.0,"event_name":"The Cleric","player_choice":"Healed","floor":3.0,"gold_loss":35.0,"damage_taken":0.0},{"damage_healed":0.0,"max_hp_gain":0.0,"max_hp_loss":0.0,"gold_gain":75.0,"event_name":"World of Goop","player_choice":"Gather Gold","floor":5.0,"gold_loss":0.0,"damage_taken":11.0}],"is_beta":true,"boss_relics":[],"items_purged_floors":[],"is_endless":false,"potions_floor_spawned":[7,8],"killed_by":"Lots of Slimes","ascension_level":18}