{"gold_per_floor":[109,109,119,132,146,146,146,146,219,184,213,213,247,266,266,371,371,386,386,386,386,35,35],"floor_reached":23,"playtime":573,"items_purged":[],"score":340,"play_id":"8d31a8af-32f6-4b08-bcc0-06860611a8b8","local_time":"20190407234305","is_ascension_mode":true,"campfire_choices":[{"data":"Envenom","floor":6,"key":"SMITH"},{"data":"Neutralize","floor":8,"key":"SMITH"},{"data":"Deadly Poison","floor":12,"key":"SMITH"},{"floor":15,"key":"REST"}],"neow_cost":"NONE","seed_source_timestamp":180453182271835,"circlet_count":0,"master_deck":["AscendersBane","Defend_G+1","Defend_G+1","Defend_G+1","Defend_G+1","Defend_G+1","Strike_G+1","Strike_G+1","Strike_G+1","Strike_G+1","Strike_G+1","Survivor","Neutralize","Poisoned Stab","Neutralize+1","Envenom+1","Backflip","Blade Dance","Dodge and Roll","Deadly Poison+1","Bouncing Flask","Catalyst","Well Laid Plans","After Image","Cloak And Dagger","Dagger Throw","Poisoned Stab","Blade Dance","Escape Plan","Caltrops"],"relics":["Ring of the Snake","Blood Vial","Ancient Tea Set","Dream Catcher","Orrery","Pear","Snake Skull","ClockworkSouvenir"],"potions_floor_usage":[16,16,23],"damage_taken":[{"damage":5,"enemies":"Jaw Worm","floor":1,"turns":4},{"damage":1,"enemies":"Cultist","floor":3,"turns":4},{"damage":7,"enemies":"2 Louse","floor":4,"turns":4},{"damage":2,"enemies":"Exordium Wildlife","floor":5,"turns":4},{"damage":28,"enemies":"Gremlin Nob","floor":11,"turns":5},{"damage":26,"enemies":"Lagavulin","floor":13,"turns":7},{"damage":18,"enemies":"3 Louse","floor":14,"turns":3},{"damage":17,"enemies":"Hexaghost","floor":16,"turns":7},{"damage":3,"enemies":"Chosen","floor":18,"turns":5},{"damage":49,"enemies":"Slavers","floor":23,"turns":4}],"seed_played":"-4918833725270185517","potions_obtained":[{"floor":4,"key":"Strength Potion"},{"floor":5,"key":"Energy Potion"},{"floor":14,"key":"PowerPotion"},{"floor":16,"key":"Fruit Juice"}],"is_trial":false,"path_per_floor":["M","?","M","M","M","R","?","R","T","?","E","R","E","M","R","B",null,"M","?","?","T","$","E"],"character_chosen":"THE_SILENT","items_purchased":["Snake Skull","ClockworkSouvenir"],"campfire_rested":1,"item_purchase_floors":[22,22],"current_hp_per_floor":[65,65,64,57,55,55,55,55,55,74,48,48,24,8,31,16,62,61,45,45,55,55,13],"gold":35,"neow_bonus":"TEN_PERCENT_HP_BONUS","is_prod":false,"is_daily":false,"chose_seed":false,"campfire_upgraded":3,"win_rate":0,"timestamp":1554702185,"path_taken":["M","?","M","M","?","R","?","R","T","?","E","R","E","M","R","BOSS","M","?","?","?","$","E"],"build_version":"2019-01-23","purchased_purges":0,"victory":false,"max_hp_per_floor":[77,77,77,77,77,77,77,77,77,77,77,77,77,77,77,77,77,77,77,77,87,87,92],"card_choices":[{"not_picked":["Blade Dance","Prepared"],"picked":"Poisoned Stab","floor":1},{"not_picked":["Slice","Acrobatics"],"picked":"Backflip","floor":3},{"not_picked":["Outmaneuver","Cloak And Dagger"],"picked":"Blade Dance","floor":4},{"not_picked":["Blur","Distraction"],"picked":"Dodge and Roll","floor":5},{"not_picked":["Slice","Quick Slash"],"picked":"Deadly Poison","floor":11},{"not_picked":["Deflect","Dagger Spray"],"picked":"Bouncing Flask","floor":13},{"not_picked":["Flying Knee","Blade Dance"],"picked":"Catalyst","floor":14},{"not_picked":["Leg Sweep","After Image"],"picked":"Well Laid Plans","floor":15},{"not_picked":["Burst","Unload"],"picked":"After Image","floor":16},{"not_picked":["Acrobatics","Unload"],"picked":"Cloak And Dagger","floor":17},{"not_picked":["Bouncing Flask","Escape Plan"],"picked":"Dagger Throw","floor":17},{"not_picked":["Acrobatics","Dodge and Roll"],"picked":"Poisoned Stab","floor":17},{"not_picked":["Choke","Backflip"],"picked":"Blade Dance","floor":17},{"not_picked":["Catalyst","Slice"],"picked":"Escape Plan","floor":17},{"not_picked":["Riddle With Holes","Deadly Poison"],"picked":"Caltrops","floor":18}],"player_experience":501900,"relics_obtained":[{"floor":11,"key":"Ancient Tea Set"},{"floor":13,"key":"Dream Catcher"},{"floor":21,"key":"Pear"}],"event_choices":[{"damage_healed":0,"gold_gain":0,"player_choice":"2 cards matched","damage_taken":0,"max_hp_gain":0,"max_hp_loss":0,"event_name":"Match and Keep!","floor":2,"gold_loss":0,"cards_obtained":["Neutralize","Envenom"]},{"damage_healed":0,"gold_gain":0,"player_choice":"Searched \u00272\u0027 times","damage_taken":0,"relics_obtained":["Blood Vial"],"max_hp_gain":0,"max_hp_loss":0,"event_name":"Dead Adventurer","floor":7,"gold_loss":0},{"damage_healed":19,"gold_gain":0,"player_choice":"Healed","damage_taken":0,"max_hp_gain":0,"max_hp_loss":0,"event_name":"The Cleric","floor":10,"gold_loss":35},{"damage_healed":0,"gold_gain":0,"player_choice":"Obtained Book","damage_taken":16,"max_hp_gain":0,"max_hp_loss":0,"event_name":"Cursed Tome","floor":19,"gold_loss":0},{"damage_healed":0,"gold_gain":0,"player_choice":"Simplicity","damage_taken":0,"max_hp_gain":0,"max_hp_loss":0,"event_name":"Back to Basics","floor":20,"gold_loss":0,"cards_upgraded":["Defend_G","Defend_G","Defend_G","Defend_G","Defend_G","Strike_G","Strike_G","Strike_G","Strike_G","Strike_G"]}],"is_beta":false,"boss_relics":[{"not_picked":["Busted Crown","Runic Pyramid"],"picked":"Orrery"}],"items_purged_floors":[],"is_endless":false,"potions_floor_spawned":[4,5,14,16],"killed_by":"Slavers","ascension_level":12}