{"gold_per_floor":[119,119,134,60,79,104,104,117,142,177,277,291,291,291,291,392,392,404,503,80,5,20,53,53,53,78,104,114,125,135,154,154,258,258,271,63,78,130,130,130,163,163,215,215,215,234,261,278,278,278],"floor_reached":50,"playtime":1808,"items_purged":["Strike_G","Strike_G"],"score":905,"play_id":"807aa6e8-d3bd-4aa3-a6ec-291724022bdc","local_time":"20190414171014","is_ascension_mode":true,"campfire_choices":[{"data":"Noxious Fumes","floor":7.0,"key":"SMITH"},{"data":"Footwork","floor":15.0,"key":"SMITH"},{"data":"Envenom","floor":24.0,"key":"SMITH"},{"data":"Tools of the Trade","floor":32.0,"key":"SMITH"},{"floor":40.0,"key":"REST"},{"floor":42,"key":"REST"},{"data":"Footwork","floor":44,"key":"SMITH"},{"floor":49,"key":"REST"}],"neow_cost":"NONE","seed_source_timestamp":250762955176630,"circlet_count":0,"master_deck":["AscendersBane","Defend_G","Defend_G","Defend_G","Defend_G","Defend_G","Strike_G+1","Survivor","Neutralize","Sucker Punch+1","PiercingWail+1","Noxious Fumes+1","Footwork+1","Poisoned Stab","Poisoned Stab","Heel Hook","Caltrops","Envenom+1","Dodge and Roll+1","Malaise","Tools of the Trade+1","Dagger Spray","Deadly Poison","Poisoned Stab+1","Quick Slash+1","Underhanded Strike+1","PiercingWail+1","Wraith Form v2","Dagger Throw+1","Footwork+1","Noxious Fumes","Terror","Quick Slash+1","Bane+1","Crippling Poison","Deadly Poison"],"special_seed":0,"relics":["Ring of the Snake","Potion Belt","Bronze Scales","Anchor","Velvet Choker","Membership Card","Tiny Chest","Ancient Tea Set","Meat on the Bone","Molten Egg 2","Lizard Tail","Paper Crane","Thread and Needle","Regal Pillow","Bag of Marbles","Letter Opener"],"potions_floor_usage":[41],"damage_taken":[{"damage":0.0,"enemies":"Small Slimes","floor":1.0,"turns":4.0},{"damage":0.0,"enemies":"2 Louse","floor":3.0,"turns":2.0},{"damage":0.0,"enemies":"Cultist","floor":5.0,"turns":5.0},{"damage":17.0,"enemies":"Lagavulin","floor":6.0,"turns":9.0},{"damage":1.0,"enemies":"Blue Slaver","floor":8.0,"turns":4.0},{"damage":16.0,"enemies":"Gremlin Nob","floor":10.0,"turns":4.0},{"damage":0.0,"enemies":"2 Fungi Beasts","floor":12.0,"turns":3.0},{"damage":13.0,"enemies":"Slime Boss","floor":16.0,"turns":12.0},{"damage":2.0,"enemies":"Spheric Guardian","floor":18.0,"turns":5.0},{"damage":0.0,"enemies":"3 Byrds","floor":22.0,"turns":3.0},{"damage":8.0,"enemies":"Book of Stabbing","floor":23.0,"turns":6.0},{"damage":23.0,"enemies":"Slavers","floor":27.0,"turns":7.0},{"damage":17.0,"enemies":"Centurion and Healer","floor":28.0,"turns":7.0},{"damage":9.0,"enemies":"Shelled Parasite and Fungi","floor":29.0,"turns":6.0},{"damage":14.0,"enemies":"3 Cultists","floor":30.0,"turns":5.0},{"damage":12.0,"enemies":"Centurion and Healer","floor":31.0,"turns":5.0},{"damage":44.0,"enemies":"Champ","floor":33.0,"turns":11.0},{"damage":14.0,"enemies":"Orb Walker","floor":35.0,"turns":4.0},{"damage":20.0,"enemies":"3 Shapes","floor":37.0,"turns":6.0},{"damage":41.0,"enemies":"2 Orb Walkers","floor":38.0,"turns":7.0},{"damage":28,"enemies":"Giant Head","floor":41,"turns":10},{"damage":0,"enemies":"Maw","floor":46,"turns":7},{"damage":70,"enemies":"Reptomancer","floor":47,"turns":7},{"damage":32,"enemies":"Transient","floor":48,"turns":5},{"damage":56,"enemies":"Awakened One","floor":50,"turns":12}],"seed_played":"-4801525172952022565","potions_obtained":[{"floor":6.0,"key":"Swift Potion"},{"floor":10.0,"key":"Weak Potion"},{"floor":12.0,"key":"LiquidBronze"},{"floor":18.0,"key":"Regen Potion"},{"floor":29.0,"key":"SkillPotion"},{"floor":30.0,"key":"SpeedPotion"},{"floor":35.0,"key":"SpeedPotion"},{"floor":37.0,"key":"EssenceOfSteel"},{"floor":48,"key":"FearPotion"}],"is_trial":false,"path_per_floor":["M","?","M","$","M","E","R","M","T","E","?","M","?","?","R","B",null,"M","?","$","?","M","E","R","T","T","E","M","M","M","M","R","B",null,"M","$","M","?","?","R","E","R","T","R","?","M","E","M","R","B"],"character_chosen":"THE_SILENT","items_purchased":["Noxious Fumes","Membership Card","Malaise","Tools of the Trade","Tiny Chest","Paper Crane","Footwork"],"campfire_rested":3,"item_purchase_floors":[4,20,20,20,20,36,36],"current_hp_per_floor":[70,70,70,70,70,53,53,52,52,36,36,36,21,46,46,33,66,64,64,64,64,64,56,56,56,56,45,40,43,41,41,41,24,64,50,50,42,13,13,34,18,54,54,54,54,54,36,16,52,0],"gold":278,"neow_bonus":"TEN_PERCENT_HP_BONUS","is_prod":false,"is_daily":false,"chose_seed":false,"campfire_upgraded":5,"win_rate":0,"timestamp":1555283414,"path_taken":["M","?","M","$","M","E","R","M","T","E","?","?","?","?","R","BOSS","M","?","$","?","M","E","R","?","T","E","M","M","M","?","R","BOSS","M","$","M","?","?","R","E","R","T","R","?","?","E","M","R","BOSS"],"build_version":"2019-01-23","purchased_purges":2,"victory":false,"max_hp_per_floor":[77,77,77,77,77,77,77,77,77,77,77,77,77,77,77,77,77,77,77,77,77,77,77,77,77,77,77,77,77,77,77,77,77,77,77,77,77,77,73,73,73,73,73,73,73,73,73,73,73,73],"card_choices":[{"not_picked":["Dash","Setup"],"picked":"Sucker Punch","floor":1.0},{"not_picked":["Catalyst","Finisher"],"picked":"PiercingWail","floor":3.0},{"not_picked":["Noxious Fumes","Riddle With Holes"],"picked":"Footwork","floor":5.0},{"not_picked":["Acrobatics","Deflect"],"picked":"Poisoned Stab","floor":6.0},{"not_picked":["PiercingWail","Sucker Punch"],"picked":"Poisoned Stab","floor":8.0},{"not_picked":["Eviscerate","Outmaneuver"],"picked":"Heel Hook","floor":10.0},{"not_picked":["Blur","Heel Hook"],"picked":"Caltrops","floor":12.0},{"not_picked":["Corpse Explosion","Grand Finale"],"picked":"Envenom","floor":16.0},{"not_picked":["Deflect","Sucker Punch"],"picked":"Dodge and Roll+1","floor":18.0},{"not_picked":["Blade Dance","Deadly Poison"],"picked":"Dagger Spray","floor":22.0},{"not_picked":["Dagger Throw+1","Reflex+1"],"picked":"Deadly Poison","floor":23.0},{"not_picked":["Storm of Steel","Expertise","PiercingWail"],"picked":"SKIP","floor":27.0},{"not_picked":["Cloak And Dagger","Acrobatics"],"picked":"Poisoned Stab+1","floor":28.0},{"not_picked":["Sucker Punch+1","PiercingWail"],"picked":"Quick Slash+1","floor":29.0},{"not_picked":["Concentrate","Poisoned Stab+1"],"picked":"Underhanded Strike+1","floor":30.0},{"not_picked":["Blade Dance+1","Distraction+1"],"picked":"PiercingWail+1","floor":31.0},{"not_picked":["Tools of the Trade","Grand Finale+1"],"picked":"Wraith Form v2","floor":33.0},{"not_picked":["Blade Dance+1","Calculated Gamble"],"picked":"Dagger Throw+1","floor":35.0},{"not_picked":["Flying Knee+1","Cloak And Dagger"],"picked":"Noxious Fumes","floor":37.0},{"not_picked":["Storm of Steel","All Out Attack+1"],"picked":"Terror","floor":41},{"not_picked":["Flying Knee+1","Slice+1"],"picked":"Bane+1","floor":46},{"not_picked":["Quick Slash+1","Heel Hook+1"],"picked":"Crippling Poison","floor":47},{"not_picked":["Flying Knee+1","Dagger Throw+1"],"picked":"Deadly Poison","floor":48}],"player_experience":510088,"relics_obtained":[{"floor":6.0,"key":"Potion Belt"},{"floor":9.0,"key":"Bronze Scales"},{"floor":10.0,"key":"Anchor"},{"floor":23.0,"key":"Ancient Tea Set"},{"floor":25.0,"key":"Meat on the Bone"},{"floor":27.0,"key":"Molten Egg 2"},{"floor":38.0,"key":"Thread and Needle"},{"floor":41,"key":"Regal Pillow"},{"floor":43,"key":"Bag of Marbles"},{"floor":47,"key":"Letter Opener"}],"event_choices":[{"damage_healed":0.0,"max_hp_gain":0.0,"max_hp_loss":0.0,"gold_gain":0.0,"event_name":"Living Wall","player_choice":"Grow","floor":2.0,"gold_loss":0.0,"damage_taken":0.0,"cards_upgraded":["Sucker Punch"]},{"damage_healed":0.0,"max_hp_gain":0.0,"max_hp_loss":0.0,"gold_gain":100.0,"event_name":"Golden Shrine","player_choice":"Pray","floor":11.0,"gold_loss":0.0,"damage_taken":0.0},{"damage_healed":0.0,"max_hp_gain":0.0,"max_hp_loss":0.0,"gold_gain":0.0,"event_name":"Shining Light","player_choice":"Entered Light","floor":13.0,"gold_loss":0.0,"damage_taken":15.0,"cards_upgraded":["Strike_G","PiercingWail"]},{"damage_healed":25.0,"max_hp_gain":0.0,"max_hp_loss":0.0,"gold_gain":0.0,"event_name":"Big Fish","player_choice":"Banana","floor":14.0,"gold_loss":0.0,"damage_taken":0.0},{"damage_healed":0.0,"max_hp_gain":0.0,"max_hp_loss":0.0,"gold_gain":99.0,"event_name":"Nest","player_choice":"Stole From Cult","floor":19.0,"gold_loss":0.0,"damage_taken":0.0},{"cards_removed":["Strike_G"],"damage_healed":0.0,"max_hp_gain":0.0,"max_hp_loss":0.0,"gold_gain":0.0,"event_name":"Beggar","player_choice":"Gave Gold","floor":21.0,"gold_loss":75.0,"damage_taken":0.0},{"damage_healed":0.0,"max_hp_gain":0.0,"max_hp_loss":0.0,"gold_gain":0.0,"event_name":"Mysterious Sphere","player_choice":"Fight","floor":38.0,"gold_loss":0.0,"damage_taken":0.0},{"damage_healed":0.0,"max_hp_gain":0.0,"max_hp_loss":4.0,"gold_gain":0.0,"event_name":"Winding Halls","player_choice":"Max HP","floor":39.0,"gold_loss":0.0,"damage_taken":0.0},{"damage_healed":0,"gold_gain":0,"cards_transformed":["Strike_G"],"player_choice":"Transformed","damage_taken":0,"max_hp_gain":0,"max_hp_loss":0,"event_name":"Transmorgrifier","floor":45,"gold_loss":0,"cards_obtained":["Quick Slash"]}],"is_beta":false,"boss_relics":[{"not_picked":["Pandora\u0027s Box","Astrolabe"],"picked":"Velvet Choker"},{"not_picked":["HoveringKite","Snecko Eye"],"picked":"Lizard Tail"}],"items_purged_floors":[20,36],"is_endless":false,"potions_floor_spawned":[6,10,12,18,29,30,31,35,37,48],"killed_by":"Awakened One","ascension_level":12}