{"gold_per_floor":[118,133,150,170,170,170,203,203,229,404,404,429,429,462,462,560,560,572,572],"floor_reached":19,"playtime":577,"items_purged":[],"score":321,"play_id":"3cdddaa8-9085-4c4e-a880-64eaf3bed518","local_time":"20181026173702","is_ascension_mode":true,"campfire_choices":[{"data":"Inflame","floor":6,"key":"SMITH"},{"data":"Spot Weakness","floor":8,"key":"SMITH"},{"floor":11,"key":"REST"},{"data":"Bash","floor":13,"key":"SMITH"},{"floor":15,"key":"REST"}],"neow_cost":"NONE","seed_source_timestamp":1458775856325244,"circlet_count":0,"master_deck":["Bash+1","AscendersBane","Cleave","Inflame+1","Spot Weakness+1","Twin Strike","Doubt","Sword Boomerang","Sword Boomerang","Demon Form","Bloodletting","Entrench","Sword Boomerang","Evolve","Armaments","Carnage","Thunderclap","Disarm","Whirlwind+1"],"relics":["Burning Blood","Regal Pillow","Bag of Preparation","Potion Belt","Pear","Pandora\u0027s Box"],"potions_floor_usage":[2,14,19],"damage_taken":[{"damage":12,"enemies":"Jaw Worm","floor":1,"turns":4},{"damage":0,"enemies":"2 Louse","floor":2,"turns":1},{"damage":0,"enemies":"Small Slimes","floor":3,"turns":2},{"damage":17,"enemies":"Exordium Thugs","floor":4,"turns":3},{"damage":32,"enemies":"Gremlin Nob","floor":7,"turns":4},{"damage":35,"enemies":"Lagavulin","floor":12,"turns":7},{"damage":15,"enemies":"3 Sentries","floor":14,"turns":4},{"damage":89,"enemies":"Hexaghost","floor":16,"turns":9},{"damage":14,"enemies":"Spheric Guardian","floor":18,"turns":3},{"damage":33,"enemies":"Colosseum Slavers","floor":19,"turns":3},{"damage":48,"enemies":"Colosseum Nobs","floor":19,"turns":3}],"seed_played":"904518062380367717","potions_obtained":[{"floor":1,"key":"Explosive Potion"},{"floor":4,"key":"Energy Potion"},{"floor":18,"key":"Swift Potion"}],"is_trial":false,"path_per_floor":["M","M","M","M","?","R","E","R","T","?","R","E","R","E","R","B",null,"M"],"character_chosen":"IRONCLAD","items_purchased":[],"campfire_rested":2,"item_purchase_floors":[],"current_hp_per_floor":[66,72,78,67,72,72,46,46,46,46,85,56,56,57,95,12,74,66,0],"gold":572,"neow_bonus":"TRANSFORM_CARD","is_prod":false,"is_daily":false,"chose_seed":false,"campfire_upgraded":3,"win_rate":0,"timestamp":1540589822,"path_taken":["M","M","M","M","?","R","E","R","T","?","R","E","R","E","R","BOSS","M","?"],"build_version":"2018-10-25v2","purchased_purges":0,"victory":false,"max_hp_per_floor":[80,80,80,80,85,85,85,85,85,85,85,85,85,95,95,95,95,95,95],"card_choices":[{"not_picked":["Thunderclap","Body Slam"],"picked":"Inflame","floor":1},{"not_picked":["Body Slam","Clash","Carnage"],"picked":"SKIP","floor":2},{"not_picked":["Warcry","Havoc","Exhume"],"picked":"SKIP","floor":3},{"not_picked":["Sword Boomerang","Havoc"],"picked":"Spot Weakness","floor":4},{"not_picked":["Headbutt","Anger"],"picked":"Twin Strike","floor":7},{"not_picked":["Bloodletting","Impervious"],"picked":"Sword Boomerang","floor":12},{"not_picked":["Rage","Dropkick"],"picked":"Sword Boomerang","floor":14},{"not_picked":["Exhume","Barricade"],"picked":"Demon Form","floor":16},{"not_picked":["Headbutt","True Grit"],"picked":"Whirlwind+1","floor":18}],"player_experience":864837,"relics_obtained":[{"floor":7,"key":"Regal Pillow"},{"floor":9,"key":"Bag of Preparation"},{"floor":12,"key":"Potion Belt"},{"floor":14,"key":"Pear"}],"event_choices":[{"damage_healed":0,"gold_gain":0,"player_choice":"Donut","damage_taken":0,"max_hp_gain":5,"max_hp_loss":0,"event_name":"Big Fish","floor":5,"gold_loss":0},{"damage_healed":0,"gold_gain":175,"player_choice":"AGREE","damage_taken":0,"max_hp_gain":0,"max_hp_loss":0,"event_name":"Liars Game","floor":10,"gold_loss":0,"cards_obtained":["Doubt"]},{"damage_healed":0,"gold_gain":0,"player_choice":"Fight","damage_taken":0,"max_hp_gain":0,"max_hp_loss":0,"event_name":"Colosseum","floor":19,"gold_loss":0},{"damage_healed":0,"gold_gain":0,"player_choice":"Fled From Nobs","damage_taken":0,"max_hp_gain":0,"max_hp_loss":0,"event_name":"Colosseum","floor":19,"gold_loss":0},{"damage_healed":0,"gold_gain":0,"player_choice":"Fought Nobs","damage_taken":0,"max_hp_gain":0,"max_hp_loss":0,"event_name":"Colosseum","floor":19,"gold_loss":0}],"is_beta":true,"boss_relics":[{"not_picked":["Velvet Choker","White Beast Statue"],"picked":"Pandora\u0027s Box"}],"items_purged_floors":[],"is_endless":false,"potions_floor_spawned":[1,4,18,19],"killed_by":"Colosseum Nobs","ascension_level":12}