{"gold_per_floor":[109,125,144,157,176,210,210,12,85,120,120,45,45,62,62,163,163,175,194,14,24,43,43,78,78,78,94,94,19,37,37,37,140,140,159,159,34,50,50,50,50,0,0,0,16,16,16],"floor_reached":47,"playtime":2706,"items_purged":["Strike_G","Strike_G","Strike_G"],"score":708,"play_id":"cba0f2cc-8c0a-4848-93e6-b6e69c726c2a","local_time":"20190927192311","is_ascension_mode":true,"campfire_choices":[{"floor":7,"key":"REST"},{"data":"Footwork","floor":11,"key":"SMITH"},{"data":"Crippling Poison","floor":13,"key":"SMITH"},{"floor":15,"key":"REST"},{"floor":23,"key":"REST"},{"floor":25,"key":"REST"},{"floor":32,"key":"REST"},{"data":"Adrenaline","floor":40,"key":"SMITH"},{"data":"Footwork","floor":41,"key":"SMITH"},{"data":"Dodge and Roll","floor":44,"key":"SMITH"}],"neow_cost":"TEN_PERCENT_HP_LOSS","seed_source_timestamp":1679415273961223,"circlet_count":0,"master_deck":["AscendersBane","Strike_G","Strike_G","Defend_G","Defend_G","Defend_G","Defend_G","Defend_G","Survivor","Neutralize","Die Die Die","All Out Attack","Deadly Poison","Quick Slash","Leg Sweep","Backflip","Escape Plan","Cloak And Dagger","Footwork+1","Crippling Poison+1","PiercingWail","Envenom","Acrobatics+1","Footwork+1","Bouncing Flask+1","Poisoned Stab+1","Backflip+1","Infinite Blades+1","Writhe","Adrenaline+1","Escape Plan+1","Backflip","Dodge and Roll+1","PiercingWail","Wraith Form v2+1","Outmaneuver+1","Pain"],"relics":["Ring of the Snake","Regal Pillow","Ninja Scroll","WingedGreaves","Cursed Key","Bag of Preparation","Frozen Egg 2","Tingsha","Orrery","Mercury Hourglass"],"potions_floor_usage":[19,21,33,45,47,47],"damage_taken":[{"damage":3,"enemies":"Jaw Worm","floor":1,"turns":4},{"damage":0,"enemies":"2 Louse","floor":2,"turns":2},{"damage":6,"enemies":"Cultist","floor":3,"turns":3},{"damage":13,"enemies":"Blue Slaver","floor":4,"turns":4},{"damage":10,"enemies":"Exordium Wildlife","floor":5,"turns":3},{"damage":18,"enemies":"3 Sentries","floor":6,"turns":8},{"damage":23,"enemies":"Gremlin Nob","floor":10,"turns":4},{"damage":10,"enemies":"Large Slime","floor":14,"turns":7},{"damage":16,"enemies":"Hexaghost","floor":16,"turns":14},{"damage":0,"enemies":"3 Byrds","floor":18,"turns":3},{"damage":16,"enemies":"2 Thieves","floor":19,"turns":3},{"damage":0,"enemies":"3 Cultists","floor":21,"turns":6},{"damage":24,"enemies":"Chosen and Byrds","floor":22,"turns":5},{"damage":31,"enemies":"Gremlin Leader","floor":24,"turns":6},{"damage":25,"enemies":"Shelled Parasite and Fungi","floor":27,"turns":6},{"damage":0,"enemies":"Centurion and Healer","floor":30,"turns":8},{"damage":49,"enemies":"Champ","floor":33,"turns":15},{"damage":1,"enemies":"3 Shapes","floor":35,"turns":5},{"damage":0,"enemies":"Orb Walker","floor":38,"turns":4},{"damage":14,"enemies":"Spire Growth","floor":45,"turns":6},{"damage":36,"enemies":"Awakened One","floor":47,"turns":10}],"seed_played":"-8557883543308057532","potions_obtained":[{"floor":3,"key":"EssenceOfSteel"},{"floor":4,"key":"LiquidBronze"},{"floor":10,"key":"FearPotion"},{"floor":19,"key":"AttackPotion"},{"floor":21,"key":"Weak Potion"},{"floor":38,"key":"GamblersBrew"}],"is_trial":false,"path_per_floor":["M","M","M","M","M","E","R","$","T","E","R","$","R","M","R","B",null,"M","M","$","M","M","R","E","R","T","M","?","?","M","?","R","B",null,"M","?","$","M","?","R","R","$","T","R","M","?","B"],"character_chosen":"THE_SILENT","items_purchased":["Escape Plan","Cloak And Dagger","Crippling Poison","Footwork","SteroidPotion"],"campfire_rested":5,"item_purchase_floors":[8,8,12,20,42],"current_hp_per_floor":[60,60,54,41,31,13,46,46,46,23,23,23,23,13,46,30,55,55,39,39,39,15,48,17,50,50,25,25,25,25,25,58,9,50,49,49,49,49,49,49,49,49,49,49,35,35,0],"gold":16,"neow_bonus":"THREE_RARE_CARDS","is_prod":false,"is_daily":false,"chose_seed":false,"campfire_upgraded":5,"win_rate":0,"timestamp":1569633791,"path_taken":["M","M","M","M","M","E","R","$","T","E","R","$","R","M","R","BOSS","M","M","$","M","M","R","E","R","T","M","?","?","M","?","R","BOSS","M","?","$","M","?","R","R","$","T","R","M","?","BOSS"],"build_version":"2019-07-17","purchased_purges":3,"victory":false,"max_hp_per_floor":[63,63,63,63,63,63,63,63,63,63,63,63,63,63,63,63,63,63,63,63,63,63,63,63,63,63,63,63,63,63,63,63,63,63,63,63,63,63,63,63,63,63,63,63,63,63,63],"card_choices":[{"not_picked":["Envenom","Venomology"],"picked":"Die Die Die","floor":0},{"not_picked":["Bane","Finisher"],"picked":"All Out Attack","floor":1},{"not_picked":["Flying Knee","Reflex"],"picked":"Deadly Poison","floor":2},{"not_picked":["Slice","Underhanded Strike"],"picked":"Quick Slash","floor":3},{"not_picked":["Deflect","Riddle With Holes","Calculated Gamble"],"picked":"SKIP","floor":4},{"not_picked":["Setup","Cloak And Dagger"],"picked":"Leg Sweep","floor":5},{"not_picked":["Bullet Time","Predator"],"picked":"Backflip","floor":6},{"not_picked":["Cloak And Dagger","Concentrate"],"picked":"Footwork","floor":10},{"not_picked":["Backflip","Poisoned Stab"],"picked":"PiercingWail","floor":14},{"not_picked":["Adrenaline","Storm of Steel"],"picked":"Envenom","floor":16},{"not_picked":["Acrobatics+1","Bane+1","Prepared"],"picked":"SKIP","floor":18},{"not_picked":["Bane+1","Prepared"],"picked":"Acrobatics+1","floor":18},{"not_picked":["Underhanded Strike","Well Laid Plans+1","Sucker Punch"],"picked":"SKIP","floor":19},{"not_picked":["Outmaneuver","Slice"],"picked":"Bouncing Flask+1","floor":21},{"not_picked":["Slice+1","Eviscerate+1","Accuracy"],"picked":"SKIP","floor":22},{"not_picked":["Leg Sweep","Slice"],"picked":"Poisoned Stab+1","floor":24},{"not_picked":["Slice+1","Bane"],"picked":"Backflip+1","floor":27},{"not_picked":["Backstab","Dagger Spray+1"],"picked":"Infinite Blades+1","floor":30},{"not_picked":["Die Die Die","Envenom+1"],"picked":"Adrenaline","floor":33},{"not_picked":["Backflip","Acrobatics"],"picked":"Escape Plan+1","floor":34},{"not_picked":["Blade Dance","Endless Agony+1"],"picked":"Backflip","floor":34},{"not_picked":["Deflect","Infinite Blades+1"],"picked":"Dodge and Roll","floor":34},{"not_picked":["Deflect+1","Expertise"],"picked":"PiercingWail","floor":34},{"not_picked":["Expertise","PiercingWail"],"picked":"Wraith Form v2+1","floor":34},{"not_picked":["Dagger Spray+1","Poisoned Stab","Flechettes+1"],"picked":"SKIP","floor":35},{"not_picked":["Prepared+1","Blade Dance+1"],"picked":"Outmaneuver+1","floor":38},{"not_picked":["Outmaneuver","Crippling Poison+1","Riddle With Holes"],"picked":"SKIP","floor":45}],"player_experience":153073,"relics_obtained":[{"floor":6,"key":"Regal Pillow"},{"floor":9,"key":"Ninja Scroll"},{"floor":10,"key":"WingedGreaves"},{"floor":24,"key":"Bag of Preparation"},{"floor":26,"key":"Frozen Egg 2"},{"floor":43,"key":"Mercury Hourglass"}],"event_choices":[{"damage_healed":0,"gold_gain":0,"player_choice":"Ignored","damage_taken":0,"max_hp_gain":0,"max_hp_loss":0,"event_name":"Ghosts","floor":28,"gold_loss":0},{"cards_removed":["Regret"],"damage_healed":0,"gold_gain":0,"player_choice":"Gave Gold","damage_taken":0,"max_hp_gain":0,"max_hp_loss":0,"event_name":"Beggar","floor":29,"gold_loss":75},{"damage_healed":0,"gold_gain":0,"player_choice":"Opened","damage_taken":0,"relics_obtained":["Tingsha"],"max_hp_gain":0,"max_hp_loss":0,"event_name":"The Mausoleum","floor":31,"gold_loss":0,"cards_obtained":["Writhe"]},{"damage_healed":0,"gold_gain":0,"player_choice":"Ignored","damage_taken":0,"max_hp_gain":0,"max_hp_loss":0,"event_name":"Tomb of Lord Red Mask","floor":36,"gold_loss":0},{"damage_healed":0,"gold_gain":0,"player_choice":"Ignored","damage_taken":0,"max_hp_gain":0,"max_hp_loss":0,"event_name":"Mysterious Sphere","floor":39,"gold_loss":0},{"damage_healed":0,"gold_gain":0,"player_choice":"Took Portal","damage_taken":0,"max_hp_gain":0,"max_hp_loss":0,"event_name":"SecretPortal","floor":46,"gold_loss":0}],"is_beta":false,"boss_relics":[{"not_picked":["Pandora\u0027s Box","White Beast Statue"],"picked":"Cursed Key"},{"not_picked":["Lizard Tail","Philosopher\u0027s Stone"],"picked":"Orrery"}],"items_purged_floors":[8,20,37],"is_endless":false,"potions_floor_spawned":[3,4,10,14,19,21,27,38],"killed_by":"Awakened One","ascension_level":10}