{"gold_per_floor":[113,63,238,248,261,261,296,296,296,296,149,149,178,178,178,278,278,278,203,203,55,55,55,55,55,55,55,55,55,55,55,55,55,55,55,55,55,55,55,55,55,55,55,55,55,55,2,2,2,2],"floor_reached":51,"playtime":4531,"items_purged":[],"score":1215,"play_id":"5e892d6e-5623-4b24-af86-34bf1fe0c5fb","local_time":"20180806203834","is_ascension_mode":true,"campfire_choices":[{"data":"Bash","floor":6,"key":"SMITH"},{"floor":8,"key":"REST"},{"data":"Spot Weakness","floor":10,"key":"SMITH"},{"floor":15,"key":"REST"},{"data":"Demon Form","floor":27,"key":"SMITH"},{"data":"Spot Weakness","floor":29,"key":"SMITH"},{"data":"Inflame","floor":32,"key":"SMITH"},{"floor":41,"key":"REST"},{"data":"Limit Break","floor":49,"key":"SMITH"}],"neow_cost":"NONE","seed_source_timestamp":956310335254845,"circlet_count":0,"master_deck":["Strike_R","Strike_R","Strike_R","Strike_R","Defend_R+1","Defend_R+1","Defend_R+1","AscendersBane","Battle Trance+1","Spot Weakness+1","Heavy Blade+1","Pummel","Demon Form+1","Pommel Strike","Pummel","Twin Strike","Shrug It Off","Spot Weakness+1","Inflame+1","Limit Break+1","Burning Pact+1","Writhe","Pummel+1","Headbutt+1","Sword Boomerang","True Grit+1"],"relics":["Burning Blood","Matryoshka","Bag of Preparation","Shuriken","Happy Flower","Thread and Needle","Ectoplasm","War Paint","Anchor","Dodecahedron","Bronze Scales","Self Forming Clay","Dead Branch","Lizard Tail","Toxic Egg 2","Mercury Hourglass","Calipers"],"potions_floor_usage":[23,39,50,50],"damage_taken":[{"damage":11,"enemies":"2 Louse","floor":1,"turns":2},{"damage":10,"enemies":"Cultist","floor":4,"turns":5},{"damage":9,"enemies":"Jaw Worm","floor":5,"turns":3},{"damage":40,"enemies":"Gremlin Nob","floor":7,"turns":5},{"damage":35,"enemies":"Lagavulin","floor":13,"turns":7},{"damage":23,"enemies":"Hexaghost","floor":16,"turns":9},{"damage":0,"enemies":"Chosen","floor":18,"turns":4},{"damage":1,"enemies":"Shell Parasite","floor":22,"turns":3},{"damage":0,"enemies":"Gremlin Leader","floor":23,"turns":5},{"damage":0,"enemies":"Cultist and Chosen","floor":24,"turns":3},{"damage":0,"enemies":"Slavers","floor":25,"turns":4},{"damage":0,"enemies":"3 Cultists","floor":28,"turns":3},{"damage":0,"enemies":"Snecko","floor":30,"turns":3},{"damage":3,"enemies":"Book of Stabbing","floor":31,"turns":3},{"damage":3,"enemies":"Automaton","floor":33,"turns":5},{"damage":0,"enemies":"Flame Bruiser 1 Orb","floor":35,"turns":2},{"damage":0,"enemies":"3 Darklings","floor":37,"turns":3},{"damage":0,"enemies":"Transient","floor":39,"turns":5},{"damage":28,"enemies":"2 Orb Walkers","floor":40,"turns":4},{"damage":19,"enemies":"Maw","floor":42,"turns":5},{"damage":0,"floor":44,"turns":2},{"damage":1,"enemies":"Flame Bruiser 2 Orb","floor":46,"turns":4},{"damage":0,"enemies":"Spire Growth","floor":48,"turns":3},{"damage":34,"enemies":"Donu and Deca","floor":50,"turns":4}],"seed_played":"-3907456219860499177","potions_obtained":[{"floor":1,"key":"SmokeBomb"},{"floor":16,"key":"Poison Potion"},{"floor":22,"key":"SpeedPotion"},{"floor":31,"key":"AttackPotion"},{"floor":40,"key":"PowerPotion"},{"floor":48,"key":"PowerPotion"}],"is_trial":false,"path_per_floor":["M","?","?","M","M","R","E","R","T","R","$","?","E","?","R","B",null,"M","?","T","$","M","E","M","E","T","R","M","R","M","E","R","B",null,"M","?","M","?","M","E","R","M","T","?","?","M","$","M","R","B"],"character_chosen":"IRONCLAD","items_purchased":["Happy Flower","Pummel","Twin Strike","Shrug It Off","Sword Boomerang"],"campfire_rested":3,"item_purchase_floors":[11,21,21,21,47],"current_hp_per_floor":[67,67,67,63,60,60,26,50,50,50,50,50,21,5,29,12,63,69,69,69,69,74,80,80,80,80,80,80,80,80,80,80,80,80,80,80,80,80,80,58,80,67,67,73,73,78,78,80,80,52],"gold":2,"neow_bonus":"TRANSFORM_CARD","is_prod":false,"is_daily":false,"chose_seed":false,"campfire_upgraded":6,"win_rate":0,"timestamp":1533602314,"path_taken":["M","?","?","?","?","R","E","R","T","R","$","?","E","?","R","BOSS","M","?","?","$","M","E","?","E","T","R","?","R","M","E","R","BOSS","M","?","M","?","M","E","R","?","T","?","?","?","?","M","R","BOSS"],"build_version":"2018-08-01","purchased_purges":0,"victory":true,"max_hp_per_floor":[80,80,80,80,80,80,80,80,80,80,80,80,80,80,80,80,80,80,80,80,80,80,80,80,80,80,80,80,80,80,80,80,80,80,80,80,80,80,80,80,80,80,80,80,80,80,80,80,80,80],"card_choices":[{"not_picked":["Body Slam","Clash"],"picked":"Spot Weakness","floor":1},{"not_picked":["Anger","Rupture"],"picked":"Heavy Blade","floor":4},{"not_picked":["Cleave","Dark Embrace","Perfected Strike"],"picked":"SKIP","floor":5},{"not_picked":["Heavy Blade","Body Slam","Combust"],"picked":"SKIP","floor":7},{"not_picked":["Havoc","Exhume"],"picked":"Pummel","floor":13},{"not_picked":["Fiend Fire","Reaper"],"picked":"Demon Form","floor":16},{"not_picked":["Headbutt","Evolve+1"],"picked":"Pommel Strike","floor":18},{"not_picked":["Thunderclap","Wild Strike+1","Havoc"],"picked":"SKIP","floor":22},{"not_picked":["Entrench","Power Through"],"picked":"Spot Weakness","floor":23},{"not_picked":["Sentinel","Body Slam+1","Bloodletting"],"picked":"SKIP","floor":24},{"not_picked":["Blood for Blood","Spot Weakness","Searing Blow"],"picked":"SKIP","floor":25},{"not_picked":["Armaments","Clash","Flex"],"picked":"SKIP","floor":28},{"not_picked":["Armaments","Juggernaut"],"picked":"Inflame","floor":30},{"not_picked":["Second Wind","Body Slam","Infernal Blade"],"picked":"SKIP","floor":31},{"not_picked":["Exhume","Demon Form"],"picked":"Limit Break","floor":33},{"not_picked":["Anger+1","Body Slam+1"],"picked":"Burning Pact+1","floor":35},{"not_picked":["Havoc+1","Armaments+1","Dropkick"],"picked":"SKIP","floor":37},{"not_picked":["Metallicize+1","Cleave","Rage+1"],"picked":"SKIP","floor":39},{"not_picked":["Infernal Blade","Seeing Red+1"],"picked":"Pummel+1","floor":40},{"not_picked":["Exhume+1","Metallicize+1","Havoc+1"],"picked":"SKIP","floor":42},{"not_picked":["Thunderclap+1","Disarm+1"],"picked":"Headbutt+1","floor":44},{"not_picked":["Dual Wield+1","Entrench+1","Evolve+1"],"picked":"SKIP","floor":46},{"not_picked":["Havoc+1","Infernal Blade+1"],"picked":"True Grit+1","floor":48}],"player_experience":811132,"relics_obtained":[{"floor":7,"key":"Matryoshka"},{"floor":9,"key":"Bag of Preparation"},{"floor":9,"key":"Shuriken"},{"floor":13,"key":"Thread and Needle"},{"floor":20,"key":"War Paint"},{"floor":20,"key":"Anchor"},{"floor":23,"key":"Dodecahedron"},{"floor":25,"key":"Bronze Scales"},{"floor":26,"key":"Self Forming Clay"},{"floor":31,"key":"Dead Branch"},{"floor":40,"key":"Toxic Egg 2"},{"floor":43,"key":"Mercury Hourglass"},{"floor":44,"key":"Calipers"}],"event_choices":[{"event_name":"The Cleric","player_choice":"Card Removal","floor":2,"damage_taken":0},{"event_name":"Liars Game","player_choice":"agreed","floor":3,"damage_taken":0},{"event_name":"Living Wall","player_choice":"Grow","floor":12,"damage_taken":0},{"event_name":"Shining Light","player_choice":"Entered Light","floor":14,"damage_taken":0},{"event_name":"Beggar","player_choice":"Gave Gold","floor":19,"damage_taken":0},{"event_name":"Winding Halls","player_choice":"Writhe","floor":36,"damage_taken":0},{"event_name":"SecretPortal","player_choice":"Rejected Portal.","floor":38,"damage_taken":0},{"event_name":"Mysterious Sphere","player_choice":"Fight","floor":44,"damage_taken":0},{"event_name":"Falling","player_choice":"Removed Attack","floor":45,"damage_taken":0}],"is_beta":true,"boss_relics":[{"not_picked":["Black Star","Fusion Hammer"],"picked":"Ectoplasm"},{"not_picked":["Calling Bell","Coffee Dripper"],"picked":"Lizard Tail"}],"items_purged_floors":[],"is_endless":false,"potions_floor_spawned":[1,16,22,31,33,35,37,40,46,48],"ascension_level":11}