{"gold_per_floor":[118,129,148,148,148,166,185,185,256,272,272,21,42,63,63,63],"floor_reached":16,"playtime":436,"items_purged":[],"score":96,"play_id":"f30d0672-bf6c-4c58-9201-966cce5d5292","local_time":"20190405004752","is_ascension_mode":false,"campfire_choices":[{"data":"Pommel Strike","floor":11,"key":"SMITH"},{"floor":15,"key":"REST"}],"neow_cost":"NONE","seed_source_timestamp":345586122970900,"circlet_count":0,"master_deck":["Strike_R","Strike_R","Strike_R","Strike_R","Strike_R","Defend_R","Defend_R","Defend_R","Bash","Shrug It Off","Spot Weakness","Metallicize","Pommel Strike+1","Twin Strike","Corruption","Ghostly Armor","Headbutt","Limit Break"],"relics":["Burning Blood","Golden Idol","Letter Opener","Bronze Scales"],"potions_floor_usage":[],"damage_taken":[{"damage":13,"enemies":"Jaw Worm","floor":1,"turns":3},{"damage":0,"enemies":"Small Slimes","floor":2,"turns":3},{"damage":0,"enemies":"Cultist","floor":3,"turns":4},{"damage":22,"enemies":"Lots of Slimes","floor":6,"turns":5},{"damage":11,"enemies":"Large Slime","floor":7,"turns":3},{"damage":8,"enemies":"Blue Slaver","floor":10,"turns":4},{"damage":4,"enemies":"Exordium Thugs","floor":13,"turns":4},{"damage":11,"enemies":"Large Slime","floor":14,"turns":6},{"damage":60,"enemies":"The Guardian","floor":16,"turns":9}],"seed_played":"2758232224013205656","potions_obtained":[{"floor":3,"key":"Fire Potion"},{"floor":6,"key":"GamblersBrew"},{"floor":7,"key":"Weak Potion"},{"floor":8,"key":"Explosive Potion"}],"is_trial":false,"path_per_floor":["M","M","M","?","?","M","M","?","T","M","R","$","M","M","R","B"],"character_chosen":"IRONCLAD","items_purchased":["Bronze Scales","Corruption","Ghostly Armor"],"campfire_rested":1,"item_purchase_floors":[12,12,12],"current_hp_per_floor":[81,87,88,66,59,43,38,38,38,36,36,36,38,33,59,0],"gold":63,"neow_bonus":"TEN_PERCENT_HP_BONUS","is_prod":false,"is_daily":false,"chose_seed":false,"campfire_upgraded":1,"win_rate":0,"timestamp":1554450472,"path_taken":["M","M","M","?","?","M","M","?","T","?","R","?","M","M","R","BOSS"],"build_version":"2019-01-23","purchased_purges":0,"victory":false,"max_hp_per_floor":[88,88,88,88,88,88,88,88,88,88,88,88,88,88,88,88],"card_choices":[{"not_picked":["Havoc","True Grit"],"picked":"Shrug It Off","floor":1},{"not_picked":["Twin Strike","Blood for Blood"],"picked":"Spot Weakness","floor":2},{"not_picked":["Clash","Body Slam"],"picked":"Metallicize","floor":3},{"not_picked":["Sword Boomerang","Rupture","Body Slam"],"picked":"SKIP","floor":6},{"not_picked":["Twin Strike","Body Slam"],"picked":"Pommel Strike","floor":7},{"not_picked":["Searing Blow","Warcry"],"picked":"Twin Strike","floor":10},{"not_picked":["Hemokinesis","Havoc"],"picked":"Headbutt","floor":13},{"not_picked":["Rupture","Warcry"],"picked":"Limit Break","floor":14}],"player_experience":1141974,"relics_obtained":[{"floor":9,"key":"Letter Opener"}],"event_choices":[{"damage_healed":0,"gold_gain":0,"player_choice":"Take Damage","damage_taken":22,"relics_obtained":["Golden Idol"],"max_hp_gain":0,"max_hp_loss":0,"event_name":"Golden Idol","floor":4,"gold_loss":0},{"cards_removed":["Defend_R"],"damage_healed":0,"gold_gain":0,"player_choice":"Card Removal","damage_taken":7,"max_hp_gain":0,"max_hp_loss":0,"event_name":"Golden Wing","floor":5,"gold_loss":0},{"damage_healed":0,"gold_gain":0,"player_choice":"Got Potions","damage_taken":0,"max_hp_gain":0,"max_hp_loss":0,"event_name":"Lab","floor":8,"gold_loss":0}],"is_beta":false,"boss_relics":[],"items_purged_floors":[],"is_endless":false,"potions_floor_spawned":[3,6,7,10],"killed_by":"The Guardian","ascension_level":0}