{"path_per_floor":["M","M","M","?","$","R","E","R","T","T","$","M","$","E","R","B",null,"M","?","?","?","M","R","M","R","T","R","M","E","R","M","R","B",null,"M","?","M","$","?","R","M","R","T","M","M","M","M","?","R"],"character_chosen":"IRONCLAD","items_purchased":["Strawberry","Perfected Strike","Dual Wield","Shuriken","Spot Weakness","Twin Strike"],"gold_per_floor":[115,130,147,147,4,4,32,32,83,108,62,79,40,68,68,166,166,186,186,186,86,101,101,118,118,167,167,179,204,204,218,218,323,323,334,334,346,0,0,0,14,14,14,24,44,62,72,122,122],"floor_reached":50,"campfire_rested":1,"playtime":3452,"current_hp_per_floor":[76,80,80,80,87,87,62,62,62,62,62,43,43,22,63,10,87,87,87,87,87,81,81,80,80,80,80,87,74,74,72,72,68,87,87,87,87,87,77,77,81,81,81,82,67,75,76,76,76],"items_purged":[],"gold":122,"play_id":"ed1f0dac-2927-450b-8b54-488b961291cd","is_prod":false,"is_daily":false,"campfire_rituals":0,"campfire_upgraded":10,"is_hardmode":false,"path_taken":["M","?","M","?","$","R","E","R","T","?","?","M","$","E","R","BOSS","M","?","?","?","M","R","M","R","T","R","M","E","R","M","R","BOSS","M","?","M","$","?","R","M","R","T","M","M","M","M","?","R","BOSS"],"build_version":"2018-01-21-BETA1","purchased_purges":0,"victory":false,"master_deck":["Strike_R","Strike_R","Strike_R","Strike_R","Strike_R","Defend_R","Defend_R","Defend_R","Bash","Headbutt","Perfected Strike","Flex","Reckless Charge","Limit Break","Perfected Strike","Perfected Strike","Dual Wield","Shrug It Off","Offering","Sentinel","J.A.X.","Dropkick","Havoc","Perfected Strike","Flex","Double Tap","Hemokinesis","Spot Weakness","Twin Strike","Madness","Madness","Uppercut","Blood for Blood","Warcry","Heavy Blade","Burning Pact"],"max_hp_per_floor":[80,80,80,80,87,87,87,87,87,87,87,87,87,87,87,87,87,87,87,87,87,87,87,87,87,87,87,87,87,87,87,87,87,87,87,87,87,87,87,87,87,87,87,87,87,87,87,87,87],"relics":["Black Blood","Strawberry","Regal Pillow","Bag of Preparation","Omamori","Magic Flower","Meat on the Bone","Orichalcum","Vajra","Sozu","Shuriken","Centennial Puzzle","Dead Branch"],"campfire_meditates":0,"card_choices":[{"not_picked":["Thunderclap","Infernal Blade"],"picked":"Headbutt"},{"not_picked":["Intimidate","Disarm"],"picked":"Perfected Strike"},{"not_picked":["Hemokinesis","Headbutt"],"picked":"Flex"},{"not_picked":["Iron Wave","Warcry"],"picked":"Limit Break"},{"not_picked":["Headbutt","Cleave"],"picked":"Perfected Strike"},{"not_picked":["Body Slam","Armaments"],"picked":"Shrug It Off"},{"not_picked":["Brutality","Immolate"],"picked":"Offering"},{"not_picked":["Havoc","Dual Wield"],"picked":"Sentinel"},{"not_picked":["Sword Boomerang","Thunderclap"],"picked":"Dropkick"},{"not_picked":["Sword Boomerang","Iron Wave"],"picked":"Havoc"},{"not_picked":["Wild Strike","Flex"],"picked":"Perfected Strike"},{"not_picked":["Intimidate","Sentinel"],"picked":"Flex"},{"not_picked":["Limit Break","Reaper"],"picked":"Double Tap"},{"not_picked":["Clash","Sentinel"],"picked":"Hemokinesis"},{"not_picked":["Body Slam","Burning Pact"],"picked":"Uppercut"},{"not_picked":["Clothesline","Clash"],"picked":"Blood for Blood"},{"not_picked":["Armaments","Headbutt"],"picked":"Warcry"},{"not_picked":["Clash","Hemokinesis"],"picked":"Heavy Blade"},{"not_picked":["Disarm","Dropkick"],"picked":"Burning Pact"}],"player_experience":491124,"potions_floor_usage":[29,31,33],"damage_taken":[{"damage":10.0,"enemies":"Blue Slaver","floor":1.0,"turns":6.0},{"damage":1.0,"enemies":"Cultist","floor":2.0,"turns":3.0},{"damage":6.0,"enemies":"2 Louse","floor":3.0,"turns":3.0},{"damage":31.0,"enemies":"Lagavulin","floor":7.0,"turns":5.0},{"damage":25.0,"enemies":"Exordium Wildlife","floor":12.0,"turns":4.0},{"damage":27.0,"enemies":"3 Sentries","floor":14.0,"turns":4.0},{"damage":62.0,"enemies":"The Guardian","floor":16.0,"turns":9.0},{"damage":11,"enemies":"2 Thieves","floor":18,"turns":3},{"damage":21,"enemies":"Shell Parasite","floor":22,"turns":4},{"damage":16,"enemies":"Snake Plant","floor":24,"turns":3},{"damage":6,"enemies":"Snecko","floor":28,"turns":3},{"damage":28,"enemies":"Gremlin Leader","floor":29,"turns":4},{"damage":17,"enemies":"Centurion and Healer","floor":31,"turns":4},{"damage":37,"enemies":"Collector","floor":33,"turns":3},{"damage":9,"enemies":"Orb Walker","floor":35,"turns":2},{"damage":3,"enemies":"Flame Bruiser 1 Orb","floor":37,"turns":2},{"damage":11,"enemies":"Sphere and 2 Shapes","floor":41,"turns":4},{"damage":14,"enemies":"Spire Growth","floor":44,"turns":2},{"damage":30,"enemies":"3 Darklings","floor":45,"turns":4},{"damage":25,"enemies":"4 Shapes","floor":46,"turns":5},{"damage":14,"enemies":"Flame Bruiser 2 Orb","floor":47,"turns":4},{"damage":15,"enemies":"Mysterious Sphere","floor":48,"turns":2},{"damage":79,"enemies":"Time Eater","floor":50,"turns":7}],"event_choices":[{"event_name":"Transmorgrifier","player_choice":"Transform","floor":4.0,"damage_taken":0.0},{"event_name":"Wheel of Change","player_choice":"Relic","floor":19,"damage_taken":0},{"event_name":"Beggar","player_choice":"Ignored","floor":20,"damage_taken":0},{"event_name":"Drug Dealer","player_choice":"Got JAXXED","floor":21,"damage_taken":0},{"event_name":"Tomb of Lord Red Mask","player_choice":"Ignored","floor":36,"damage_taken":0},{"event_name":"Winding Halls","player_choice":"Embrace Madness","floor":39,"damage_taken":0},{"event_name":"Mysterious Sphere","player_choice":"Fight","floor":48,"damage_taken":0}],"boss_relics":[{"not_picked":["Orrery","Calling Bell"],"picked":"Black Blood"},{"not_picked":["White Beast Statue","Tiny House"],"picked":"Sozu"}],"potions_floor_spawned":[2,3,7,14,16,22,28,33,35,37,48],"seed_played":"2786832481546797125","killed_by":"Time Eater","is_trial":false}