{"gold_per_floor":[114,129,129,129,144,174,189,204,229,229,259,259,274,274,274,374,374,389,26,41,56,71,71,86,101,101,116,131,131,131,146,146,246,246,261,276,49,79,79,79,109,124,124,124,139,154,184,214,214,214],"floor_reached":51,"playtime":7169,"items_purged":["Shame","Clumsy"],"score":810,"play_id":"84da33f1-18c5-43bf-b27a-3ea7e428f0e7","local_time":"20190929035852","daily_mods":["Cursed Run","ControlledChaos","DeadlyEvents"],"is_ascension_mode":false,"campfire_choices":[{"floor":10.0,"key":"REST"},{"floor":12.0,"key":"REST"},{"floor":15.0,"key":"REST"},{"floor":23.0,"key":"REST"},{"floor":30.0,"key":"REST"},{"floor":32.0,"key":"REST"},{"floor":40.0,"key":"REST"},{"floor":44.0,"key":"REST"},{"floor":49.0,"key":"REST"}],"neow_cost":"","seed_source_timestamp":0,"circlet_count":0,"master_deck":["Strike_B","Strike_B+1","Strike_B","Strike_B","Defend_B","Defend_B","Defend_B","Defend_B","Zap","Dualcast","Loop+1","Go for the Eyes","Barrage","Loop","Electrodynamics","Coolheaded","Force Field","Cold Snap","Gash+1","Parasite","Cold Snap","Go for the Eyes+1","Aggregate+1","Glacier","Chill","Gash+1","FTL","Storm+1","Coolheaded+1","Regret"],"special_seed":18167,"relics":["Cursed Key","Darkstone Periapt","Du-Vu Doll","Frozen Eye","Pocketwatch","PreservedInsect","DataDisk","Gremlin Horn","Emotion Chip","Inserter","Membership Card","Matryoshka","Vajra","The Courier","Empty Cage","Whetstone","Omamori","Kunai","Bag of Preparation","Meat on the Bone","Bottled Lightning","Shuriken","Letter Opener","Boot"],"potions_floor_usage":[50,50],"damage_taken":[{"damage":6.0,"enemies":"Jaw Worm","floor":1.0,"turns":3.0},{"damage":0.0,"enemies":"Small Slimes","floor":2.0,"turns":3.0},{"damage":2.0,"enemies":"2 Louse","floor":5.0,"turns":5.0},{"damage":14.0,"enemies":"Lagavulin","floor":6.0,"turns":10.0},{"damage":16.0,"enemies":"2 Fungi Beasts","floor":7.0,"turns":4.0},{"damage":8.0,"enemies":"Red Slaver","floor":8.0,"turns":4.0},{"damage":20.0,"enemies":"Gremlin Nob","floor":11.0,"turns":4.0},{"damage":1.0,"enemies":"Exordium Wildlife","floor":13.0,"turns":3.0},{"damage":2.0,"enemies":"The Guardian","floor":16.0,"turns":9.0},{"damage":0.0,"enemies":"Chosen","floor":18.0,"turns":4.0},{"damage":27.0,"enemies":"3 Byrds","floor":20.0,"turns":4.0},{"damage":16.0,"enemies":"Centurion and Healer","floor":21.0,"turns":4.0},{"damage":11.0,"enemies":"Snecko","floor":22.0,"turns":4.0},{"damage":13.0,"enemies":"Snake Plant","floor":24.0,"turns":5.0},{"damage":15.0,"enemies":"Shelled Parasite and Fungi","floor":25.0,"turns":7.0},{"damage":12.0,"enemies":"Snecko","floor":27.0,"turns":5.0},{"damage":16.0,"enemies":"Sentry and Sphere","floor":28.0,"turns":5.0},{"damage":0.0,"enemies":"3 Cultists","floor":31.0,"turns":4.0},{"damage":19.0,"enemies":"Collector","floor":33.0,"turns":8.0},{"damage":15.0,"enemies":"3 Shapes","floor":35.0,"turns":4.0},{"damage":19.0,"enemies":"3 Darklings","floor":36.0,"turns":5.0},{"damage":29.0,"enemies":"Reptomancer","floor":38.0,"turns":8.0},{"damage":21.0,"enemies":"Nemesis","floor":41.0,"turns":7.0},{"damage":3.0,"enemies":"Jaw Worm Horde","floor":42.0,"turns":5.0},{"damage":19.0,"enemies":"Transient","floor":45.0,"turns":5.0},{"damage":2.0,"enemies":"3 Darklings","floor":46.0,"turns":3.0},{"damage":23.0,"enemies":"Reptomancer","floor":47.0,"turns":5.0},{"damage":43.0,"enemies":"Nemesis","floor":48.0,"turns":5.0},{"damage":51,"enemies":"Donu and Deca","floor":50,"turns":8}],"seed_played":"-2207654762543654753","potions_obtained":[{"floor":1.0,"key":"Strength Potion"},{"floor":7.0,"key":"EssenceOfSteel"},{"floor":11.0,"key":"Block Potion"},{"floor":16.0,"key":"Weak Potion"},{"floor":18.0,"key":"Weak Potion"},{"floor":24.0,"key":"Block Potion"},{"floor":31.0,"key":"Poison Potion"},{"floor":33.0,"key":"Block Potion"},{"floor":36.0,"key":"Dexterity Potion"},{"floor":41.0,"key":"PowerPotion"},{"floor":42.0,"key":"Explosive Potion"},{"floor":48.0,"key":"LiquidBronze"}],"is_trial":false,"path_per_floor":["M","M","?","?","M","E","M","M","T","R","E","R","M","T","R","B",null,"M","$","M","M","M","R","M","M","T","M","M","?","R","M","R","B",null,"M","M","$","E","T","R","E","M","T","R","M","M","E","E","R","B",null],"character_chosen":"DEFECT","items_purchased":["Membership Card","Matryoshka","Whetstone","Glacier","Chill","Omamori"],"campfire_rested":9,"item_purchase_floors":[19,19,37,37,37,37],"current_hp_per_floor":[69,69,62,62,60,46,30,22,28,52,32,56,55,61,87,91,93,93,93,66,50,39,66,53,38,44,32,16,16,45,45,74,61,105,90,71,71,42,42,73,64,61,61,92,73,71,60,29,60,27],"gold":214,"neow_bonus":"","is_prod":false,"is_daily":true,"chose_seed":false,"campfire_upgraded":0,"win_rate":0.0,"timestamp":1569722332,"path_taken":["M","M","?","?","M","E","M","?","T","R","E","R","M","?","R","BOSS","M","?","?","M","M","R","M","M","T","M","M","?","R","?","R","BOSS","M","?","?","?","?","R","E","M","T","R","?","M","?","?","R","BOSS"],"build_version":"2019-07-05","purchased_purges":2,"victory":true,"max_hp_per_floor":[75,75,75,75,75,75,75,75,81,81,81,81,81,87,87,93,93,93,93,93,93,93,93,93,93,99,99,99,99,99,99,99,105,105,105,105,105,105,105,105,105,105,105,105,105,105,105,105,105,111],"card_choices":[{"not_picked":["Gash","Conserve Battery"],"picked":"Loop","floor":1.0},{"not_picked":["Ball Lightning","Darkness"],"picked":"Go for the Eyes","floor":2.0},{"not_picked":["Fusion","Stack","Turbo"],"picked":"SKIP","floor":5.0},{"not_picked":["Static Discharge","Compile Driver","Ball Lightning"],"picked":"SKIP","floor":6.0},{"not_picked":["BootSequence","Consume"],"picked":"Barrage","floor":7.0},{"not_picked":["Genetic Algorithm","Reboot"],"picked":"Loop","floor":8.0},{"not_picked":["FTL","Rip and Tear","Blizzard"],"picked":"SKIP","floor":11.0},{"not_picked":["Chaos","Auto Shields","Sweeping Beam"],"picked":"SKIP","floor":13.0},{"not_picked":["Seek","Rainbow"],"picked":"Electrodynamics","floor":16.0},{"not_picked":["Barrage","Lockon","Ball Lightning"],"picked":"SKIP","floor":18.0},{"not_picked":["Steam","Ball Lightning"],"picked":"Coolheaded","floor":20.0},{"not_picked":["Turbo","Genetic Algorithm"],"picked":"Force Field","floor":21.0},{"not_picked":["Leap","Conserve Battery","Steam+1"],"picked":"SKIP","floor":22.0},{"not_picked":["Barrage","Redo"],"picked":"Cold Snap","floor":24.0},{"not_picked":["Scrape","Amplify"],"picked":"Gash+1","floor":25.0},{"not_picked":["Beam Cell","Streamline","Fusion"],"picked":"SKIP","floor":27.0},{"not_picked":["Beam Cell","Rebound"],"picked":"Cold Snap","floor":28.0},{"not_picked":["Conserve Battery","Ball Lightning+1"],"picked":"Go for the Eyes","floor":31.0},{"not_picked":["Consume","Compile Driver","Steam"],"picked":"SKIP","floor":35.0},{"not_picked":["FTL+1","Stack+1"],"picked":"Aggregate+1","floor":36.0},{"not_picked":["Coolheaded","Steam Power+1"],"picked":"Gash+1","floor":38.0},{"not_picked":["Beam Cell+1","Streamline+1","Melter+1"],"picked":"SKIP","floor":41.0},{"not_picked":["Compile Driver","Hello World+1"],"picked":"FTL","floor":42.0},{"not_picked":["Redo+1","Beam Cell+1","Leap+1"],"picked":"SKIP","floor":45.0},{"not_picked":["Compile Driver","Reboot"],"picked":"Storm+1","floor":46.0},{"not_picked":["Static Discharge+1","Tempest","Hello World+1"],"picked":"SKIP","floor":47.0},{"not_picked":["Ball Lightning+1","Double Energy"],"picked":"Coolheaded+1","floor":48.0}],"player_experience":26551,"relics_obtained":[{"floor":6.0,"key":"PreservedInsect"},{"floor":9.0,"key":"DataDisk"},{"floor":11.0,"key":"Gremlin Horn"},{"floor":14.0,"key":"Emotion Chip"},{"floor":26.0,"key":"Vajra"},{"floor":26.0,"key":"The Courier"},{"floor":38.0,"key":"Kunai"},{"floor":39.0,"key":"Bag of Preparation"},{"floor":39.0,"key":"Meat on the Bone"},{"floor":41.0,"key":"Bottled Lightning"},{"floor":43.0,"key":"Shuriken"},{"floor":47.0,"key":"Letter Opener"},{"floor":48.0,"key":"Boot"}],"event_choices":[{"damage_healed":0.0,"max_hp_gain":0.0,"max_hp_loss":0.0,"gold_gain":0.0,"event_name":"Scrap Ooze","player_choice":"Success","floor":3.0,"gold_loss":0.0,"damage_taken":7.0,"relics_obtained":["Pocketwatch"]},{"damage_healed":0.0,"max_hp_gain":0.0,"max_hp_loss":0.0,"gold_gain":0.0,"event_name":"Living Wall","player_choice":"Grow","floor":4.0,"gold_loss":0.0,"damage_taken":0.0,"cards_upgraded":["Loop"]},{"damage_healed":0.0,"max_hp_gain":0.0,"max_hp_loss":0.0,"gold_gain":0.0,"event_name":"Vampires","player_choice":"Ignored","floor":29.0,"gold_loss":0.0,"damage_taken":0.0}],"is_beta":false,"boss_relics":[{"not_picked":["Fusion Hammer","Velvet Choker"],"picked":"Inserter"},{"not_picked":["Eternal Feather","Calling Bell"],"picked":"Empty Cage"}],"items_purged_floors":[19,37],"is_endless":false,"potions_floor_spawned":[1,7,11,16,18,24,31,33,36,41,42,48],"ascension_level":0}