{"gold_per_floor":[112,125,125,143,153,153,186,186,210,244,244,269,286,236,236,338,338,349,374,409,424,436,436,455,455,480,480,513,84,84,96,96,207,207,219,189,208,88,106,106,138,138,138,157,2,0,12,25,25,25],"floor_reached":51,"playtime":1648,"items_purged":["Strike_P","Strike_P"],"score":1306,"play_id":"2ce4f498-3878-4974-a8be-bb2bb7f39e3d","local_time":"20190917054857","is_ascension_mode":true,"campfire_choices":[{"data":"Conclude","floor":6.0,"key":"SMITH"},{"floor":8.0,"key":"REST"},{"floor":11.0,"key":"REST"},{"floor":15.0,"key":"REST"},{"data":"MasterReality","floor":23,"key":"SMITH"},{"data":"Eruption","floor":25,"key":"SMITH"},{"data":"FollowUp","floor":27,"key":"SMITH"},{"data":"Vengeance","floor":32,"key":"SMITH"},{"data":"Sanctity","floor":40,"key":"SMITH"},{"data":"Sanctity","floor":42,"key":"SMITH"},{"data":"MasterReality","floor":49,"key":"SMITH"}],"neow_cost":"NONE","seed_source_timestamp":0,"circlet_count":0,"master_deck":["AscendersBane","Strike_P+1","Defend_P","Defend_P","Eruption+1","Vigilance","SandsOfTime+1","Sanctity+1","Conclude+1","FollowUp+1","Vengeance+1","EmptyBody","MasterReality+1","BowlingBash+1","Ghostly","Ghostly","Ghostly","Ghostly","Ghostly","Sanctity+1","Blasphemy","CleanseEvil+1","MasterReality+1","SashWhip+1","MasterReality+1","BowlingBash"],"special_seed":0,"relics":["PureWater","Anchor","Whetstone","CeramicFish","Omamori","CaptainsWheel","Busted Crown","Melange","Nunchaku","Membership Card","CloakClasp","Akabeko","Empty Cage","DollysMirror","Pen Nib","Prayer Wheel","Incense Burner","Red Mask"],"potions_floor_usage":[22,24,50,50],"damage_taken":[{"damage":0.0,"enemies":"Small Slimes","floor":1.0,"turns":2.0},{"damage":0.0,"enemies":"Jaw Worm","floor":2.0,"turns":3.0},{"damage":5.0,"enemies":"Cultist","floor":4.0,"turns":4.0},{"damage":2.0,"enemies":"Exordium Thugs","floor":5.0,"turns":5.0},{"damage":40.0,"enemies":"3 Sentries","floor":7.0,"turns":4.0},{"damage":24.0,"enemies":"Gremlin Nob","floor":10.0,"turns":4.0},{"damage":15.0,"enemies":"3 Sentries","floor":12.0,"turns":4.0},{"damage":0.0,"enemies":"3 Louse","floor":13.0,"turns":3.0},{"damage":11.0,"enemies":"Hexaghost","floor":16.0,"turns":8.0},{"damage":0,"enemies":"Chosen","floor":18,"turns":3},{"damage":12,"enemies":"Spheric Guardian","floor":19,"turns":3},{"damage":2,"enemies":"Snecko","floor":21,"turns":5},{"damage":3,"enemies":"Snake Plant","floor":22,"turns":3},{"damage":0,"enemies":"3 Cultists","floor":24,"turns":3},{"damage":0,"enemies":"Book of Stabbing","floor":28,"turns":4},{"damage":0,"enemies":"Centurion and Healer","floor":31,"turns":4},{"damage":1,"enemies":"Collector","floor":33,"turns":6},{"damage":0,"enemies":"Orb Walker","floor":35,"turns":3},{"damage":0,"enemies":"3 Darklings","floor":37,"turns":3},{"damage":0,"enemies":"Transient","floor":39,"turns":5},{"damage":0,"enemies":"Giant Head","floor":41,"turns":6},{"damage":0,"enemies":"Jaw Worm Horde","floor":44,"turns":3},{"damage":0,"enemies":"Writhing Mass","floor":47,"turns":5},{"damage":0,"enemies":"3 Darklings","floor":48,"turns":4},{"damage":0,"enemies":"Awakened One","floor":50,"turns":7}],"seed_played":"-4079392264832631710","potions_obtained":[{"floor":1.0,"key":"EssenceOfSteel"},{"floor":5.0,"key":"Poison Potion"},{"floor":12.0,"key":"PowerPotion"},{"floor":16.0,"key":"LiquidBronze"},{"floor":22,"key":"AttackPotion"},{"floor":24,"key":"Energy Potion"},{"floor":36,"key":"DuplicationPotion"},{"floor":39,"key":"DuplicationPotion"}],"is_trial":false,"path_per_floor":["M","M","?","M","M","R","E","R","T","E","R","E","M","?","R","B",null,"M","M","?","M","M","R","M","R","T","R","E","$","?","M","R","B",null,"M","?","M","$","M","R","E","R","T","M","$","?","M","M","R","B",null],"character_chosen":"WATCHER","items_purchased":["Membership Card","CloakClasp","Sanctity","Akabeko","DollysMirror","Incense Burner"],"campfire_rested":3,"item_purchase_floors":[29,29,29,29,38,45],"current_hp_per_floor":[59,59,59,54,52,52,12,31,31,7,26,11,11,11,30,19,54,54,42,32,30,27,27,27,27,27,27,27,27,27,27,27,26,31,31,31,31,31,31,31,31,31,31,31,31,31,31,31,31,31],"gold":25,"neow_bonus":"RANDOM_COMMON_RELIC","is_prod":false,"is_daily":false,"chose_seed":false,"campfire_upgraded":8,"win_rate":0,"timestamp":1568724537,"path_taken":["M","M","?","M","M","R","E","R","T","E","R","E","M","?","R","BOSS","M","M","?","M","M","R","M","R","T","R","E","$","?","M","R","BOSS","M","?","M","$","M","R","E","R","T","M","?","?","?","M","R","BOSS"],"build_version":"2019-09-16v2","purchased_purges":2,"victory":true,"max_hp_per_floor":[65,65,65,65,65,65,65,65,65,65,65,65,65,65,65,65,65,65,65,32,32,32,32,32,32,32,32,32,32,32,32,32,32,32,32,32,32,32,32,32,32,32,32,32,32,32,32,32,32,32],"card_choices":[{"not_picked":["CleanseEvil","Wireheading"],"picked":"SandsOfTime","floor":1.0},{"not_picked":["EmptyBody","EmptyFist"],"picked":"Perseverance","floor":2.0},{"not_picked":["EmptyMind","Halt"],"picked":"Sanctity","floor":4.0},{"not_picked":["Scrawl","Collect"],"picked":"Conclude","floor":5.0},{"not_picked":["Adaptation","CrushJoints"],"picked":"FollowUp","floor":7.0},{"not_picked":["SignatureMove","CleanseEvil"],"picked":"Vengeance","floor":10.0},{"not_picked":["Prostrate","PathToVictory","StepAndStrike"],"picked":"SKIP","floor":12.0},{"not_picked":["TalkToTheHand","FlyingSleeves"],"picked":"EmptyBody","floor":13.0},{"not_picked":["Omniscience","Unraveling"],"picked":"MasterReality","floor":16.0},{"not_picked":["ForeignInfluence"],"picked":"SKIP","floor":18},{"not_picked":[],"picked":"BowlingBash+1","floor":19},{"not_picked":["Weave"],"picked":"SKIP","floor":21},{"not_picked":["WreathOfFlame"],"picked":"SKIP","floor":22},{"not_picked":["EmptyFist"],"picked":"SKIP","floor":24},{"not_picked":["Consecrate"],"picked":"SKIP","floor":28},{"not_picked":["Fasting"],"picked":"SKIP","floor":31},{"not_picked":[],"picked":"Blasphemy","floor":33},{"not_picked":["Weave"],"picked":"SKIP","floor":35},{"not_picked":[],"picked":"CleanseEvil+1","floor":37},{"not_picked":[],"picked":"SashWhip+1","floor":39},{"not_picked":[],"picked":"MasterReality","floor":41},{"not_picked":[],"picked":"BowlingBash","floor":44},{"not_picked":["EmptyMind+1"],"picked":"SKIP","floor":44},{"not_picked":["Protect"],"picked":"SKIP","floor":47},{"not_picked":["Consecrate"],"picked":"SKIP","floor":47},{"not_picked":["SpiritShield"],"picked":"SKIP","floor":48},{"not_picked":["Ragnarok"],"picked":"SKIP","floor":48}],"player_experience":646863,"relics_obtained":[{"floor":7.0,"key":"Whetstone"},{"floor":9.0,"key":"CeramicFish"},{"floor":10.0,"key":"Omamori"},{"floor":12.0,"key":"CaptainsWheel"},{"floor":26,"key":"Melange"},{"floor":28,"key":"Nunchaku"},{"floor":41,"key":"Pen Nib"},{"floor":43,"key":"Prayer Wheel"}],"event_choices":[{"damage_healed":0.0,"max_hp_gain":0.0,"max_hp_loss":0.0,"gold_gain":0.0,"event_name":"Liars Game","player_choice":"Ignored","floor":3.0,"gold_loss":0.0,"damage_taken":0.0},{"cards_removed":["Perseverance"],"damage_healed":0.0,"max_hp_gain":0.0,"max_hp_loss":0.0,"gold_gain":0.0,"event_name":"The Cleric","player_choice":"Card Removal","floor":14.0,"gold_loss":50.0,"damage_taken":0.0},{"damage_healed":0,"gold_gain":0,"player_choice":"Became a Ghost","damage_taken":0,"max_hp_gain":0,"max_hp_loss":33,"event_name":"Ghosts","floor":20,"gold_loss":0,"cards_obtained":["Ghostly","Ghostly","Ghostly","Ghostly","Ghostly"]},{"cards_removed":["Strike_P"],"damage_healed":0,"gold_gain":0,"player_choice":"Offered Basic","damage_taken":0,"max_hp_gain":0,"max_hp_loss":0,"event_name":"Bonfire Elementals","floor":30,"gold_loss":0},{"damage_healed":0,"gold_gain":0,"player_choice":"Bought 2 Potions","damage_taken":0,"max_hp_gain":0,"max_hp_loss":0,"event_name":"The Woman in Blue","floor":36,"gold_loss":0},{"damage_healed":0,"gold_gain":0,"player_choice":"Paid","damage_taken":0,"relics_obtained":["Red Mask"],"max_hp_gain":0,"max_hp_loss":0,"event_name":"Tomb of Lord Red Mask","floor":46,"gold_loss":2}],"is_beta":true,"boss_relics":[{"not_picked":["Sozu","Pandora\u0027s Box"],"picked":"Busted Crown"},{"not_picked":["Fusion Hammer","Black Star"],"picked":"Empty Cage"}],"items_purged_floors":[29,38],"is_endless":false,"potions_floor_spawned":[1,5,12,16,22,24,31,33,35,39,47],"ascension_level":11}