{"gold_per_floor":[113,113,130,130,149,214,214,245,245,245,245,245,245,262,262,360,410,430,430,430,440,460,460,477,2,2,2,2,2,2,2,2,2],"floor_reached":33,"playtime":1202,"items_purged":["Strike_B"],"score":376,"play_id":"376d4261-91bb-4310-b226-50ff4390d3ad","local_time":"20180824174126","is_ascension_mode":true,"campfire_choices":[{"floor":7,"key":"REST"},{"floor":11,"key":"REST"},{"floor":13,"key":"REST"},{"data":"Beam Cell","floor":15,"key":"SMITH"},{"floor":23,"key":"REST"},{"floor":27,"key":"REST"},{"floor":29,"key":"REST"},{"floor":32,"key":"REST"}],"neow_cost":"","seed_source_timestamp":93870026467749,"circlet_count":0,"master_deck":["Strike_B","Strike_B+1","Defend_B","Defend_B","Defend_B+1","Defend_B","Zap+1","Dualcast","Beam Cell+1","Gash","Go for the Eyes","Scrape+1","Gash","Rebound","Multi-Cast","Sunder+1","Leap","Gash","Steam","All For One","Metamorphosis","Steam","Dark Shackles","Shame"],"relics":["Cracked Core","Tiny Chest","Pear","Bottled Lightning","Tiny House","Symbiotic Virus","Boot"],"potions_floor_usage":[22,24,33],"damage_taken":[{"damage":2,"enemies":"Jaw Worm","floor":1,"turns":3},{"damage":4,"enemies":"Small Slimes","floor":3,"turns":3},{"damage":1,"enemies":"Cultist","floor":5,"turns":4},{"damage":42,"enemies":"3 Sentries","floor":6,"turns":10},{"damage":15,"enemies":"Gremlin Nob","floor":8,"turns":4},{"damage":7,"enemies":"3 Louse","floor":14,"turns":2},{"damage":43,"enemies":"Slime Boss","floor":16,"turns":9},{"damage":6,"enemies":"Chosen","floor":18,"turns":4},{"damage":13,"enemies":"3 Byrds","floor":21,"turns":4},{"damage":29,"enemies":"3 Cultists","floor":22,"turns":6},{"damage":30,"enemies":"Shelled Parasite and Fungi","floor":24,"turns":3},{"damage":95,"enemies":"Automaton","floor":33,"turns":8}],"seed_played":"-3890421074277824122","potions_obtained":[{"floor":3,"key":"Strength Potion"},{"floor":6,"key":"Ancient Potion"},{"floor":14,"key":"Swift Potion"},{"floor":16,"key":"Energy Potion"}],"is_trial":false,"path_per_floor":["M","?","M","?","M","E","R","E","T","?","R","?","R","M","R","B",null,"M","?","?","M","M","R","M","$","T","R","?","R","?","?","R"],"character_chosen":"DEFECT","items_purchased":["All For One","Metamorphosis","Steam","Dark Shackles"],"campfire_rested":7,"item_purchase_floors":[25,25,25,25],"current_hp_per_floor":[66,66,62,67,66,24,48,43,43,25,52,45,72,65,65,22,78,72,72,63,50,21,49,19,19,19,47,28,58,58,58,88,0],"gold":2,"neow_bonus":"","is_prod":false,"is_daily":false,"chose_seed":false,"campfire_upgraded":1,"win_rate":0,"timestamp":1535146886,"path_taken":["M","?","M","?","?","E","R","E","T","?","R","?","R","M","R","BOSS","M","?","?","M","?","R","M","$","T","R","?","R","?","?","R","BOSS"],"build_version":"2018-08-23v2","purchased_purges":1,"victory":false,"max_hp_per_floor":[75,75,75,80,80,80,80,90,90,90,90,90,90,90,90,90,95,95,95,95,95,95,95,95,95,95,95,100,100,100,100,100,100],"card_choices":[{"not_picked":["Sweeping Beam","Chaos"],"picked":"Beam Cell","floor":1},{"not_picked":["Leap","Barrage"],"picked":"Gash","floor":3},{"not_picked":["Rebound","Tempest"],"picked":"Go for the Eyes","floor":5},{"not_picked":["Genetic Algorithm","Rebound"],"picked":"Scrape","floor":6},{"not_picked":["Sunder","Conserve Battery"],"picked":"Gash","floor":8},{"not_picked":["Coolheaded","Cold Snap"],"picked":"Rebound","floor":14},{"not_picked":["Creative AI","Rainbow"],"picked":"Multi-Cast","floor":16},{"not_picked":["Redo","Streamline+1"],"picked":"Sunder+1","floor":18},{"not_picked":["Chaos+1","Creative AI"],"picked":"Leap","floor":21},{"not_picked":["Go for the Eyes","Force Field"],"picked":"Gash","floor":22},{"not_picked":["Reinforced Body+1","Sweeping Beam"],"picked":"Steam","floor":24}],"player_experience":823492,"relics_obtained":[{"floor":6,"key":"Tiny Chest"},{"floor":8,"key":"Pear"},{"floor":9,"key":"Bottled Lightning"},{"floor":26,"key":"Symbiotic Virus"}],"event_choices":[{"event_name":"Living Wall","player_choice":"Grow","floor":2,"damage_taken":0},{"event_name":"Big Fish","player_choice":"Donut","floor":4,"damage_taken":0},{"event_name":"Shining Light","player_choice":"Entered Light","floor":10,"damage_taken":0},{"event_name":"Golden Wing","player_choice":"Card Removal","floor":12,"damage_taken":0},{"event_name":"Ghosts","player_choice":"Ignored","floor":19,"damage_taken":0},{"event_name":"Wheel of Change","player_choice":"Damage","floor":20,"damage_taken":0},{"event_name":"Forgotten Altar","player_choice":"Shed Blood","floor":28,"damage_taken":0},{"event_name":"Beggar","player_choice":"Ignored","floor":30,"damage_taken":0},{"event_name":"Addict","player_choice":"Stole Relic","floor":31,"damage_taken":0}],"is_beta":true,"boss_relics":[{"not_picked":["Fusion Hammer","Lizard Tail"],"picked":"Tiny House"}],"items_purged_floors":[25],"is_endless":false,"potions_floor_spawned":[3,6,14,16,18],"killed_by":"Automaton","ascension_level":8}