{"path_per_floor":["M","?","M","$","?","R","E","M","T","?","E","$","R","E","R","B",null,"M","M","M","?","M","R","E","M","T","M","?","?","R","$","R","B",null,"M","?","$","M","M","R","M","R","T","R","M","M","M","$","R","B"],"character_chosen":"IRONCLAD","items_purchased":["Inflame","Pummel","Thread and Needle","Dark Shackles","Toolbox"],"gold_per_floor":[115,115,132,132,207,207,235,252,252,217,245,206,206,236,236,341,341,353,369,388,388,406,406,434,451,474,486,513,438,438,357,357,457,457,471,471,85,104,118,118,137,137,208,208,220,240,251,0,0,0],"floor_reached":51,"campfire_rested":5,"playtime":5613,"current_hp_per_floor":[67,60,66,66,55,55,45,51,51,71,53,53,53,41,65,71,78,67,48,30,30,27,51,34,16,16,20,26,26,65,65,65,68,77,76,66,66,75,58,58,19,58,58,58,64,51,30,30,69,14],"items_purged":[],"gold":0,"score":893,"play_id":"a5b5b657-eec2-4235-9906-b893c22e46d9","local_time":"20180513191838","is_prod":false,"is_daily":false,"chose_seed":false,"is_ascension_mode":true,"campfire_upgraded":5,"timestamp":1526253518,"path_taken":["M","?","?","$","?","R","E","M","T","?","E","?","R","E","R","BOSS","M","M","M","?","M","R","E","M","T","M","?","?","R","$","R","BOSS","M","?","?","M","M","R","M","R","T","R","M","M","M","$","R","BOSS"],"build_version":"2018-05-12v2","seed_source_timestamp":353830973561777,"purchased_purges":0,"victory":true,"master_deck":["Strike_R","Strike_R","Strike_R","Strike_R","Defend_R","Defend_R","Defend_R+1","Defend_R+1","Bash+1","Wild Strike","Twin Strike","Spot Weakness","Sword Boomerang","Shrug It Off","Inflame+1","Demon Form+1","Fire Breathing+1","Metallicize+1","Uppercut+1","Reaper","Sentinel+1","Pummel+1","Pummel+1","Offering","Dropkick+1","Madness","Madness","Dark Shackles","Wild Strike+1","Whirlwind","Twin Strike+1","Fiend Fire"],"max_hp_per_floor":[80,80,80,80,80,80,80,80,80,80,80,80,80,80,80,80,80,80,80,80,80,80,80,80,80,80,80,80,80,80,80,80,80,80,80,80,80,80,80,80,80,80,80,80,80,80,80,80,80,80],"relics":["Burning Blood","Pen Nib","Centennial Puzzle","War Paint","Matryoshka","Bottled Flame","Bag of Preparation","Runic Dome","Frozen Egg 2","Juzu Bracelet","Regal Pillow","Red Mask","Sozu","Thread and Needle","Omamori","Blue Candle","Toolbox"],"card_choices":[{"not_picked":["True Grit","Intimidate"],"picked":"Wild Strike","floor":1},{"not_picked":["Flex","Warcry"],"picked":"Twin Strike","floor":3},{"not_picked":["Cleave","Dropkick"],"picked":"Spot Weakness","floor":7},{"not_picked":["Berserk","Twin Strike"],"picked":"Sword Boomerang","floor":8},{"not_picked":["Seeing Red","Searing Blow"],"picked":"Shrug It Off","floor":11},{"not_picked":["Intimidate","Spot Weakness","Second Wind"],"picked":"SKIP","floor":14},{"not_picked":["Berserk","Fiend Fire"],"picked":"Demon Form","floor":16},{"not_picked":["Clash","Intimidate"],"picked":"Fire Breathing+1","floor":18},{"not_picked":["Cleave","Armaments","Anger"],"picked":"SKIP","floor":19},{"not_picked":["Pommel Strike","Sever Soul"],"picked":"Metallicize+1","floor":20},{"not_picked":["True Grit","Perfected Strike"],"picked":"Uppercut","floor":22},{"not_picked":["Blood for Blood","Clash"],"picked":"Reaper","floor":24},{"not_picked":["Spot Weakness+1","Inflame+1"],"picked":"Sentinel+1","floor":25},{"not_picked":["Havoc+1","Flex"],"picked":"Pummel+1","floor":27},{"not_picked":["Immolate","Dark Embrace+1"],"picked":"Offering","floor":33},{"not_picked":["Iron Wave","Havoc"],"picked":"Dropkick+1","floor":35},{"not_picked":["Sword Boomerang+1","Iron Wave"],"picked":"Wild Strike+1","floor":38},{"not_picked":["Wild Strike","Dropkick","True Grit+1"],"picked":"SKIP","floor":39},{"not_picked":["Sword Boomerang","Carnage+1","Spot Weakness"],"picked":"SKIP","floor":41},{"not_picked":["Iron Wave","Shrug It Off+1"],"picked":"Whirlwind","floor":45},{"not_picked":["Feel No Pain+1","Perfected Strike+1"],"picked":"Twin Strike+1","floor":46},{"not_picked":["Cleave+1","Feel No Pain+1"],"picked":"Fiend Fire","floor":47}],"player_experience":744916,"potions_floor_usage":[22,22,22,24,27,27,28,28,28,28,33,50,50],"damage_taken":[{"damage":11,"enemies":"Jaw Worm","floor":1,"turns":5},{"damage":0,"enemies":"Cultist","floor":3,"turns":2},{"damage":16,"enemies":"Gremlin Nob","floor":7,"turns":3},{"damage":0,"enemies":"Small Slimes","floor":8,"turns":1},{"damage":24,"enemies":"3 Sentries","floor":11,"turns":6},{"damage":18,"enemies":"Gremlin Nob","floor":14,"turns":3},{"damage":0,"enemies":"Slime Boss","floor":16,"turns":5},{"damage":17,"enemies":"Chosen","floor":18,"turns":5},{"damage":25,"enemies":"2 Thieves","floor":19,"turns":3},{"damage":24,"enemies":"Centurion and Healer","floor":20,"turns":5},{"damage":21,"enemies":"Cultist and Chosen","floor":22,"turns":6},{"damage":23,"enemies":"Book of Stabbing","floor":24,"turns":4},{"damage":24,"enemies":"Snake Plant","floor":25,"turns":2},{"damage":16,"enemies":"3 Cultists","floor":27,"turns":5},{"damage":27,"enemies":"Masked Bandits","floor":28,"turns":3},{"damage":27,"enemies":"Champ","floor":33,"turns":6},{"damage":14,"enemies":"3 Shapes","floor":35,"turns":3},{"damage":7,"enemies":"Orb Walker","floor":38,"turns":2},{"damage":23,"enemies":"Sphere and 2 Shapes","floor":39,"turns":3},{"damage":61,"enemies":"4 Shapes","floor":41,"turns":5},{"damage":0,"enemies":"Maw","floor":45,"turns":4},{"damage":19,"enemies":"Sphere and 2 Shapes","floor":46,"turns":3},{"damage":27,"enemies":"4 Shapes","floor":47,"turns":3},{"damage":86,"enemies":"Donu and Deca","floor":50,"turns":7}],"event_choices":[{"event_name":"Scrap Ooze","player_choice":"success","floor":2,"damage_taken":7},{"event_name":"World of Goop","player_choice":"Gather Gold","floor":5,"damage_taken":0},{"event_name":"The Cleric","player_choice":"Healed","floor":10,"damage_taken":0},{"event_name":"Ghosts","player_choice":"Ignored","floor":21,"damage_taken":0},{"event_name":"Masked Bandits","player_choice":"Fought over 486 gold","floor":28,"damage_taken":0},{"event_name":"Beggar","player_choice":"Gave Gold","floor":29,"damage_taken":0},{"event_name":"Winding Halls","player_choice":"Embrace Madness","floor":36,"damage_taken":0}],"boss_relics":[{"not_picked":["Runic Pyramid","Pandora\u0027s Box"],"picked":"Runic Dome"},{"not_picked":["Tiny House","Runic Cube"],"picked":"Sozu"}],"potions_floor_spawned":[3,7,8,16,20,22,27,33,38,41,46,47],"seed_played":"-4888868017775908129","ascension_level":6,"is_trial":false}