{"gold_per_floor":[111,129,144,144,159,184,184,203,203,229,229,245,258,272,272,272],"floor_reached":16,"playtime":1066,"items_purged":[],"score":232,"play_id":"9f57a923-350e-497b-92b0-fd400c1153b3","local_time":"20190225001151","is_ascension_mode":true,"campfire_choices":[{"floor":7,"key":"REST"},{"floor":11,"key":"REST"},{"floor":15,"key":"REST"}],"neow_cost":"NONE","seed_source_timestamp":1121423529346100,"circlet_count":0,"master_deck":["AscendersBane","Strike_B+1","Strike_B","Strike_B","Strike_B","Defend_B","Defend_B","Defend_B","Defend_B","Zap","Dualcast","White Noise","BootSequence+1","Defragment","Reinforced Body","Leap","Glacier","Conserve Battery","Go for the Eyes"],"special_seed":0,"relics":["Cracked Core","Bag of Marbles","Regal Pillow","Dream Catcher","Art of War"],"potions_floor_usage":[],"damage_taken":[{"damage":2.0,"enemies":"Jaw Worm","floor":1.0,"turns":3.0},{"damage":10.0,"enemies":"Small Slimes","floor":2.0,"turns":3.0},{"damage":0.0,"enemies":"2 Louse","floor":3.0,"turns":2.0},{"damage":8,"enemies":"Exordium Wildlife","floor":5,"turns":4},{"damage":10,"enemies":"Lagavulin","floor":6,"turns":7},{"damage":4,"enemies":"2 Fungi Beasts","floor":8,"turns":3},{"damage":26,"enemies":"3 Sentries","floor":10,"turns":16},{"damage":0,"enemies":"Large Slime","floor":12,"turns":7},{"damage":0,"enemies":"3 Louse","floor":13,"turns":4},{"damage":0,"enemies":"Red Slaver","floor":14,"turns":3},{"damage":72,"enemies":"Slime Boss","floor":16,"turns":23}],"seed_played":"-7101709669170608553","potions_obtained":[{"floor":1.0,"key":"SteroidPotion"},{"floor":3.0,"key":"Swift Potion"},{"floor":5,"key":"FocusPotion"},{"floor":12,"key":"Dexterity Potion"}],"is_trial":false,"path_per_floor":["M","M","M","?","M","E","R","M","T","E","R","M","M","M","R","B"],"character_chosen":"DEFECT","items_purchased":[],"campfire_rested":3,"item_purchase_floors":[],"current_hp_per_floor":[62,52,52,31,23,13,49,45,45,19,55,55,55,55,71,0],"gold":272,"neow_bonus":"RANDOM_COMMON_RELIC","is_prod":false,"is_daily":false,"chose_seed":false,"campfire_upgraded":0,"win_rate":0,"timestamp":1551082311,"path_taken":["M","M","M","?","M","E","R","M","T","E","R","M","M","M","R","BOSS"],"build_version":"2019-01-23","purchased_purges":0,"victory":false,"max_hp_per_floor":[71,71,71,71,71,71,71,71,71,71,71,71,71,71,71,71],"card_choices":[{"not_picked":["Turbo","Beam Cell"],"picked":"White Noise","floor":1.0},{"not_picked":["Stack","Cold Snap"],"picked":"BootSequence","floor":2.0},{"not_picked":["Turbo","Leap"],"picked":"Defragment","floor":3.0},{"not_picked":["Recycle","FTL"],"picked":"Reinforced Body","floor":5},{"not_picked":["Stack","Gash"],"picked":"Leap","floor":6},{"not_picked":["Barrage","Go for the Eyes"],"picked":"Glacier","floor":8},{"not_picked":["Steam","Double Energy","Rebound"],"picked":"SKIP","floor":10},{"not_picked":["Meteor Strike","Steam"],"picked":"Conserve Battery","floor":11},{"not_picked":["Conserve Battery","Rebound","Barrage"],"picked":"SKIP","floor":12},{"not_picked":["Chaos","Streamline"],"picked":"Go for the Eyes","floor":13},{"not_picked":["Barrage","Force Field","Blizzard"],"picked":"SKIP","floor":14}],"player_experience":1014941,"relics_obtained":[{"floor":6,"key":"Regal Pillow"},{"floor":9,"key":"Dream Catcher"},{"floor":10,"key":"Art of War"}],"event_choices":[{"damage_healed":0.0,"max_hp_gain":0.0,"max_hp_loss":0.0,"gold_gain":0.0,"event_name":"Shining Light","player_choice":"Entered Light","floor":4.0,"gold_loss":0.0,"damage_taken":21.0,"cards_upgraded":["BootSequence","Strike_B"]}],"is_beta":false,"boss_relics":[],"items_purged_floors":[],"is_endless":false,"potions_floor_spawned":[1,3,5,12,13,14],"killed_by":"Slime Boss","ascension_level":20}