{"gold_per_floor":[115,131,131,148,148,177,177,205,205,205,215,215,215,234,234,333,333,347,347,347,359,374,374,374],"floor_reached":24,"playtime":1187,"items_purged":[],"score":344,"play_id":"fe83a204-9699-45f0-a2b4-afb02f155164","local_time":"20181009012859","is_ascension_mode":true,"campfire_choices":[{"floor":7,"key":"REST"},{"floor":10,"key":"REST"},{"floor":13,"key":"REST"},{"data":"Go for the Eyes","floor":15,"key":"SMITH"},{"data":"Dualcast","floor":23,"key":"SMITH"}],"neow_cost":"NONE","seed_source_timestamp":1823726106717000,"circlet_count":0,"master_deck":["Defend_B+1","Defend_B","Defend_B","Defend_B","Zap+1","Dualcast+1","AscendersBane","Defragment","Sweeping Beam","Jack Of All Trades","Zap+1","Undo","Go for the Eyes+1","Ball Lightning","Cold Snap","Biased Cognition","Coolheaded","RitualDagger","Bite","Bite","Bite","Bite","Bite","Rip and Tear","Streamline+1"],"special_seed":0,"relics":["Cracked Core","Ancient Tea Set","Sundial","Juzu Bracelet","War Paint","Mummified Hand","Nuclear Battery"],"potions_floor_usage":[8,16,18,24],"damage_taken":[{"damage":5.0,"enemies":"Small Slimes","floor":1.0,"turns":4.0},{"damage":6.0,"enemies":"Cultist","floor":2.0,"turns":3.0},{"damage":2.0,"enemies":"2 Louse","floor":4.0,"turns":2.0},{"damage":30,"enemies":"Lagavulin","floor":6,"turns":6},{"damage":25,"enemies":"3 Sentries","floor":8,"turns":6},{"damage":9,"enemies":"Gremlin Gang","floor":11,"turns":3},{"damage":8,"enemies":"Lots of Slimes","floor":14,"turns":3},{"damage":18,"enemies":"Hexaghost","floor":16,"turns":8},{"damage":4,"enemies":"2 Thieves","floor":18,"turns":3},{"damage":13,"enemies":"Spheric Guardian","floor":21,"turns":4},{"damage":0,"enemies":"Snecko","floor":22,"turns":4},{"damage":76,"enemies":"Gremlin Leader","floor":24,"turns":9}],"seed_played":"-9112030078724247486","potions_obtained":[{"floor":2.0,"key":"AttackPotion"},{"floor":6,"key":"Explosive Potion"},{"floor":8,"key":"FocusPotion"},{"floor":16,"key":"Fire Potion"},{"floor":21,"key":"SkillPotion"}],"is_trial":false,"path_per_floor":["M","M","?","M","?","E","R","E","T","R","M","?","R","M","R","B",null,"M","?","?","M","M","R"],"character_chosen":"DEFECT","items_purchased":[],"campfire_rested":3,"item_purchase_floors":[],"current_hp_per_floor":[63,57,57,55,55,25,47,22,22,44,35,23,45,37,37,19,61,57,51,51,41,51,51,0],"gold":374,"neow_bonus":"UPGRADE_CARD","is_prod":false,"is_daily":false,"chose_seed":false,"campfire_upgraded":2,"win_rate":0,"timestamp":1539073739,"path_taken":["M","M","?","M","?","E","R","E","T","R","M","?","R","M","R","BOSS","M","?","?","M","M","R","E"],"build_version":"2018-10-04v2","purchased_purges":0,"victory":false,"max_hp_per_floor":[75,75,75,75,75,75,75,75,75,75,75,75,75,75,75,75,75,75,75,52,52,52,52,52],"card_choices":[{"not_picked":["Stack","Cold Snap"],"picked":"Defragment","floor":1.0},{"not_picked":["Consume","Rip and Tear"],"picked":"Sweeping Beam","floor":2.0},{"not_picked":["Blizzard","Skim","Recycle"],"picked":"SKIP","floor":4.0},{"not_picked":["All For One","Turbo"],"picked":"Undo","floor":6},{"not_picked":["Tempest","Reinforced Body"],"picked":"Go for the Eyes","floor":8},{"not_picked":["Compile Driver","Redo"],"picked":"Ball Lightning","floor":11},{"not_picked":["Steam Power","Glacier"],"picked":"Cold Snap","floor":14},{"not_picked":["Thunder Strike","Machine Learning"],"picked":"Biased Cognition","floor":16},{"not_picked":["Stack+1","Steam"],"picked":"Coolheaded","floor":18},{"not_picked":["Streamline+1","Turbo"],"picked":"Rip and Tear","floor":21},{"not_picked":["Blizzard","Steam"],"picked":"Streamline+1","floor":22}],"player_experience":514331,"relics_obtained":[{"floor":6,"key":"Sundial"},{"floor":8,"key":"Juzu Bracelet"},{"floor":9,"key":"War Paint"}],"event_choices":[{"event_name":"WeMeetAgain","player_choice":"Potion","floor":3.0,"damage_taken":0.0},{"event_name":"Match and Keep!","player_choice":"2 cards matched","floor":5,"damage_taken":0},{"event_name":"Scrap Ooze","player_choice":"success","floor":12,"damage_taken":12},{"event_name":"Nest","player_choice":"Joined the Cult","floor":19,"damage_taken":0},{"event_name":"Vampires","player_choice":"Became a vampire","floor":20,"damage_taken":0}],"is_beta":false,"boss_relics":[{"not_picked":["White Beast Statue","Cursed Key"],"picked":"Nuclear Battery"}],"items_purged_floors":[],"is_endless":false,"potions_floor_spawned":[2,6,8,16,21],"killed_by":"Gremlin Leader","ascension_level":11}