{"gold_per_floor":[117,0,10,24,24,50,70,101,101,21,21,47,47,57,57,156,156,168,90,106,122,122],"floor_reached":22,"playtime":680,"items_purged":[],"score":333,"play_id":"9f62eb28-a38f-46f8-905c-e508df58e413","local_time":"20190212140146","is_ascension_mode":true,"campfire_choices":[{"floor":11,"key":"REST"},{"floor":15,"key":"REST"}],"neow_cost":"NONE","seed_source_timestamp":765212465644029,"circlet_count":0,"master_deck":["Defend_G+1","Defend_G","Defend_G","Defend_G","Defend_G","Strike_G","Strike_G","Strike_G","Strike_G","Strike_G","Survivor","Neutralize+1","Deadly Poison","Cloak And Dagger","Noxious Fumes+1","Burst","Deadly Poison","Venomology","Caltrops","Blade Dance","Blur","Glass Knife","Leg Sweep","Infinite Blades","Dagger Spray","Cloak And Dagger"],"relics":["Ring of the Snake","NeowsBlessing","Paper Crane","Lantern","Bottled Lightning","Smiling Mask","Shuriken","Eternal Feather"],"potions_floor_usage":[8,14,16,16,18,20,21,22],"damage_taken":[{"damage":0,"enemies":"Jaw Worm","floor":1,"turns":1},{"damage":0,"enemies":"Cultist","floor":3,"turns":1},{"damage":0,"enemies":"2 Louse","floor":4,"turns":1},{"damage":10,"enemies":"3 Sentries","floor":6,"turns":9},{"damage":10,"enemies":"Exordium Wildlife","floor":7,"turns":4},{"damage":16,"enemies":"Gremlin Nob","floor":8,"turns":4},{"damage":32,"enemies":"3 Sentries","floor":12,"turns":8},{"damage":1,"enemies":"2 Fungi Beasts","floor":14,"turns":4},{"damage":0,"enemies":"Hexaghost","floor":16,"turns":8},{"damage":20,"enemies":"Chosen","floor":18,"turns":5},{"damage":0,"enemies":"3 Byrds","floor":20,"turns":2},{"damage":26,"enemies":"Centurion and Healer","floor":21,"turns":6},{"damage":12,"enemies":"Shelled Parasite and Fungi","floor":22,"turns":2}],"seed_played":"2204080997456522908","potions_obtained":[{"floor":3,"key":"Weak Potion"},{"floor":4,"key":"Poison Potion"},{"floor":14,"key":"Ancient Potion"},{"floor":20,"key":"AttackPotion"}],"is_trial":false,"path_per_floor":["M","?","M","M","?","E","M","E","T","$","R","E","?","M","R","B",null,"M","$","M","M","M"],"character_chosen":"THE_SILENT","items_purchased":["Caltrops","Infinite Blades"],"campfire_rested":2,"item_purchase_floors":[10,19],"current_hp_per_floor":[63,63,63,63,49,39,29,13,13,13,34,2,2,1,22,22,58,38,38,38,12,0],"gold":122,"neow_bonus":"THREE_ENEMY_KILL","is_prod":false,"is_daily":false,"chose_seed":false,"campfire_upgraded":0,"win_rate":0,"timestamp":1550005306,"path_taken":["M","?","?","M","?","E","M","E","T","?","R","E","?","?","R","BOSS","M","?","?","M","?"],"build_version":"2019-01-23","purchased_purges":0,"victory":false,"max_hp_per_floor":[70,70,70,70,70,70,70,70,70,70,70,70,70,70,70,70,70,70,70,70,70,70],"card_choices":[{"not_picked":["Dodge and Roll","Deflect"],"picked":"Deadly Poison","floor":1},{"not_picked":["Blade Dance","Deadly Poison"],"picked":"Cloak And Dagger","floor":3},{"not_picked":["Finisher","Deadly Poison"],"picked":"Noxious Fumes","floor":4},{"not_picked":["Die Die Die","Corpse Explosion"],"picked":"Burst","floor":6},{"not_picked":["Predator","Bane"],"picked":"Deadly Poison","floor":7},{"not_picked":["Dagger Throw","Quick Slash"],"picked":"Venomology","floor":8},{"not_picked":["Eviscerate","Reflex"],"picked":"Blade Dance","floor":12},{"not_picked":["Bane","Skewer"],"picked":"Blur","floor":14},{"not_picked":["Storm of Steel","Doppelganger"],"picked":"Glass Knife","floor":16},{"not_picked":["Underhanded Strike","Dodge and Roll"],"picked":"Leg Sweep","floor":18},{"not_picked":["Slice","Concentrate"],"picked":"Dagger Spray","floor":20},{"not_picked":["Distraction","Riddle With Holes+1"],"picked":"Cloak And Dagger","floor":21}],"player_experience":353350,"relics_obtained":[{"floor":6,"key":"Lantern"},{"floor":8,"key":"Bottled Lightning"},{"floor":9,"key":"Smiling Mask"},{"floor":12,"key":"Shuriken"}],"event_choices":[{"damage_healed":0,"gold_gain":0,"player_choice":"Paid Gold","damage_taken":0,"relics_obtained":["Paper Crane"],"max_hp_gain":0,"max_hp_loss":0,"event_name":"WeMeetAgain","floor":2,"gold_loss":117},{"damage_healed":0,"gold_gain":0,"player_choice":"Entered Light","damage_taken":14,"max_hp_gain":0,"max_hp_loss":0,"event_name":"Shining Light","floor":5,"gold_loss":0,"cards_upgraded":["Neutralize","Defend_G"]},{"damage_healed":0,"gold_gain":0,"player_choice":"Upgraded","damage_taken":0,"max_hp_gain":0,"max_hp_loss":0,"event_name":"Upgrade Shrine","floor":13,"gold_loss":0,"cards_upgraded":["Noxious Fumes"]}],"is_beta":false,"boss_relics":[{"not_picked":["Lizard Tail","HoveringKite"],"picked":"Eternal Feather"}],"items_purged_floors":[],"is_endless":false,"potions_floor_spawned":[3,4,14,20],"killed_by":"Shelled Parasite and Fungi","ascension_level":6}