{"gold_per_floor":[115,134,152,170,187,187,213,213,213,226,255,268,300,311,311,386,386,400,416,430,410,424,424,451,451,451,462,462,377,327,361,361,436,436,447,493,493,507,77,177,30,50,98,98,98],"floor_reached":46,"playtime":3997,"items_purged":["Strike_R"],"score":1150,"play_id":"f29a0b5e-5a12-49ac-b703-2b8489d6b70a","local_time":"20190901215320","is_ascension_mode":true,"campfire_choices":[{"data":"Bash","floor":6.0,"key":"SMITH"},{"floor":8.0,"key":"REST"},{"data":"Limit Break","floor":15.0,"key":"SMITH"},{"floor":23.0,"key":"REST"},{"floor":25,"key":"REST"},{"floor":28,"key":"REST"},{"data":"Intimidate","floor":32,"key":"SMITH"}],"neow_cost":"NONE","seed_source_timestamp":1559503692134100,"circlet_count":0,"master_deck":["AscendersBane","Strike_R","Strike_R","Strike_R","Defend_R+1","Defend_R+1","Defend_R","Defend_R","Bash+1","Shrug It Off","Spot Weakness","Shrug It Off","Headbutt","Battle Trance","Spot Weakness","Limit Break","Limit Break+1","Immolate","Sword Boomerang","Intimidate+1","True Grit","Feed","Reaper","Evolve","Shrug It Off","Headbutt","Pummel+1","Demon Form","Limit Break+1","Power Through+1"],"special_seed":0,"relics":["Black Blood","Oddly Smooth Stone","Red Skull","Pear","Bag of Preparation","Prayer Wheel","Mark of Pain","War Paint","Omamori","Gremlin Horn","Mercury Hourglass","Du-Vu Doll","Bag of Marbles","DollysMirror","FossilizedHelix","Bronze Scales","Juzu Bracelet"],"potions_floor_usage":[24,31,33,36,36,45],"damage_taken":[{"damage":6.0,"enemies":"Cultist","floor":1.0,"turns":3.0},{"damage":4.0,"enemies":"Jaw Worm","floor":2.0,"turns":4.0},{"damage":4.0,"enemies":"2 Louse","floor":3.0,"turns":3.0},{"damage":3.0,"enemies":"Blue Slaver","floor":4.0,"turns":6.0},{"damage":23.0,"enemies":"Exordium Thugs","floor":5.0,"turns":8.0},{"damage":34.0,"enemies":"3 Sentries","floor":7.0,"turns":10.0},{"damage":10.0,"enemies":"Exordium Wildlife","floor":10.0,"turns":3.0},{"damage":32.0,"enemies":"Gremlin Nob","floor":11.0,"turns":4.0},{"damage":5.0,"enemies":"Red Slaver","floor":12.0,"turns":4.0},{"damage":12.0,"enemies":"3 Sentries","floor":13.0,"turns":4.0},{"damage":9.0,"enemies":"Exordium Thugs","floor":14.0,"turns":4.0},{"damage":3.0,"enemies":"Hexaghost","floor":16.0,"turns":7.0},{"damage":26.0,"enemies":"3 Byrds","floor":18.0,"turns":4.0},{"damage":18.0,"enemies":"Spheric Guardian","floor":19.0,"turns":4.0},{"damage":11.0,"enemies":"Centurion and Healer","floor":20.0,"turns":3.0},{"damage":24.0,"enemies":"Snake Plant","floor":22.0,"turns":5.0},{"damage":33,"enemies":"Slavers","floor":24,"turns":4},{"damage":12,"enemies":"Chosen and Byrds","floor":27,"turns":5},{"damage":13,"enemies":"Gremlin Leader","floor":31,"turns":6},{"damage":54,"enemies":"Collector","floor":33,"turns":7},{"damage":12,"enemies":"Orb Walker","floor":35,"turns":3},{"damage":22,"enemies":"2 Orb Walkers","floor":36,"turns":4},{"damage":27,"enemies":"3 Shapes","floor":38,"turns":5},{"damage":0,"enemies":"Mind Bloom Boss Battle","floor":40,"turns":8},{"damage":9,"enemies":"Writhing Mass","floor":42,"turns":4},{"damage":73,"enemies":"Time Eater","floor":45,"turns":7}],"seed_played":"2593854312869598386","potions_obtained":[{"floor":2.0,"key":"FairyPotion"},{"floor":4.0,"key":"Strength Potion"},{"floor":5.0,"key":"Energy Potion"},{"floor":7.0,"key":"FearPotion"},{"floor":14.0,"key":"EntropicBrew"},{"floor":24,"key":"Strength Potion"},{"floor":27,"key":"Regen Potion"},{"floor":33,"key":"Fire Potion"},{"floor":35,"key":"Fire Potion"},{"floor":38,"key":"Block Potion"}],"is_trial":false,"path_per_floor":["M","M","M","M","M","R","E","R","T","M","E","M","E","M","R","B",null,"M","M","M","?","M","R","E","R","T","M","R","?","?","E","R","B",null,"M","?","?","M","$","?","$","M","T","?","B",null],"character_chosen":"IRONCLAD","items_purchased":["Bag of Marbles","DollysMirror","Bronze Scales"],"campfire_rested":4,"item_purchase_floors":[39,39,41],"current_hp_per_floor":[68,70,72,75,58,58,30,52,62,58,32,33,27,24,24,27,71,51,39,34,34,16,41,14,39,39,33,58,58,58,88,88,40,76,74,62,62,85,85,94,94,94,94,94,31],"gold":98,"neow_bonus":"RANDOM_COMMON_RELIC","is_prod":false,"is_daily":false,"chose_seed":false,"campfire_upgraded":3,"win_rate":0,"timestamp":1567400000,"path_taken":["M","M","M","?","M","R","E","R","T","M","E","M","E","M","R","BOSS","M","M","M","?","?","R","E","R","T","M","R","?","?","E","R","BOSS","M","?","?","?","$","?","?","M","T","?","BOSS"],"build_version":"2019-07-17","purchased_purges":1,"victory":true,"max_hp_per_floor":[75,75,75,75,75,75,75,75,85,85,85,85,85,85,85,85,85,85,85,85,85,85,85,85,85,85,85,85,85,85,88,88,88,88,88,88,88,91,91,94,94,94,94,94,94],"card_choices":[{"not_picked":["Twin Strike","Heavy Blade"],"picked":"Shrug It Off","floor":1.0},{"not_picked":["Anger","Twin Strike"],"picked":"Spot Weakness","floor":2.0},{"not_picked":["Wild Strike","Body Slam"],"picked":"Shrug It Off","floor":3.0},{"not_picked":["Entrench","Sever Soul","Rupture"],"picked":"SKIP","floor":4.0},{"not_picked":["Anger","Power Through"],"picked":"Headbutt","floor":5.0},{"not_picked":["Searing Blow","Dual Wield"],"picked":"Battle Trance","floor":7.0},{"not_picked":["Inflame","Shrug It Off"],"picked":"Spot Weakness","floor":10.0},{"not_picked":["Perfected Strike","Clash"],"picked":"Limit Break","floor":11.0},{"not_picked":["Clothesline","Anger","Fire Breathing"],"picked":"SKIP","floor":12.0},{"not_picked":["Pummel","Shrug It Off"],"picked":"Limit Break","floor":13.0},{"not_picked":["Pommel Strike","Blood for Blood","Perfected Strike"],"picked":"SKIP","floor":14.0},{"not_picked":["Heavy Blade","Anger","Inflame"],"picked":"SKIP","floor":14.0},{"not_picked":["Juggernaut","Brutality"],"picked":"Immolate","floor":16.0},{"not_picked":["Body Slam","Warcry"],"picked":"Sword Boomerang","floor":18.0},{"not_picked":["Uppercut","Combust+1","Shrug It Off"],"picked":"SKIP","floor":18.0},{"not_picked":["Heavy Blade","Rage"],"picked":"Intimidate","floor":19.0},{"not_picked":["Reckless Charge","Heavy Blade"],"picked":"True Grit","floor":19.0},{"not_picked":["Cleave","Headbutt"],"picked":"Feed","floor":20.0},{"not_picked":["Heavy Blade","Hemokinesis+1","True Grit"],"picked":"SKIP","floor":20.0},{"not_picked":["Sword Boomerang","Cleave","Heavy Blade"],"picked":"SKIP","floor":22.0},{"not_picked":["Burning Pact","Corruption","Wild Strike+1"],"picked":"SKIP","floor":22.0},{"not_picked":["Seeing Red","Uppercut","Sword Boomerang+1"],"picked":"SKIP","floor":24},{"not_picked":["Warcry","Iron Wave"],"picked":"Reaper","floor":27},{"not_picked":["Iron Wave+1","Warcry+1"],"picked":"Evolve","floor":27},{"not_picked":["Rupture","Sentinel","Evolve"],"picked":"SKIP","floor":31},{"not_picked":["Anger","Corruption"],"picked":"Shrug It Off","floor":35},{"not_picked":["Bloodletting","True Grit"],"picked":"Headbutt","floor":35},{"not_picked":["Shockwave","Thunderclap+1"],"picked":"Pummel+1","floor":36},{"not_picked":["Thunderclap","Dual Wield"],"picked":"Demon Form","floor":38},{"not_picked":["Sentinel","Clothesline","Thunderclap+1"],"picked":"SKIP","floor":38},{"not_picked":["Body Slam","Searing Blow"],"picked":"Power Through+1","floor":42},{"not_picked":["Perfected Strike","Clothesline","Dark Embrace"],"picked":"SKIP","floor":42}],"player_experience":1363047,"relics_obtained":[{"floor":7.0,"key":"Red Skull"},{"floor":9.0,"key":"Pear"},{"floor":11.0,"key":"Bag of Preparation"},{"floor":13.0,"key":"Prayer Wheel"},{"floor":24,"key":"War Paint"},{"floor":26,"key":"Omamori"},{"floor":31,"key":"Mercury Hourglass"},{"floor":36,"key":"Du-Vu Doll"},{"floor":40,"key":"FossilizedHelix"},{"floor":43,"key":"Juzu Bracelet"}],"event_choices":[{"damage_healed":0.0,"max_hp_gain":0.0,"max_hp_loss":0.0,"gold_gain":0.0,"event_name":"The Woman in Blue","player_choice":"Bought 1 Potion","floor":21.0,"gold_loss":0.0,"damage_taken":0.0},{"damage_healed":0,"gold_gain":0,"player_choice":"Obtained Relic","damage_taken":0,"relics_obtained":["Gremlin Horn"],"max_hp_gain":0,"max_hp_loss":0,"event_name":"Addict","floor":29,"gold_loss":85},{"damage_healed":0,"gold_gain":0,"player_choice":"Bet on Murderer","damage_taken":0,"max_hp_gain":0,"max_hp_loss":0,"event_name":"The Joust","floor":30,"gold_loss":50},{"damage_healed":0,"gold_gain":0,"player_choice":"Fight","damage_taken":0,"max_hp_gain":0,"max_hp_loss":0,"event_name":"Mysterious Sphere","floor":36,"gold_loss":0},{"cards_removed":["Strike_R"],"damage_healed":0,"gold_gain":0,"player_choice":"Removed Attack","damage_taken":0,"max_hp_gain":0,"max_hp_loss":0,"event_name":"Falling","floor":37,"gold_loss":0},{"damage_healed":0,"gold_gain":0,"player_choice":"Fight","damage_taken":0,"max_hp_gain":0,"max_hp_loss":0,"event_name":"MindBloom","floor":40,"gold_loss":0},{"damage_healed":0,"gold_gain":0,"player_choice":"Took Portal","damage_taken":0,"max_hp_gain":0,"max_hp_loss":0,"event_name":"SecretPortal","floor":44,"gold_loss":0}],"is_beta":false,"boss_relics":[{"not_picked":["Black Star","Runic Pyramid"],"picked":"Mark of Pain"},{"not_picked":["Pandora\u0027s Box","Snecko Eye"],"picked":"Black Blood"}],"items_purged_floors":[39],"is_endless":false,"potions_floor_spawned":[2,4,5,7,13,14,18,20,24,27,33,35,38],"ascension_level":15}