{"gold_per_floor":[111,128,139,64,79,79,90,102,102,102,129,129,163,128,128,232,232,252,167,25,45,64,25,38,38,38,50,77,93,111,111,111,111],"floor_reached":33,"playtime":1264,"items_purged":["Doubt"],"score":326,"play_id":"815694f0-dc16-47fe-bb06-0531ff8cdf77","local_time":"20190902151637","is_ascension_mode":true,"campfire_choices":[{"data":"Zap","floor":6.0,"key":"SMITH"},{"data":"Fusion","floor":10.0,"key":"SMITH"},{"data":"Dualcast","floor":12.0,"key":"SMITH"},{"data":"Thunder Strike","floor":15.0,"key":"SMITH"},{"floor":32.0,"key":"REST"}],"neow_cost":"CURSE","seed_source_timestamp":59869873853466,"circlet_count":0,"master_deck":["Strike_B","Strike_B","Strike_B","Strike_B","Defend_B","Defend_B","Defend_B","Defend_B","Zap+1","Dualcast+1","Fusion+1","Cold Snap","Melter","Ball Lightning","FTL","Thunder Strike+1","BootSequence+1","Seek+1","Static Discharge+1","Coolheaded+1","Static Discharge+1","Conserve Battery+1","Reprogram+1","Decay","Skim+1","Lockon"],"special_seed":0,"relics":["Cracked Core","Mango","Frozen Egg 2","Bronze Scales","Toxic Egg 2","Orrery","MawBank","Oddly Smooth Stone","Dream Catcher","Blood Vial"],"potions_floor_usage":[],"damage_taken":[{"damage":0.0,"enemies":"Small Slimes","floor":1.0,"turns":3.0},{"damage":2.0,"enemies":"Jaw Worm","floor":2.0,"turns":3.0},{"damage":4.0,"enemies":"Cultist","floor":3.0,"turns":4.0},{"damage":7.0,"enemies":"Red Slaver","floor":5.0,"turns":4.0},{"damage":3.0,"enemies":"2 Fungi Beasts","floor":7.0,"turns":3.0},{"damage":14.0,"enemies":"Exordium Thugs","floor":8.0,"turns":2.0},{"damage":20.0,"enemies":"Lagavulin","floor":11.0,"turns":5.0},{"damage":21.0,"enemies":"Gremlin Nob","floor":13.0,"turns":3.0},{"damage":18.0,"enemies":"The Guardian","floor":16.0,"turns":10.0},{"damage":4.0,"enemies":"3 Byrds","floor":18.0,"turns":1.0},{"damage":8.0,"enemies":"Shell Parasite","floor":21.0,"turns":3.0},{"damage":5.0,"enemies":"Chosen and Byrds","floor":22.0,"turns":3.0},{"damage":21.0,"enemies":"Snecko","floor":24.0,"turns":6.0},{"damage":9.0,"enemies":"Sentry and Sphere","floor":27.0,"turns":3.0},{"damage":7.0,"enemies":"Shelled Parasite and Fungi","floor":29.0,"turns":3.0},{"damage":5.0,"enemies":"Snake Plant","floor":30.0,"turns":2.0},{"damage":9.0,"enemies":"Colosseum Slavers","floor":31.0,"turns":4.0},{"damage":38,"enemies":"Champ","floor":33,"turns":7}],"seed_played":"5787598321504309997","potions_obtained":[{"floor":2.0,"key":"Explosive Potion"},{"floor":7.0,"key":"Poison Potion"},{"floor":11.0,"key":"Weak Potion"},{"floor":13.0,"key":"FocusPotion"},{"floor":18.0,"key":"Weak Potion"},{"floor":24.0,"key":"PowerPotion"},{"floor":29.0,"key":"Block Potion"},{"floor":30.0,"key":"SkillPotion"}],"is_trial":false,"path_per_floor":["M","M","M","$","M","R","M","M","T","R","E","R","E","?","R","B",null,"M","?","$","M","M","$","M","?","T","M","T","M","M","?","R","B"],"character_chosen":"DEFECT","items_purchased":["Oddly Smooth Stone","Reprogram+1"],"campfire_rested":1,"item_purchase_floors":[20,23],"current_hp_per_floor":[89,87,83,83,76,76,73,59,59,59,39,39,18,40,40,22,72,68,68,68,60,55,55,34,34,34,25,25,20,17,10,36,0],"gold":111,"neow_bonus":"ONE_RARE_RELIC","is_prod":false,"is_daily":false,"chose_seed":false,"campfire_upgraded":4,"win_rate":1,"timestamp":1567404997,"path_taken":["M","M","M","$","M","R","M","M","T","R","E","R","E","?","R","BOSS","M","?","$","M","M","$","M","?","T","M","?","M","M","?","R","BOSS"],"build_version":"2019-07-17","purchased_purges":1,"victory":false,"max_hp_per_floor":[89,89,89,89,89,89,89,89,89,89,89,89,89,89,89,89,89,89,89,89,89,89,89,89,89,89,89,89,89,89,89,89,89],"card_choices":[{"not_picked":["Chaos","Reprogram"],"picked":"Fusion","floor":1.0},{"not_picked":["Hologram","Double Energy"],"picked":"Cold Snap","floor":2.0},{"not_picked":["Cold Snap","Rebound"],"picked":"Melter","floor":3.0},{"not_picked":["Turbo","Cold Snap"],"picked":"Ball Lightning","floor":5.0},{"not_picked":["Hello World","Rebound","Storm"],"picked":"SKIP","floor":7.0},{"not_picked":["Coolheaded","Blizzard"],"picked":"FTL","floor":8.0},{"not_picked":["Steam Power","Compile Driver"],"picked":"Thunder Strike","floor":11.0},{"not_picked":["Streamline","Force Field"],"picked":"BootSequence","floor":13.0},{"not_picked":["Creative AI+1","Amplify+1"],"picked":"Seek+1","floor":16.0},{"not_picked":["Gash","Coolheaded+1"],"picked":"Static Discharge+1","floor":17.0},{"not_picked":["FTL","Leap+1"],"picked":"Coolheaded+1","floor":17.0},{"not_picked":["Storm+1","Rip and Tear"],"picked":"Static Discharge+1","floor":18.0},{"not_picked":["Turbo+1","Doom and Gloom"],"picked":"Conserve Battery+1","floor":21.0},{"not_picked":["Blizzard","Hyperbeam","Turbo+1"],"picked":"SKIP","floor":22.0},{"not_picked":["Blizzard","Hyperbeam","Turbo+1"],"picked":"SKIP","floor":22.0},{"not_picked":["Steam+1","Heatsinks+1","Coolheaded+1"],"picked":"SKIP","floor":24.0},{"not_picked":["Barrage+1","Conserve Battery+1","Darkness+1"],"picked":"SKIP","floor":27.0},{"not_picked":["Ball Lightning","Steam Power+1"],"picked":"Skim+1","floor":29.0},{"not_picked":["Barrage","Conserve Battery+1","Go for the Eyes"],"picked":"SKIP","floor":30.0},{"not_picked":["Skim+1","Gash"],"picked":"Lockon","floor":32.0}],"player_experience":339081,"relics_obtained":[{"floor":9.0,"key":"Frozen Egg 2"},{"floor":11.0,"key":"Bronze Scales"},{"floor":13.0,"key":"Toxic Egg 2"},{"floor":26.0,"key":"Dream Catcher"},{"floor":28.0,"key":"Blood Vial"}],"event_choices":[{"damage_healed":22.0,"max_hp_gain":0.0,"max_hp_loss":0.0,"gold_gain":0.0,"event_name":"The Cleric","player_choice":"Healed","floor":14.0,"gold_loss":35.0,"damage_taken":0.0},{"damage_healed":0.0,"max_hp_gain":0.0,"max_hp_loss":0.0,"gold_gain":0.0,"event_name":"Addict","player_choice":"Obtained Relic","floor":19.0,"gold_loss":85.0,"damage_taken":0.0,"relics_obtained":["MawBank"]},{"damage_healed":0.0,"max_hp_gain":0.0,"max_hp_loss":0.0,"gold_gain":0.0,"event_name":"Forgotten Altar","player_choice":"Smashed Altar","floor":25.0,"gold_loss":0.0,"damage_taken":0.0,"cards_obtained":["Decay"]},{"damage_healed":0.0,"max_hp_gain":0.0,"max_hp_loss":0.0,"gold_gain":0.0,"event_name":"Colosseum","player_choice":"Fight","floor":31.0,"gold_loss":0.0,"damage_taken":0.0},{"damage_healed":0.0,"max_hp_gain":0.0,"max_hp_loss":0.0,"gold_gain":0.0,"event_name":"Colosseum","player_choice":"Fled From Nobs","floor":31.0,"gold_loss":0.0,"damage_taken":0.0}],"is_beta":false,"boss_relics":[{"not_picked":["Black Star","Calling Bell"],"picked":"Orrery"}],"items_purged_floors":[4],"is_endless":false,"potions_floor_spawned":[2,7,11,13,18,24,29,30],"killed_by":"Champ","ascension_level":5}