{"gold_per_floor":[116,41,53,65,12,25,25,36,36,48,59,59,91,123,135,244,256,285,307,335,13,13],"floor_reached":22,"playtime":2019,"items_purged":["Strike_G","Defend_G"],"score":240,"play_id":"2f5d4fd5-b896-4cd7-9638-1d6e49b3dc6c","local_time":"20190908192027","is_ascension_mode":true,"campfire_choices":[{"data":"Noxious Fumes","floor":7,"key":"SMITH"},{"floor":12,"key":"REST"},{"floor":15,"key":"REST"}],"neow_cost":"NONE","seed_source_timestamp":29973533461700,"circlet_count":0,"master_deck":["Defend_G","Defend_G","Defend_G","Defend_G","Survivor","Neutralize","Noxious Fumes+1","Prepared","Crippling Poison","Deadly Poison","PiercingWail","Tactician","Acrobatics","Endless Agony","Venomology","Blade Dance+1","Distraction+1","Footwork+1","Calculated Gamble+1","Deflect+1","Backstab","Footwork"],"relics":["Ring of the Snake","Pen Nib","MawBank","Astrolabe","Dream Catcher"],"potions_floor_usage":[8,11,13,16,18,19,20,20,20],"damage_taken":[{"damage":0,"enemies":"Cultist","floor":1,"turns":5},{"damage":7,"enemies":"2 Louse","floor":3,"turns":4},{"damage":4,"enemies":"Jaw Worm","floor":4,"turns":7},{"damage":2,"enemies":"3 Louse","floor":6,"turns":3},{"damage":15,"enemies":"Lots of Slimes","floor":8,"turns":3},{"damage":1,"enemies":"Exordium Wildlife","floor":10,"turns":5},{"damage":3,"enemies":"Large Slime","floor":11,"turns":8},{"damage":27,"enemies":"Gremlin Nob","floor":13,"turns":5},{"damage":0,"enemies":"Lots of Slimes","floor":14,"turns":3},{"damage":15,"enemies":"The Guardian","floor":16,"turns":10},{"damage":17,"enemies":"Shell Parasite","floor":18,"turns":9},{"damage":5,"enemies":"3 Byrds","floor":19,"turns":7},{"damage":0,"enemies":"3 Cultists","floor":20,"turns":5},{"damage":0,"enemies":"Centurion and Healer","floor":22,"turns":1}],"seed_played":"-206776003426007569","potions_obtained":[{"floor":1,"key":"Poison Potion"},{"floor":8,"key":"SkillPotion"},{"floor":11,"key":"SteroidPotion"},{"floor":13,"key":"Dexterity Potion"},{"floor":14,"key":"GamblersBrew"},{"floor":16,"key":"Dexterity Potion"},{"floor":19,"key":"SteroidPotion"}],"is_trial":false,"path_per_floor":["M","$","M","M","$","M","R","M","T","M","M","R","E","M","R","B",null,"M","M","M","$","M"],"character_chosen":"THE_SILENT","items_purchased":["Deadly Poison","Footwork","Dream Catcher"],"campfire_rested":2,"item_purchase_floors":[5,21,21],"current_hp_per_floor":[70,70,63,59,59,57,57,42,42,41,38,59,32,32,53,38,62,45,40,40,40,40],"gold":13,"neow_bonus":"REMOVE_CARD","is_prod":false,"is_daily":false,"chose_seed":false,"campfire_upgraded":1,"win_rate":0,"timestamp":1567966827,"path_taken":["M","$","M","?","$","M","R","M","T","M","?","R","E","M","R","BOSS","M","M","M","$","M"],"build_version":"2019-08-26","purchased_purges":2,"victory":false,"max_hp_per_floor":[70,70,70,70,70,70,70,70,70,70,70,70,70,70,70,70,70,70,70,70,70,70],"card_choices":[{"not_picked":["Bouncing Flask","Cloak And Dagger"],"picked":"Noxious Fumes","floor":1},{"not_picked":["Dagger Spray","Outmaneuver"],"picked":"Prepared","floor":3},{"not_picked":["Predator","PiercingWail"],"picked":"Crippling Poison","floor":4},{"not_picked":["Expertise","Concentrate","Dagger Spray"],"picked":"SKIP","floor":6},{"not_picked":["Sucker Punch","Bouncing Flask"],"picked":"PiercingWail","floor":8},{"not_picked":["Deadly Poison","Cloak And Dagger"],"picked":"Tactician","floor":10},{"not_picked":["Eviscerate","Dagger Spray"],"picked":"Acrobatics","floor":11},{"not_picked":["Wraith Form v2","Deadly Poison","Finisher"],"picked":"SKIP","floor":13},{"not_picked":["Distraction","Poisoned Stab"],"picked":"Endless Agony","floor":14},{"not_picked":["Grand Finale","Storm of Steel"],"picked":"Venomology","floor":16},{"not_picked":["Dagger Throw","Poisoned Stab+1"],"picked":"Calculated Gamble+1","floor":18},{"not_picked":["Deadly Poison+1","Blade Dance+1"],"picked":"Deflect+1","floor":19},{"not_picked":["Sucker Punch","Poisoned Stab"],"picked":"Backstab","floor":20}],"player_experience":184830,"relics_obtained":[{"floor":9,"key":"Pen Nib"},{"floor":13,"key":"MawBank"}],"event_choices":[],"is_beta":true,"boss_relics":[{"not_picked":["Busted Crown","WristBlade"],"picked":"Astrolabe"}],"items_purged_floors":[2,21],"is_endless":false,"potions_floor_spawned":[1,8,11,13,14,16,19],"killed_by":"Centurion and Healer","ascension_level":5}