{"gold_per_floor":[146,96,96,96,108,108,119,3,3,3,15,36,50,84,84,189,189,203,214,227,150,161,161],"floor_reached":23,"playtime":3243,"items_purged":[],"score":254,"play_id":"5dfceea5-b256-4e1e-93de-cd4e0c04d069","local_time":"20180715190701","is_ascension_mode":true,"campfire_choices":[{"data":"Neutralize","floor":6,"key":"SMITH"},{"data":"Blur","floor":10,"key":"SMITH"},{"data":"Dodge and Roll","floor":15,"key":"SMITH"}],"neow_cost":"NONE","seed_source_timestamp":2575262869480500,"circlet_count":0,"master_deck":["Defend_G","Defend_G","Defend_G","Defend_G","Strike_G","Strike_G","Strike_G","Strike_G","Strike_G","Survivor","Neutralize+1","Dodge and Roll","Underhanded Strike","Finisher","Slice","Flying Knee","Noxious Fumes","Blur+1","Dodge and Roll","Backflip","Backstab","Dodge and Roll+1","PiercingWail","Well Laid Plans+1","J.A.X.","Dagger Throw"],"relics":["Ring of the Snake","Tiny Chest","The Courier","Ninja Scroll","Odd Mushroom","Pear","Philosopher\u0027s Stone"],"potions_floor_usage":[12,16,23],"damage_taken":[{"damage":0,"enemies":"2 Louse","floor":1,"turns":2},{"damage":4,"enemies":"Small Slimes","floor":5,"turns":4},{"damage":0,"enemies":"Cultist","floor":7,"turns":3},{"damage":0,"enemies":"Looter","floor":11,"turns":1},{"damage":4,"floor":12,"turns":5},{"damage":0,"enemies":"Exordium Wildlife","floor":13,"turns":5},{"damage":0,"enemies":"3 Sentries","floor":14,"turns":7},{"damage":48,"enemies":"Slime Boss","floor":16,"turns":13},{"damage":0,"enemies":"Spheric Guardian","floor":18,"turns":1},{"damage":5,"enemies":"Chosen","floor":19,"turns":6},{"damage":19,"enemies":"Centurion and Healer","floor":20,"turns":9},{"damage":6,"enemies":"Chosen and Byrds","floor":22,"turns":7},{"damage":71,"enemies":"Gremlin Leader","floor":23,"turns":11}],"seed_played":"4341546475539812866","potions_obtained":[{"floor":5,"key":"Fruit Juice"},{"floor":12,"key":"Swift Potion"},{"floor":16,"key":"Fire Potion"},{"floor":19,"key":"Ancient Potion"}],"is_trial":false,"path_per_floor":["M","?","?","T","M","R","M","$","T","R","M","?","M","E","R","B",null,"M","M","M","?","M"],"character_chosen":"THE_SILENT","items_purchased":["Noxious Fumes","Blur"],"campfire_rested":0,"item_purchase_floors":[8,8],"current_hp_per_floor":[70,70,70,70,66,66,66,66,66,66,66,67,67,77,77,29,85,85,80,61,61,55,0],"gold":161,"neow_bonus":"RANDOM_COMMON_RELIC","is_prod":false,"is_daily":false,"chose_seed":false,"campfire_upgraded":3,"win_rate":0,"timestamp":1531706821,"path_taken":["M","?","?","?","M","R","?","$","T","R","M","?","M","E","R","BOSS","M","M","M","?","?","E"],"build_version":"2018-07-12","purchased_purges":0,"victory":false,"max_hp_per_floor":[70,70,70,70,70,70,70,70,70,70,70,75,75,85,85,85,85,85,85,85,85,85,85],"card_choices":[{"not_picked":["Poisoned Stab","Caltrops"],"picked":"Dodge and Roll","floor":1},{"not_picked":["Finisher","Outmaneuver"],"picked":"Slice","floor":5},{"not_picked":["Quick Slash","Finisher"],"picked":"Flying Knee","floor":7},{"not_picked":["Reflex","Leg Sweep"],"picked":"Dodge and Roll","floor":11},{"not_picked":["Skewer","Glass Knife"],"picked":"Backflip","floor":12},{"not_picked":["Outmaneuver","Poisoned Stab"],"picked":"Backstab","floor":13},{"not_picked":["Bane","Eviscerate"],"picked":"Dodge and Roll","floor":14},{"not_picked":["Outmaneuver","Underhanded Strike"],"picked":"PiercingWail","floor":18},{"not_picked":["Distraction","Bane+1","A Thousand Cuts"],"picked":"SKIP","floor":19},{"not_picked":["Heel Hook","Backflip"],"picked":"Well Laid Plans+1","floor":20},{"not_picked":["Dodge and Roll+1","Sucker Punch"],"picked":"Dagger Throw","floor":22}],"player_experience":97501,"relics_obtained":[{"floor":4,"key":"The Courier"},{"floor":9,"key":"Ninja Scroll"},{"floor":12,"key":"Odd Mushroom"},{"floor":14,"key":"Pear"}],"event_choices":[{"event_name":"The Cleric","player_choice":"Card Removal","floor":2,"damage_taken":0},{"event_name":"Match and Keep!","player_choice":"2 cards matched","floor":3,"damage_taken":0},{"event_name":"Mushrooms","player_choice":"Fought Mushrooms","floor":12,"damage_taken":0},{"event_name":"Drug Dealer","player_choice":"Got JAXXED","floor":21,"damage_taken":0}],"boss_relics":[{"not_picked":["Ectoplasm","Busted Crown"],"picked":"Philosopher\u0027s Stone"}],"items_purged_floors":[],"is_endless":false,"potions_floor_spawned":[5,12,16,19],"killed_by":"Gremlin Leader","ascension_level":1}