{"gold_per_floor":[113,130,130,149,0,27,38,38,64,124,157,157,157,38,38,141,191,180,193,31,31,31],"floor_reached":22,"playtime":869,"items_purged":["Strike_P"],"score":240,"play_id":"1bfacb96-bd95-4278-8e9a-e7cd1110ab9a","local_time":"20190913100630","is_ascension_mode":true,"campfire_choices":[{"data":"Eruption","floor":8.0,"key":"SMITH"},{"floor":13.0,"key":"REST"},{"data":"WindmillStrike","floor":15.0,"key":"SMITH"}],"neow_cost":"NONE","seed_source_timestamp":0,"circlet_count":0,"master_deck":["Strike_P","Strike_P","Strike_P","Defend_P","Defend_P","Defend_P+1","Defend_P+1","Eruption+1","Vigilance","EmptyFist","MentalFortress","FlyingSleeves","Adaptation+1","Vengeance","ThirdEye","WindmillStrike+1","MentalFortress","Prostrate","MasterReality","Evaluate","EmptyBody+1","Vault"],"special_seed":0,"relics":["PureWater","InkBottle","Happy Flower","Tiny Chest","Orichalcum","Tiny House"],"potions_floor_usage":[],"damage_taken":[{"damage":3.0,"enemies":"2 Louse","floor":1.0,"turns":3.0},{"damage":2.0,"enemies":"Jaw Worm","floor":2.0,"turns":4.0},{"damage":0.0,"enemies":"Small Slimes","floor":4.0,"turns":2.0},{"damage":11.0,"enemies":"3 Sentries","floor":6.0,"turns":4.0},{"damage":1.0,"enemies":"Exordium Wildlife","floor":7.0,"turns":3.0},{"damage":18.0,"enemies":"Gremlin Nob","floor":11.0,"turns":3.0},{"damage":26.0,"enemies":"The Guardian","floor":16.0,"turns":13.0},{"damage":18.0,"enemies":"2 Thieves","floor":18.0,"turns":4.0},{"damage":8.0,"enemies":"Shell Parasite","floor":19.0,"turns":7.0},{"damage":0,"enemies":"3 Cultists","floor":22,"turns":1}],"seed_played":"1918319636722872450","potions_obtained":[{"floor":1.0,"key":"Ancient Potion"},{"floor":2.0,"key":"AttackPotion"},{"floor":6.0,"key":"Poison Potion"},{"floor":17.0,"key":"Explosive Potion"},{"floor":19.0,"key":"Strength Potion"}],"is_trial":false,"path_per_floor":["M","M","?","M","$","E","M","R","T","?","E","?","R","$","R","B",null,"M","M","$","?","M"],"character_chosen":"WATCHER","items_purchased":["Adaptation","MentalFortress","Prostrate","Vault"],"campfire_rested":1,"item_purchase_floors":[5,14,14,20],"current_hp_per_floor":[68,66,66,66,66,55,54,54,54,54,36,22,43,43,43,17,63,45,37,37,37,37],"gold":31,"neow_bonus":"TEN_PERCENT_HP_BONUS","is_prod":false,"is_daily":false,"chose_seed":false,"campfire_upgraded":2,"win_rate":0,"timestamp":1568336790,"path_taken":["M","M","?","M","$","E","M","R","T","?","E","?","R","$","R","BOSS","M","M","$","?","M"],"build_version":"2019-09-11v2","purchased_purges":1,"victory":false,"max_hp_per_floor":[71,71,71,71,71,71,71,71,71,71,71,71,71,71,71,71,76,76,76,76,76,76],"card_choices":[{"not_picked":["StepAndStrike","EmptyBody"],"picked":"EmptyFist","floor":1.0},{"not_picked":["Conclude","ForeignInfluence"],"picked":"MentalFortress","floor":2.0},{"not_picked":["Halt","Meditate"],"picked":"FlyingSleeves","floor":4.0},{"not_picked":["JustLucky","EmptyMind"],"picked":"Vengeance","floor":6.0},{"not_picked":["Adaptation","Protect"],"picked":"ThirdEye","floor":7.0},{"not_picked":["ForeignInfluence","Scrawl"],"picked":"WindmillStrike","floor":11.0},{"not_picked":["Ragnarok","Wallop"],"picked":"MasterReality","floor":16.0},{"not_picked":["CutThroughFate","BowlingBash"],"picked":"Evaluate","floor":17.0},{"not_picked":["SandsOfTime","Conclude","Tantrum"],"picked":"SKIP","floor":18.0},{"not_picked":["Crescendo","EmptyFist"],"picked":"EmptyBody+1","floor":19.0}],"player_experience":616642,"relics_obtained":[{"floor":6.0,"key":"InkBottle"},{"floor":9.0,"key":"Happy Flower"},{"floor":11.0,"key":"Orichalcum"}],"event_choices":[{"damage_healed":0.0,"max_hp_gain":0.0,"max_hp_loss":0.0,"gold_gain":0.0,"event_name":"Liars Game","player_choice":"Ignored","floor":3.0,"gold_loss":0.0,"damage_taken":0.0},{"damage_healed":0.0,"max_hp_gain":0.0,"max_hp_loss":0.0,"gold_gain":30.0,"event_name":"Dead Adventurer","player_choice":"Searched \u00272\u0027 times","floor":10.0,"gold_loss":0.0,"damage_taken":0.0,"relics_obtained":["Tiny Chest"]},{"damage_healed":0.0,"max_hp_gain":0.0,"max_hp_loss":0.0,"gold_gain":0.0,"event_name":"Shining Light","player_choice":"Entered Light","floor":12.0,"gold_loss":0.0,"damage_taken":14.0,"cards_upgraded":["Defend_P","Adaptation"]}],"is_beta":true,"boss_relics":[{"not_picked":["Runic Pyramid","Snecko Eye"],"picked":"Tiny House"}],"items_purged_floors":[5],"is_endless":false,"potions_floor_spawned":[1,2,6,19],"killed_by":"3 Cultists","ascension_level":5}