{"gold_per_floor":[112,122,122,137,157,157,190,200,200,200,11,11,11,11,11,112,112,128,147,147,161,172,206,206,218,218,74,74,85,85,120,120,217,217,229,629,629,643,643,643,663,663,717,717,510,211,228,238,238,238],"floor_reached":51,"playtime":3022,"items_purged":["Strike_P","Strike_P","Strike_P"],"score":821,"play_id":"27dbdfb8-e83d-410b-a5e7-e72f83514472","local_time":"20190913234158","is_ascension_mode":true,"campfire_choices":[{"data":"Vigilance","floor":6.0,"key":"SMITH"},{"data":"SandsOfTime","floor":10.0,"key":"SMITH"},{"data":"Establishment","floor":12.0,"key":"SMITH"},{"data":"DeceiveReality","floor":15.0,"key":"SMITH"},{"data":"MasterReality","floor":24.0,"key":"SMITH"},{"floor":30.0,"key":"REST"},{"floor":32.0,"key":"REST"},{"floor":40.0,"key":"REST"},{"data":"MentalFortress","floor":42.0,"key":"SMITH"},{"data":"Alpha","floor":44.0,"key":"SMITH"},{"floor":49.0,"key":"REST"}],"neow_cost":"NONE","seed_source_timestamp":96243192936523,"circlet_count":0,"master_deck":["Defend_P+1","Defend_P","Defend_P","Defend_P+1","Eruption","Vigilance+1","Conclude","TalkToTheHand","TalkToTheHand","MentalFortress+1","SandsOfTime+1","CutThroughFate","Establishment+1","DeceiveReality+1","MasterReality+1","EmptyMind+1","RitualDagger","FearNoEvil","Alpha+1","CutThroughFate","Metaphysics","Protect+1","EmptyMind","Adaptation","Worship"],"special_seed":0,"relics":["PureWater","Toy Ornithopter","War Paint","Shuriken","Pear","Busted Crown","Ancient Tea Set","Kunai","Sling","Omamori","VioletLotus","Old Coin","GremlinMask","Boot","Membership Card","Du-Vu Doll"],"potions_floor_usage":[50,50,50],"damage_taken":[{"damage":2.0,"enemies":"Jaw Worm","floor":1.0,"turns":3.0},{"damage":0.0,"enemies":"2 Louse","floor":2.0,"turns":2.0},{"damage":0.0,"enemies":"Cultist","floor":4.0,"turns":4.0},{"damage":1.0,"enemies":"Blue Slaver","floor":5.0,"turns":4.0},{"damage":22.0,"enemies":"Lagavulin","floor":7.0,"turns":9.0},{"damage":9.0,"enemies":"Large Slime","floor":8.0,"turns":4.0},{"damage":9.0,"enemies":"Hexaghost","floor":16.0,"turns":10.0},{"damage":0.0,"enemies":"3 Byrds","floor":18.0,"turns":5.0},{"damage":7.0,"enemies":"Shell Parasite","floor":19.0,"turns":7.0},{"damage":8.0,"enemies":"Cultist and Chosen","floor":21.0,"turns":6.0},{"damage":6.0,"enemies":"3 Cultists","floor":22.0,"turns":5.0},{"damage":7.0,"enemies":"Slavers","floor":23.0,"turns":5.0},{"damage":1.0,"enemies":"Snake Plant","floor":25.0,"turns":4.0},{"damage":6.0,"enemies":"Centurion and Healer","floor":29.0,"turns":6.0},{"damage":11.0,"enemies":"Gremlin Leader","floor":31.0,"turns":8.0},{"damage":33.0,"enemies":"Automaton","floor":33.0,"turns":9.0},{"damage":13.0,"enemies":"3 Darklings","floor":35.0,"turns":6.0},{"damage":0.0,"enemies":"Mind Bloom Boss Battle","floor":36.0,"turns":9.0},{"damage":20.0,"enemies":"Orb Walker","floor":38.0,"turns":8.0},{"damage":8.0,"enemies":"Spire Growth","floor":41.0,"turns":5.0},{"damage":9.0,"enemies":"Maw","floor":47.0,"turns":9.0},{"damage":11.0,"enemies":"Transient","floor":48.0,"turns":5.0},{"damage":55,"enemies":"Awakened One","floor":50,"turns":12}],"seed_played":"1900792207455921162","potions_obtained":[{"floor":4.0,"key":"Strength Potion"},{"floor":5.0,"key":"Block Potion"},{"floor":7.0,"key":"PowerPotion"},{"floor":21.0,"key":"AttackPotion"},{"floor":23.0,"key":"Ancient Potion"},{"floor":25.0,"key":"LiquidBronze"},{"floor":29.0,"key":"FearPotion"},{"floor":33.0,"key":"Strength Potion"},{"floor":41.0,"key":"Ancient Potion"}],"is_trial":false,"path_per_floor":["M","M","?","M","M","R","E","M","T","R","$","R","?","$","R","B",null,"M","M","?","M","M","E","R","M","T","$","?","M","R","E","R","B",null,"M","?","?","M","?","R","M","R","T","R","$","$","M","M","R","B",null],"character_chosen":"WATCHER","items_purchased":["Establishment","DeceiveReality","Sling","Membership Card","Du-Vu Doll","Adaptation","Worship","StancePotion"],"campfire_rested":4,"item_purchase_floors":[11,11,27,45,46,46,46,46],"current_hp_per_floor":[63,63,56,56,55,55,33,29,29,29,29,29,39,39,39,30,64,64,57,51,43,37,40,40,39,39,39,39,33,55,49,71,38,66,53,53,53,33,33,54,51,51,51,51,51,51,42,31,52,12],"gold":238,"neow_bonus":"RANDOM_COMMON_RELIC","is_prod":false,"is_daily":false,"chose_seed":false,"campfire_upgraded":7,"win_rate":0,"timestamp":1568385718,"path_taken":["M","M","?","M","M","R","E","M","T","R","$","R","?","$","R","BOSS","M","?","?","M","M","E","R","M","T","$","?","M","R","E","R","BOSS","M","?","?","M","?","R","?","R","T","R","?","$","M","M","R","BOSS"],"build_version":"2019-09-12","purchased_purges":3,"victory":true,"max_hp_per_floor":[65,65,65,65,65,65,65,65,65,65,65,65,75,75,75,75,75,75,75,75,75,75,75,75,75,75,75,75,75,75,75,75,75,75,75,75,71,71,71,71,71,71,71,71,71,71,71,71,71,71],"card_choices":[{"not_picked":["ClearTheMind","EmptyMind"],"picked":"Conclude","floor":1.0},{"not_picked":["JustLucky","Scrawl"],"picked":"TalkToTheHand","floor":2.0},{"not_picked":["SpiritShield","EmptyBody"],"picked":"TalkToTheHand","floor":4.0},{"not_picked":["CutThroughFate","Fasting"],"picked":"MentalFortress","floor":5.0},{"not_picked":["ClearTheMind","JustLucky"],"picked":"SandsOfTime","floor":7.0},{"not_picked":["MentalFortress","Weave"],"picked":"CutThroughFate","floor":8.0},{"not_picked":["SignatureMove","Blasphemy"],"picked":"MasterReality","floor":16.0},{"not_picked":["Conclude"],"picked":"SKIP","floor":18.0},{"not_picked":[],"picked":"EmptyMind+1","floor":19.0},{"not_picked":[],"picked":"FearNoEvil","floor":21.0},{"not_picked":["FlyingSleeves"],"picked":"SKIP","floor":22.0},{"not_picked":[],"picked":"Alpha","floor":23.0},{"not_picked":["EmptyFist"],"picked":"SKIP","floor":25.0},{"not_picked":["JustLucky"],"picked":"SKIP","floor":29.0},{"not_picked":[],"picked":"CutThroughFate","floor":31.0},{"not_picked":[],"picked":"Metaphysics","floor":33.0},{"not_picked":["Protect+1"],"picked":"SKIP","floor":35.0},{"not_picked":[],"picked":"Protect+1","floor":35.0},{"not_picked":["Wireheading"],"picked":"SKIP","floor":38.0},{"not_picked":[],"picked":"EmptyMind","floor":41.0},{"not_picked":["FollowUp"],"picked":"SKIP","floor":47.0},{"not_picked":["ClearTheMind"],"picked":"SKIP","floor":48.0}],"player_experience":619898,"relics_obtained":[{"floor":7.0,"key":"War Paint"},{"floor":9.0,"key":"Shuriken"},{"floor":23.0,"key":"Ancient Tea Set"},{"floor":26.0,"key":"Kunai"},{"floor":31.0,"key":"Omamori"},{"floor":36.0,"key":"Old Coin"},{"floor":43.0,"key":"Boot"}],"event_choices":[{"cards_removed":["Strike_P"],"damage_healed":0.0,"max_hp_gain":0.0,"max_hp_loss":0.0,"gold_gain":0.0,"event_name":"Golden Wing","player_choice":"Card Removal","floor":3.0,"gold_loss":0.0,"damage_taken":7.0},{"damage_healed":0.0,"max_hp_gain":0.0,"max_hp_loss":0.0,"gold_gain":0.0,"event_name":"WeMeetAgain","player_choice":"Gave Potion","floor":13.0,"gold_loss":0.0,"damage_taken":0.0,"relics_obtained":["Pear"]},{"damage_healed":0.0,"max_hp_gain":0.0,"max_hp_loss":0.0,"gold_gain":0.0,"event_name":"Nest","player_choice":"Joined the Cult","floor":20.0,"gold_loss":0.0,"damage_taken":6.0,"cards_obtained":["RitualDagger"]},{"damage_healed":0.0,"max_hp_gain":0.0,"max_hp_loss":0.0,"gold_gain":0.0,"event_name":"Vampires","player_choice":"Ignored","floor":28.0,"gold_loss":0.0,"damage_taken":0.0},{"damage_healed":0.0,"max_hp_gain":0.0,"max_hp_loss":0.0,"gold_gain":0.0,"event_name":"MindBloom","player_choice":"Fight","floor":36.0,"gold_loss":0.0,"damage_taken":0.0},{"damage_healed":0.0,"max_hp_gain":0.0,"max_hp_loss":4.0,"gold_gain":0.0,"event_name":"Winding Halls","player_choice":"Max HP","floor":37.0,"gold_loss":0.0,"damage_taken":0.0},{"damage_healed":0.0,"max_hp_gain":0.0,"max_hp_loss":0.0,"gold_gain":0.0,"event_name":"FaceTrader","player_choice":"Trade","floor":39.0,"gold_loss":0.0,"damage_taken":0.0,"relics_obtained":["GremlinMask"]}],"is_beta":true,"boss_relics":[{"not_picked":["Velvet Choker","Runic Pyramid"],"picked":"Busted Crown"},{"not_picked":["Pandora\u0027s Box","Coffee Dripper"],"picked":"VioletLotus"}],"items_purged_floors":[11,45,46],"is_endless":false,"potions_floor_spawned":[4,5,7,21,23,25,29,33,41,47],"ascension_level":5}