{"gold_per_floor":[117,117,117,137,147,147,72,72,97,97,109,109,139,155,155,252,252,265,265,283,283,295,295,245,255,255,287,304,323,323],"floor_reached":30,"playtime":1382,"items_purged":["Pain","Bash+1"],"score":403,"play_id":"9d0ffb06-4dc4-4293-808d-230bffa324b9","local_time":"20180917162710","is_ascension_mode":true,"campfire_choices":[{"data":"Armaments","floor":6,"key":"SMITH"},{"data":"Bash","floor":8,"key":"SMITH"},{"data":"Shockwave","floor":10,"key":"SMITH"},{"data":"Headbutt","floor":12,"key":"SMITH"},{"data":"Searing Blow","floor":15,"key":"SMITH"},{"data":"Searing Blow+1","floor":23,"key":"SMITH"}],"neow_cost":"","seed_source_timestamp":150062447210255,"circlet_count":0,"master_deck":["Strike_R+1","Strike_R+1","Strike_R+1","Strike_R+1","Defend_R+1","Defend_R+1","Defend_R+1","Defend_R+1","AscendersBane","Searing Blow+2","Shockwave+1","Armaments+1","Headbutt+1","Armaments","Burning Pact","Doubt","Ghostly Armor","Corruption+1"],"relics":["Burning Blood","WarpedTongs","Smiling Mask","Du-Vu Doll","Cursed Key","FaceOfCleric","Magic Flower","Omamori"],"potions_floor_usage":[28,30],"damage_taken":[{"damage":0,"enemies":"2 Louse","floor":1,"turns":3},{"damage":5,"enemies":"Cultist","floor":4,"turns":4},{"damage":18,"enemies":"Small Slimes","floor":5,"turns":5},{"damage":6,"enemies":"Red Slaver","floor":11,"turns":4},{"damage":20,"enemies":"Gremlin Nob","floor":13,"turns":4},{"damage":9,"enemies":"Blue Slaver","floor":14,"turns":4},{"damage":23,"enemies":"Hexaghost","floor":16,"turns":9},{"damage":6,"enemies":"Spheric Guardian","floor":18,"turns":3},{"damage":0,"enemies":"Chosen","floor":20,"turns":5},{"damage":10,"enemies":"Snecko","floor":22,"turns":4},{"damage":14,"enemies":"Centurion and Healer","floor":25,"turns":5},{"damage":24,"enemies":"Book of Stabbing","floor":27,"turns":5},{"damage":8,"enemies":"Cultist and Chosen","floor":28,"turns":5},{"damage":31,"enemies":"Snecko","floor":29,"turns":6},{"damage":15,"enemies":"Colosseum Slavers","floor":30,"turns":5},{"damage":44,"enemies":"Colosseum Nobs","floor":30,"turns":4}],"seed_played":"7172583982982675025","potions_obtained":[{"floor":4,"key":"GamblersBrew"},{"floor":5,"key":"SteroidPotion"},{"floor":18,"key":"EssenceOfSteel"}],"is_trial":false,"path_per_floor":["M","?","?","M","M","R","$","R","T","R","M","R","E","M","R","B",null,"M","?","M","?","M","R","$","M","T","E","M","M"],"character_chosen":"IRONCLAD","items_purchased":[],"campfire_rested":0,"item_purchase_floors":[],"current_hp_per_floor":[78,78,78,79,67,67,67,67,67,67,67,67,53,50,50,33,68,68,68,75,75,72,72,72,65,65,52,55,35,0],"gold":323,"neow_bonus":"","is_prod":false,"is_daily":false,"chose_seed":false,"campfire_upgraded":6,"win_rate":0,"timestamp":1537216030,"path_taken":["M","?","?","?","M","R","?","R","T","R","M","R","E","M","R","BOSS","M","?","M","?","M","R","$","M","T","E","M","M","?"],"build_version":"2018-09-12","purchased_purges":2,"victory":false,"max_hp_per_floor":[80,80,80,80,80,80,80,80,80,80,80,80,80,80,80,80,80,80,80,81,81,82,82,82,83,83,84,85,86,87],"card_choices":[{"not_picked":["Iron Wave","Anger","Havoc"],"picked":"SKIP","floor":1},{"not_picked":["Heavy Blade","Clash"],"picked":"Shockwave","floor":4},{"not_picked":["Clash","Pommel Strike"],"picked":"Armaments","floor":5},{"not_picked":["Clash","Heavy Blade"],"picked":"Headbutt","floor":11},{"not_picked":["Sentinel","Rupture","Wild Strike"],"picked":"SKIP","floor":13},{"not_picked":["Body Slam","Fire Breathing","Sword Boomerang"],"picked":"SKIP","floor":14},{"not_picked":["Iron Wave+1","Clash"],"picked":"Armaments","floor":18},{"not_picked":["Rampage","Body Slam","Flex"],"picked":"SKIP","floor":20},{"not_picked":["Uppercut","Sword Boomerang","Anger"],"picked":"SKIP","floor":22},{"not_picked":["Armaments","Searing Blow+1"],"picked":"Burning Pact","floor":25},{"not_picked":["Sever Soul+1","Thunderclap","Sword Boomerang"],"picked":"SKIP","floor":27},{"not_picked":["Perfected Strike","Clothesline"],"picked":"Ghostly Armor","floor":28},{"not_picked":["Ghostly Armor","True Grit"],"picked":"Corruption+1","floor":29}],"player_experience":827731,"relics_obtained":[{"floor":9,"key":"Smiling Mask"},{"floor":13,"key":"Du-Vu Doll"},{"floor":26,"key":"Magic Flower"},{"floor":27,"key":"Omamori"}],"event_choices":[{"event_name":"Accursed Blacksmith","player_choice":"Rummage","floor":2,"damage_taken":0},{"event_name":"Transmorgrifier","player_choice":"Transform","floor":3,"damage_taken":0},{"event_name":"FaceTrader","player_choice":"Trade","floor":19,"damage_taken":0},{"event_name":"Back to Basics","player_choice":"Simplicity","floor":21,"damage_taken":0},{"event_name":"Colosseum","player_choice":"Fight","floor":30,"damage_taken":0},{"event_name":"Colosseum","player_choice":"Fought Nobs","floor":30,"damage_taken":0}],"is_beta":true,"boss_relics":[{"not_picked":["Mark of Pain","Astrolabe"],"picked":"Cursed Key"}],"items_purged_floors":[7,24],"is_endless":false,"potions_floor_spawned":[4,5,18,22],"killed_by":"Colosseum Nobs","ascension_level":12}