{"gold_per_floor":[119,119,134,134,145,145,170,170,225,225,240,253,233,233],"floor_reached":14,"playtime":595,"items_purged":[],"score":175,"play_id":"71afb7f1-a89c-4784-be10-a2fd55f93db5","local_time":"20181014002604","is_ascension_mode":true,"campfire_choices":[{"floor":6,"key":"REST"},{"data":"Sunder","floor":8,"key":"SMITH"},{"data":"Zap","floor":10,"key":"SMITH"}],"neow_cost":"NONE","seed_source_timestamp":88895524207191,"circlet_count":0,"master_deck":["Strike_B","Strike_B","Strike_B","Strike_B","Defend_B","Defend_B","Defend_B","Defend_B","Zap+1","Dualcast","AscendersBane","Capacitor","Reinforced Body","Sunder+1","Barrage","Glacier","Ball Lightning","Defragment","Capacitor"],"relics":["Cracked Core","WingedGreaves","Torii","Blue Candle","DataDisk"],"potions_floor_usage":[12,13,14],"damage_taken":[{"damage":4,"enemies":"Small Slimes","floor":1,"turns":3},{"damage":0,"enemies":"2 Louse","floor":3,"turns":2},{"damage":2,"enemies":"Jaw Worm","floor":5,"turns":4},{"damage":30,"enemies":"Lagavulin","floor":7,"turns":8},{"damage":6,"enemies":"Gremlin Gang","floor":11,"turns":5},{"damage":0,"enemies":"Lots of Slimes","floor":12,"turns":3},{"damage":7,"enemies":"Exordium Thugs","floor":13,"turns":4},{"damage":1,"enemies":"2 Fungi Beasts","floor":14,"turns":2}],"seed_played":"-6205410591754450562","potions_obtained":[{"floor":1,"key":"Ancient Potion"},{"floor":11,"key":"AttackPotion"},{"floor":12,"key":"Dexterity Potion"}],"is_trial":false,"path_per_floor":["M","?","M","T","M","R","E","R","T","R","M","M","M"],"character_chosen":"DEFECT","items_purchased":[],"campfire_rested":1,"item_purchase_floors":[],"current_hp_per_floor":[60,25,25,25,23,44,14,14,14,14,8,8,1,0],"gold":233,"neow_bonus":"THREE_CARDS","is_prod":false,"is_daily":false,"chose_seed":false,"campfire_upgraded":2,"win_rate":0,"timestamp":1539501964,"path_taken":["M","?","M","?","?","R","E","R","T","R","M","M","M","M"],"build_version":"2018-10-11","purchased_purges":0,"victory":false,"max_hp_per_floor":[71,71,71,71,71,71,71,71,71,71,71,71,71,71],"card_choices":[{"not_picked":["Fusion","Scrape"],"picked":"Capacitor","floor":0},{"not_picked":["Streamline","Compile Driver"],"picked":"Reinforced Body","floor":1},{"not_picked":["Capacitor","Redo"],"picked":"Sunder","floor":3},{"not_picked":["Beam Cell","Undo"],"picked":"Barrage","floor":5},{"not_picked":["Go for the Eyes","Storm"],"picked":"Glacier","floor":7},{"not_picked":["Aggregate","Turbo"],"picked":"Ball Lightning","floor":11},{"not_picked":["Gash","Redo"],"picked":"Defragment","floor":12},{"not_picked":["Leap","Storm"],"picked":"Capacitor","floor":13}],"player_experience":531070,"relics_obtained":[{"floor":4,"key":"Torii"},{"floor":7,"key":"Blue Candle"},{"floor":9,"key":"DataDisk"}],"event_choices":[{"event_name":"Scrap Ooze","player_choice":"success","floor":2,"damage_taken":35}],"is_beta":true,"boss_relics":[],"items_purged_floors":[],"is_endless":false,"potions_floor_spawned":[1,11,12],"killed_by":"2 Fungi Beasts","ascension_level":18}