{"gold_per_floor":[110,39,56,70,70,70,87,106,106,106,116,130,130,150,150,248,248,260,207,224,242,25,25,41,140,186,202,202,202,222,240,240,342,342,354,372,391,391,404,404,504,504,577,577,423,433,57,73,73,73],"floor_reached":51,"playtime":4874,"items_purged":["Rage","Pommel Strike"],"score":622,"play_id":"3bc54035-1f0d-4e07-803f-26caaa8f12ce","local_time":"20190709204405","daily_mods":["SealedDeck"],"is_ascension_mode":false,"campfire_choices":[{"data":"Armaments","floor":6,"key":"SMITH"},{"data":"Inflame","floor":10,"key":"SMITH"},{"data":"Inflame","floor":13,"key":"SMITH"},{"data":"Inflame","floor":15,"key":"SMITH"},{"data":"Berserk","floor":23,"key":"SMITH"},{"data":"True Grit","floor":29,"key":"SMITH"},{"data":"Whirlwind","floor":32,"key":"SMITH"},{"floor":40,"key":"REST"},{"data":"Barricade","floor":44,"key":"SMITH"},{"data":"Inflame","floor":49,"key":"SMITH"}],"neow_cost":"","seed_source_timestamp":3566773674900,"circlet_count":0,"master_deck":["Pommel Strike","Armaments+1","Heavy Blade","Spot Weakness","Battle Trance","Whirlwind+1","Flame Barrier","Flame Barrier","Inflame+1","Inflame+1","Pommel Strike","Clothesline","Inflame+1","Body Slam","Berserk+1","Inflame+1","Shrug It Off","True Grit+1","Shrug It Off","Barricade+1","Intimidate","Whirlwind","Inflame+1","Whirlwind+1","Evolve","Body Slam+1"],"relics":["Burning Blood","Mummified Hand","Runic Cube","Chemical X","Bronze Scales","Sozu","Ginger","Dodecahedron","Lee\u0027s Waffle"],"potions_floor_usage":[16,21,21,27,31,37,50],"damage_taken":[{"damage":7,"enemies":"Small Slimes","floor":1,"turns":3},{"damage":1,"enemies":"2 Louse","floor":3,"turns":2},{"damage":3,"enemies":"Cultist","floor":4,"turns":3},{"damage":7,"enemies":"Exordium Thugs","floor":7,"turns":4},{"damage":0,"enemies":"Lots of Slimes","floor":8,"turns":1},{"damage":0,"enemies":"Exordium Wildlife","floor":11,"turns":3},{"damage":0,"enemies":"Large Slime","floor":12,"turns":5},{"damage":8,"enemies":"Red Slaver","floor":14,"turns":2},{"damage":26,"enemies":"Slime Boss","floor":16,"turns":5},{"damage":3,"enemies":"Shell Parasite","floor":18,"turns":4},{"damage":5,"enemies":"Spheric Guardian","floor":20,"turns":4},{"damage":12,"enemies":"Snake Plant","floor":21,"turns":3},{"damage":0,"enemies":"Snecko","floor":24,"turns":2},{"damage":0,"enemies":"Sentry and Sphere","floor":27,"turns":2},{"damage":0,"enemies":"Snake Plant","floor":30,"turns":3},{"damage":1,"enemies":"Chosen and Byrds","floor":31,"turns":3},{"damage":22,"enemies":"Automaton","floor":33,"turns":5},{"damage":8,"enemies":"3 Shapes","floor":35,"turns":3},{"damage":0,"enemies":"Orb Walker","floor":36,"turns":1},{"damage":32,"enemies":"Writhing Mass","floor":37,"turns":3},{"damage":12,"enemies":"4 Shapes","floor":39,"turns":5},{"damage":0,"enemies":"Mind Bloom Boss Battle","floor":41,"turns":5},{"damage":0,"enemies":"Jaw Worm Horde","floor":46,"turns":2},{"damage":0,"enemies":"3 Darklings","floor":48,"turns":1},{"damage":49,"enemies":"Time Eater","floor":50,"turns":5}],"seed_played":"-1119276164224981606","potions_obtained":[{"floor":1,"key":"FearPotion"},{"floor":8,"key":"EssenceOfSteel"},{"floor":14,"key":"LiquidBronze"},{"floor":21,"key":"Energy Potion"},{"floor":27,"key":"SkillPotion"},{"floor":30,"key":"LiquidBronze"},{"floor":31,"key":"SpeedPotion"},{"floor":33,"key":"LiquidBronze"}],"is_trial":true,"path_per_floor":["M","$","M","M","?","R","M","M","T","R","M","M","R","M","R","B",null,"M","$","M","M","$","R","M","?","T","M","?","R","M","M","R","B",null,"M","M","M","?","M","R","?","?","T","R","$","M","$","M","R","B",null],"character_chosen":"IRONCLAD","items_purchased":["Inflame","Shrug It Off","Chemical X","True Grit","Inflame","Lee\u0027s Waffle","Evolve"],"campfire_rested":1,"item_purchase_floors":[2,19,22,22,45,47,47],"current_hp_per_floor":[79,79,80,80,85,85,84,85,85,85,85,85,85,83,83,63,85,85,85,85,79,79,79,85,85,85,85,85,85,85,85,85,69,85,83,85,59,59,53,78,84,81,81,81,81,81,88,88,88,45],"gold":73,"neow_bonus":"","is_prod":false,"is_daily":false,"chose_seed":false,"campfire_upgraded":9,"win_rate":0,"timestamp":1562701445,"path_taken":["M","$","M","M","?","R","M","M","T","R","M","M","R","M","R","BOSS","M","$","M","M","$","R","M","?","T","M","?","R","?","M","R","BOSS","M","M","M","?","?","R","?","?","T","R","$","M","$","M","R","BOSS"],"build_version":"2019-07-05","purchased_purges":2,"victory":true,"max_hp_per_floor":[80,80,80,80,85,85,85,85,85,85,85,85,85,85,85,85,85,85,85,85,85,85,85,85,85,85,85,85,85,85,85,85,85,85,85,85,85,85,85,85,85,81,81,81,81,81,88,88,88,88],"card_choices":[{"not_picked":["Havoc","Infernal Blade"],"picked":"Flame Barrier","floor":1},{"not_picked":["Pommel Strike","Iron Wave"],"picked":"Inflame","floor":3},{"not_picked":["Combust","Twin Strike","Hemokinesis"],"picked":"SKIP","floor":4},{"not_picked":["Flex","Infernal Blade","Havoc"],"picked":"SKIP","floor":7},{"not_picked":["Sword Boomerang","Armaments"],"picked":"Pommel Strike","floor":8},{"not_picked":["Flex","Wild Strike"],"picked":"Clothesline","floor":11},{"not_picked":["Double Tap","Sword Boomerang"],"picked":"Inflame","floor":12},{"not_picked":["Havoc","Twin Strike"],"picked":"Body Slam","floor":14},{"not_picked":["Demon Form","Bludgeon"],"picked":"Berserk","floor":16},{"not_picked":["Twin Strike","Perfected Strike"],"picked":"Inflame+1","floor":18},{"not_picked":["Combust","Warcry","Perfected Strike"],"picked":"SKIP","floor":20},{"not_picked":["Twin Strike+1","Sword Boomerang+1","Reckless Charge"],"picked":"SKIP","floor":21},{"not_picked":["Headbutt","Warcry+1","Cleave"],"picked":"SKIP","floor":24},{"not_picked":["Body Slam","Power Through"],"picked":"Shrug It Off","floor":27},{"not_picked":["Immolate","Twin Strike","Sever Soul"],"picked":"SKIP","floor":30},{"not_picked":["Sword Boomerang+1","Flex","Clothesline"],"picked":"SKIP","floor":31},{"not_picked":["Brutality","Feed"],"picked":"Barricade","floor":33},{"not_picked":["Wild Strike","Hemokinesis+1","Spot Weakness"],"picked":"SKIP","floor":35},{"not_picked":["Headbutt","Combust+1","Reckless Charge"],"picked":"SKIP","floor":36},{"not_picked":["Twin Strike+1","Armaments"],"picked":"Intimidate","floor":37},{"not_picked":["Sword Boomerang","Pommel Strike","Armaments+1"],"picked":"SKIP","floor":39},{"not_picked":["Twin Strike+1","Anger"],"picked":"Whirlwind","floor":41},{"not_picked":["Dropkick+1","Sentinel"],"picked":"Whirlwind+1","floor":46},{"not_picked":["Twin Strike","Infernal Blade+1"],"picked":"Body Slam+1","floor":48}],"player_experience":63019,"relics_obtained":[{"floor":9,"key":"Mummified Hand"},{"floor":26,"key":"Bronze Scales"},{"floor":41,"key":"Ginger"},{"floor":43,"key":"Dodecahedron"}],"event_choices":[{"damage_healed":0,"gold_gain":0,"player_choice":"Donut","damage_taken":0,"max_hp_gain":5,"max_hp_loss":0,"event_name":"Big Fish","floor":5,"gold_loss":0},{"damage_healed":0,"gold_gain":99,"player_choice":"Stole From Cult","damage_taken":0,"max_hp_gain":0,"max_hp_loss":0,"event_name":"Nest","floor":25,"gold_loss":0},{"cards_removed":["Sentinel"],"damage_healed":0,"gold_gain":0,"player_choice":"Offered Uncommon","damage_taken":0,"max_hp_gain":0,"max_hp_loss":0,"event_name":"Bonfire Elementals","floor":28,"gold_loss":0},{"damage_healed":0,"gold_gain":0,"player_choice":"Ignored","damage_taken":0,"max_hp_gain":0,"max_hp_loss":0,"event_name":"NoteForYourself","floor":38,"gold_loss":0},{"damage_healed":0,"gold_gain":0,"player_choice":"Fight","damage_taken":0,"max_hp_gain":0,"max_hp_loss":0,"event_name":"MindBloom","floor":41,"gold_loss":0},{"damage_healed":0,"gold_gain":0,"player_choice":"Max HP","damage_taken":0,"max_hp_gain":0,"max_hp_loss":4,"event_name":"Winding Halls","floor":42,"gold_loss":0}],"is_beta":false,"boss_relics":[{"not_picked":["Runic Dome","Runic Pyramid"],"picked":"Runic Cube"},{"not_picked":["Orrery","Empty Cage"],"picked":"Sozu"}],"items_purged_floors":[45,47],"is_endless":false,"potions_floor_spawned":[1,8,14,21,27,30,31,33,37,39,48],"ascension_level":0}