{"gold_per_floor":[117,137,147,164,176,176,203,203,203,203,203,262,262,18,18,92,92,111,161,179,198,198,198,198],"floor_reached":24,"playtime":2332,"items_purged":["Strike_B"],"score":392,"play_id":"f4ae88b1-dc78-4d47-8ef9-2d4feb1e86aa","local_time":"20190927135602","is_ascension_mode":true,"campfire_choices":[{"floor":6.0,"key":"REST"},{"floor":8.0,"key":"REST"},{"data":"Creative AI","floor":10.0,"key":"SMITH"},{"data":"Auto Shields","floor":13.0,"key":"SMITH"},{"data":"Zap","floor":15.0,"key":"SMITH"},{"floor":23,"key":"REST"}],"neow_cost":"NONE","seed_source_timestamp":1611347514872713,"circlet_count":0,"master_deck":["AscendersBane","Strike_B","Strike_B","Strike_B","Defend_B","Defend_B","Defend_B","Defend_B","Zap+1","Dualcast","Creative AI+1","Auto Shields+1","Gash","Heatsinks","Gash","Gash","Steam","Steam","Machine Learning","FTL+1","Beam Cell","Self Repair","Coolheaded+1","Capacitor","Go for the Eyes"],"special_seed":0,"relics":["FrozenCore","Ornamental Fan","Prayer Wheel","Kunai","Bronze Scales"],"potions_floor_usage":[],"damage_taken":[{"damage":4.0,"enemies":"Small Slimes","floor":1.0,"turns":3.0},{"damage":8.0,"enemies":"Jaw Worm","floor":2.0,"turns":4.0},{"damage":5.0,"enemies":"2 Louse","floor":3.0,"turns":3.0},{"damage":16.0,"enemies":"Exordium Thugs","floor":4.0,"turns":6.0},{"damage":10.0,"enemies":"3 Louse","floor":5.0,"turns":3.0},{"damage":32.0,"enemies":"Gremlin Nob","floor":7.0,"turns":4.0},{"damage":31.0,"enemies":"3 Sentries","floor":12.0,"turns":8.0},{"damage":5.0,"enemies":"Hexaghost","floor":16.0,"turns":9.0},{"damage":0.0,"enemies":"Chosen","floor":18.0,"turns":7.0},{"damage":4.0,"enemies":"Spheric Guardian","floor":20.0,"turns":5.0},{"damage":18,"enemies":"Chosen and Byrds","floor":21,"turns":7},{"damage":45,"enemies":"Gremlin Leader","floor":24,"turns":2}],"seed_played":"7448063358269980738","potions_obtained":[{"floor":1.0,"key":"Weak Potion"},{"floor":5.0,"key":"PowerPotion"},{"floor":12.0,"key":"Fire Potion"},{"floor":16.0,"key":"SteroidPotion"}],"is_trial":false,"path_per_floor":["M","M","M","M","M","R","E","R","T","R","?","?","R","$","R","B",null,"M","?","M","M","?","R","E"],"character_chosen":"DEFECT","items_purchased":["Bronze Scales"],"campfire_rested":3,"item_purchase_floors":[14],"current_hp_per_floor":[60,52,47,31,21,42,10,31,31,31,54,23,23,23,23,18,58,58,58,54,43,23,45,0],"gold":198,"neow_bonus":"ONE_RANDOM_RARE_CARD","is_prod":false,"is_daily":false,"chose_seed":false,"campfire_upgraded":3,"win_rate":0,"timestamp":1569606962,"path_taken":["M","M","M","M","M","R","E","R","T","R","?","?","R","?","R","BOSS","M","?","M","M","?","R","E"],"build_version":"2019-07-17","purchased_purges":1,"victory":false,"max_hp_per_floor":[71,71,71,71,71,71,71,71,71,71,71,71,71,71,71,71,71,71,71,71,71,76,76,76],"card_choices":[{"not_picked":["Steam","Barrage"],"picked":"Auto Shields","floor":1.0},{"not_picked":["Blizzard","Rebound"],"picked":"Gash","floor":2.0},{"not_picked":["Steam","Leap"],"picked":"Heatsinks","floor":3.0},{"not_picked":["Rip and Tear","Coolheaded"],"picked":"Gash","floor":4.0},{"not_picked":["Loop","Barrage"],"picked":"Gash","floor":5.0},{"not_picked":["Undo","Sunder"],"picked":"Steam","floor":7.0},{"not_picked":["Sweeping Beam","Streamline"],"picked":"Steam","floor":12.0},{"not_picked":["Amplify","Rainbow"],"picked":"Machine Learning","floor":16.0},{"not_picked":["Stack","Sweeping Beam"],"picked":"FTL+1","floor":18.0},{"not_picked":["Compile Driver","Sweeping Beam"],"picked":"Beam Cell","floor":18.0},{"not_picked":["Blizzard","White Noise"],"picked":"Self Repair","floor":20.0},{"not_picked":["Conserve Battery","Barrage"],"picked":"Coolheaded+1","floor":20.0},{"not_picked":["Leap","Undo"],"picked":"Capacitor","floor":21},{"not_picked":["Coolheaded","Rebound"],"picked":"Go for the Eyes","floor":21}],"player_experience":473140,"relics_obtained":[{"floor":7.0,"key":"Ornamental Fan"},{"floor":9.0,"key":"Prayer Wheel"},{"floor":12.0,"key":"Kunai"}],"event_choices":[{"damage_healed":23.0,"max_hp_gain":0.0,"max_hp_loss":0.0,"gold_gain":0.0,"event_name":"Big Fish","player_choice":"Banana","floor":11.0,"gold_loss":0.0,"damage_taken":0.0},{"damage_healed":0.0,"max_hp_gain":0.0,"max_hp_loss":0.0,"gold_gain":0.0,"event_name":"Dead Adventurer","player_choice":"Searched \u00272\u0027 times","floor":12.0,"gold_loss":0.0,"damage_taken":0.0},{"damage_healed":0.0,"max_hp_gain":0.0,"max_hp_loss":0.0,"gold_gain":50.0,"event_name":"Golden Shrine","player_choice":"Pray","floor":19.0,"gold_loss":0.0,"damage_taken":0.0},{"damage_healed":0,"gold_gain":0,"player_choice":"Shed Blood","damage_taken":25,"max_hp_gain":5,"max_hp_loss":0,"event_name":"Forgotten Altar","floor":22,"gold_loss":0}],"is_beta":false,"boss_relics":[{"not_picked":["Empty Cage","Cursed Key"],"picked":"FrozenCore"}],"items_purged_floors":[14],"is_endless":false,"potions_floor_spawned":[1,5,12,16],"killed_by":"Gremlin Leader","ascension_level":20}