{"gold_per_floor":[10,30,44,44,44,44,73,89,119,119],"floor_reached":10,"playtime":196,"items_purged":[],"score":75,"play_id":"b8c5a4dd-7d1f-401c-b065-47e6049b1372","local_time":"20190913172214","is_ascension_mode":true,"campfire_choices":[{"data":"ReachHeaven","floor":6,"key":"SMITH"}],"neow_cost":"NO_GOLD","seed_source_timestamp":8199012688299,"circlet_count":0,"master_deck":["Strike_P","Strike_P","Strike_P","Strike_P","Defend_P+1","Defend_P","Defend_P","Defend_P+1","Eruption","Vigilance","Dark Shackles","Trip","CrushJoints","BowlingBash","ReachHeaven+1","Worship"],"relics":["PureWater","Juzu Bracelet","Letter Opener","Tiny Chest"],"potions_floor_usage":[7],"damage_taken":[{"damage":0,"enemies":"Jaw Worm","floor":1,"turns":3},{"damage":0,"enemies":"Small Slimes","floor":2,"turns":2},{"damage":0,"enemies":"2 Louse","floor":3,"turns":2},{"damage":18,"enemies":"Lagavulin","floor":7,"turns":4},{"damage":8,"enemies":"Blue Slaver","floor":8,"turns":2},{"damage":19,"enemies":"Gremlin Nob","floor":10,"turns":3}],"seed_played":"-7990684023748375700","potions_obtained":[{"floor":2,"key":"DuplicationPotion"},{"floor":8,"key":"Block Potion"}],"is_trial":false,"path_per_floor":["M","M","M","?","?","R","E","M","T","E"],"character_chosen":"WATCHER","items_purchased":[],"campfire_rested":0,"item_purchase_floors":[],"current_hp_per_floor":[65,65,65,52,40,40,22,14,14,0],"gold":119,"neow_bonus":"RANDOM_COLORLESS_2","is_prod":false,"is_daily":false,"chose_seed":false,"campfire_upgraded":1,"win_rate":0,"timestamp":1568409734,"path_taken":["M","M","M","?","?","R","E","M","T","E"],"build_version":"2019-09-12","purchased_purges":0,"victory":false,"max_hp_per_floor":[65,65,65,65,65,65,65,65,65,65],"card_choices":[{"not_picked":["ThirdEye","Worship"],"picked":"CrushJoints","floor":1},{"not_picked":["Meditate","EmptyBody"],"picked":"BowlingBash","floor":2},{"not_picked":["Prostrate","EmptyBody"],"picked":"ReachHeaven","floor":3},{"not_picked":["Sanctity","ClearTheMind","DeceiveReality"],"picked":"SKIP","floor":7},{"not_picked":["CrushJoints","Crescendo"],"picked":"Worship","floor":8}],"player_experience":781880,"relics_obtained":[{"floor":7,"key":"Letter Opener"},{"floor":9,"key":"Tiny Chest"}],"event_choices":[{"damage_healed":0,"gold_gain":0,"player_choice":"Entered Light","damage_taken":13,"max_hp_gain":0,"max_hp_loss":0,"event_name":"Shining Light","floor":4,"gold_loss":0,"cards_upgraded":["Defend_P","Defend_P"]},{"damage_healed":0,"gold_gain":0,"player_choice":"Success","damage_taken":12,"relics_obtained":["Juzu Bracelet"],"max_hp_gain":0,"max_hp_loss":0,"event_name":"Scrap Ooze","floor":5,"gold_loss":0}],"is_beta":true,"boss_relics":[],"items_purged_floors":[],"is_endless":false,"potions_floor_spawned":[2,8],"killed_by":"Gremlin Nob","ascension_level":2}