{"gold_per_floor":[115,133,149,101,101,101,111,33,59,70,70,81,81,99,99,199,199,217,235,254,254,23,23,0,0,0,0,99,110,126,139,139,139],"floor_reached":33,"playtime":2377,"items_purged":[],"score":266,"play_id":"720e9eb7-2245-430c-85ef-0dd235288ae0","local_time":"20190705235635","is_ascension_mode":false,"campfire_choices":[{"data":"Armaments","floor":6,"key":"SMITH"},{"data":"True Grit","floor":13,"key":"SMITH"},{"data":"Entrench","floor":15,"key":"SMITH"},{"data":"Ghostly Armor","floor":23,"key":"SMITH"},{"data":"Flame Barrier","floor":25,"key":"SMITH"},{"data":"Carnage","floor":32,"key":"SMITH"}],"neow_cost":"NONE","seed_source_timestamp":17708674977200,"circlet_count":0,"master_deck":["Defend_R","Defend_R","Defend_R","Bash","Offering","Flame Barrier+1","Carnage+1","Pommel Strike","Armaments+1","Entrench+1","Impervious","True Grit+1","Shrug It Off","Battle Trance","Reaper","Body Slam","Carnage","Bite","Bite","Bite","Bite","Bite","Ghostly Armor+1","Shrug It Off+1","Whirlwind","Pommel Strike+1"],"relics":["Burning Blood","Bag of Preparation","Anchor","Eternal Feather","Centennial Puzzle","Gremlin Horn"],"potions_floor_usage":[10,10,16,20,33,33],"damage_taken":[{"damage":1,"enemies":"Cultist","floor":1,"turns":3},{"damage":1,"enemies":"2 Louse","floor":2,"turns":3},{"damage":2,"enemies":"Small Slimes","floor":3,"turns":4},{"damage":24,"enemies":"Exordium Wildlife","floor":7,"turns":6},{"damage":0,"enemies":"Exordium Thugs","floor":10,"turns":3},{"damage":10,"enemies":"Large Slime","floor":12,"turns":6},{"damage":5,"enemies":"Looter","floor":14,"turns":3},{"damage":46,"enemies":"The Guardian","floor":16,"turns":15},{"damage":21,"enemies":"Spheric Guardian","floor":18,"turns":8},{"damage":6,"enemies":"Shell Parasite","floor":19,"turns":9},{"damage":45,"enemies":"Chosen and Byrds","floor":20,"turns":15},{"damage":6,"enemies":"Snecko","floor":29,"turns":3},{"damage":6,"enemies":"Centurion and Healer","floor":30,"turns":7},{"damage":9,"enemies":"Snake Plant","floor":31,"turns":5},{"damage":94,"enemies":"Champ","floor":33,"turns":18}],"seed_played":"883819187143422619","potions_obtained":[{"floor":3,"key":"Poison Potion"},{"floor":7,"key":"Fire Potion"},{"floor":10,"key":"Weak Potion"},{"floor":16,"key":"Dexterity Potion"},{"floor":18,"key":"Strength Potion"},{"floor":19,"key":"SkillPotion"},{"floor":29,"key":"SneckoOil"}],"is_trial":false,"path_per_floor":["M","M","M","$","?","R","M","$","T","M","?","M","R","M","R","B",null,"M","M","M","?","$","R","?","R","T","?","?","M","M","M","R","B"],"character_chosen":"IRONCLAD","items_purchased":["Armaments","Impervious","Centennial Puzzle","Ghostly Armor"],"campfire_rested":0,"item_purchase_floors":[4,8,22,22],"current_hp_per_floor":[80,80,80,80,85,85,67,67,67,73,70,66,66,67,67,27,85,70,70,38,38,38,50,50,59,59,59,59,59,59,59,59,0],"gold":139,"neow_bonus":"ONE_RANDOM_RARE_CARD","is_prod":false,"is_daily":false,"chose_seed":false,"campfire_upgraded":6,"win_rate":0,"timestamp":1562367395,"path_taken":["M","M","M","?","?","R","M","$","T","M","?","M","R","?","R","BOSS","M","M","M","?","$","R","?","R","T","?","?","M","M","M","R","BOSS"],"build_version":"2019-07-05","purchased_purges":0,"victory":false,"max_hp_per_floor":[80,80,80,80,85,85,85,85,85,85,85,85,85,85,85,85,85,85,85,85,59,59,59,59,59,59,59,59,59,59,59,59,59],"card_choices":[{"not_picked":["Twin Strike","True Grit"],"picked":"Flame Barrier","floor":1},{"not_picked":["Twin Strike","Clash"],"picked":"Carnage","floor":2},{"not_picked":["Anger","Thunderclap"],"picked":"Pommel Strike","floor":3},{"not_picked":["Anger","Heavy Blade"],"picked":"Entrench","floor":7},{"not_picked":["Perfected Strike","Hemokinesis"],"picked":"True Grit","floor":10},{"not_picked":["Clothesline","Body Slam"],"picked":"Shrug It Off","floor":12},{"not_picked":["Thunderclap","Disarm"],"picked":"Battle Trance","floor":14},{"not_picked":["Berserk","Impervious"],"picked":"Reaper","floor":16},{"not_picked":["Twin Strike","True Grit"],"picked":"Body Slam","floor":18},{"not_picked":["Wild Strike","Warcry+1"],"picked":"Carnage","floor":19},{"not_picked":["Twin Strike","Perfected Strike","Wild Strike+1"],"picked":"SKIP","floor":20},{"not_picked":["Twin Strike","Iron Wave"],"picked":"Shrug It Off+1","floor":29},{"not_picked":["Feel No Pain","Armaments"],"picked":"Whirlwind","floor":30},{"not_picked":["Second Wind","Infernal Blade"],"picked":"Pommel Strike+1","floor":31}],"player_experience":35476,"relics_obtained":[{"floor":9,"key":"Bag of Preparation"},{"floor":26,"key":"Gremlin Horn"}],"event_choices":[{"damage_healed":0,"gold_gain":0,"player_choice":"Donut","damage_taken":0,"max_hp_gain":5,"max_hp_loss":0,"event_name":"Big Fish","floor":5,"gold_loss":0},{"damage_healed":0,"gold_gain":0,"player_choice":"Success","damage_taken":3,"relics_obtained":["Anchor"],"max_hp_gain":0,"max_hp_loss":0,"event_name":"Scrap Ooze","floor":11,"gold_loss":0},{"damage_healed":0,"gold_gain":0,"player_choice":"Became a vampire","damage_taken":0,"max_hp_gain":0,"max_hp_loss":26,"event_name":"Vampires","floor":21,"gold_loss":0,"cards_obtained":["Bite","Bite","Bite","Bite","Bite"]},{"damage_healed":0,"gold_gain":0,"player_choice":"Paid Fearfully","damage_taken":0,"max_hp_gain":0,"max_hp_loss":0,"event_name":"Masked Bandits","floor":24,"gold_loss":23},{"cards_removed":["Defend_R"],"damage_healed":0,"gold_gain":0,"player_choice":"Elegance","damage_taken":0,"max_hp_gain":0,"max_hp_loss":0,"event_name":"Back to Basics","floor":27,"gold_loss":0},{"damage_healed":0,"gold_gain":99,"player_choice":"Stole From Cult","damage_taken":0,"max_hp_gain":0,"max_hp_loss":0,"event_name":"Nest","floor":28,"gold_loss":0}],"is_beta":false,"boss_relics":[{"not_picked":["Orrery","Lizard Tail"],"picked":"Eternal Feather"}],"items_purged_floors":[],"is_endless":false,"potions_floor_spawned":[3,7,10,16,18,19,29],"killed_by":"Champ","ascension_level":0}