{"gold_per_floor":[119,119,138,138,17,49,64,64,145,180,180,191,191,156,156,253,253,266,278,278,2,19,19,34,34,34,34,34,34,47,62,62,165,165,177,188,207,225,239,239,292,292,315,9,28,28,43,54,54,54],"floor_reached":51,"playtime":3546,"items_purged":["Strike_S"],"score":661,"play_id":"ee8f967c-b256-457e-a8e1-01d090820325","local_time":"20190820224245","is_ascension_mode":false,"campfire_choices":[{"data":"Luminosity","floor":8,"key":"SMITH"},{"data":"Luminosity","floor":11,"key":"SMITH"},{"data":"Exchange","floor":13,"key":"SMITH"},{"data":"InstantArmor","floor":15,"key":"SMITH"},{"data":"SilverBlades","floor":23,"key":"SMITH"},{"data":"Starlight","floor":25,"key":"SMITH"},{"data":"1","floor":32,"key":"LIFT"},{"floor":40,"key":"REST"},{"data":"SilverBlades","floor":46,"key":"SMITH"},{"data":"2","floor":49,"key":"LIFT"}],"neow_cost":"NONE","seed_source_timestamp":14450052939700,"circlet_count":0,"master_deck":["Strike_S","Strike_S","Strike_S","Defend_S","Defend_S","Defend_S","Defend_S","KidneyShot","Exchange+1","FastForward","InstantArmor+1","Starlight+1","Gouge","Luminosity+1","Luminosity+1","Defy","Dilation","GearUp","KidneyShot","SilverBlades+1","SilverBlades+1","Ricochet+1","Starlight","Moonlight","MurderousAura","Ricochet+1","Sabotage","DualDimension+1","Starlight+1","Luminosity"],"relics":["SplendidAttire","NeowsBlessing","Pantograph","Peace Pipe","Calipers","Mercury Hourglass","Regal Pillow","DollysMirror","Girya","White Beast Statue","Torii","PreservedInsect","Incense Burner"],"potions_floor_usage":[35,35,37,37,38,39,41,47,47,50],"damage_taken":[{"damage":0,"enemies":"Cultist","floor":1,"turns":1},{"damage":0,"enemies":"Small Slimes","floor":3,"turns":1},{"damage":0,"enemies":"Gremlin Nob","floor":6,"turns":1},{"damage":0,"enemies":"Jaw Worm","floor":7,"turns":3},{"damage":5,"enemies":"Lagavulin","floor":10,"turns":6},{"damage":3,"enemies":"2 Fungi Beasts","floor":12,"turns":3},{"damage":31,"enemies":"Hexaghost","floor":16,"turns":15},{"damage":1,"enemies":"3 Byrds","floor":18,"turns":5},{"damage":0,"enemies":"Spheric Guardian","floor":19,"turns":4},{"damage":0,"enemies":"Centurion and Healer","floor":22,"turns":5},{"damage":3,"enemies":"Shelled Parasite and Fungi","floor":24,"turns":5},{"damage":0,"enemies":"3 Cultists","floor":30,"turns":4},{"damage":0,"enemies":"Cultist and Chosen","floor":31,"turns":4},{"damage":37,"enemies":"Collector","floor":33,"turns":11},{"damage":0,"enemies":"Orb Walker","floor":35,"turns":2},{"damage":0,"enemies":"3 Shapes","floor":36,"turns":2},{"damage":24,"enemies":"Jaw Worm Horde","floor":37,"turns":4},{"damage":13,"enemies":"3 Darklings","floor":38,"turns":6},{"damage":0,"enemies":"Spire Growth","floor":39,"turns":3},{"damage":16,"enemies":"2 Orb Walkers","floor":41,"turns":4},{"damage":0,"enemies":"Sphere and 2 Shapes","floor":45,"turns":3},{"damage":0,"enemies":"3 Darklings","floor":47,"turns":4},{"damage":0,"enemies":"Jaw Worm Horde","floor":48,"turns":4},{"damage":25,"enemies":"Time Eater","floor":50,"turns":13}],"seed_played":"-3030866997077733592","potions_obtained":[{"floor":1,"key":"Strength Potion"},{"floor":10,"key":"FairyPotion"},{"floor":12,"key":"LiquidBronze"},{"floor":35,"key":"Dexterity Potion"},{"floor":36,"key":"Energy Potion"},{"floor":37,"key":"Fruit Juice"},{"floor":38,"key":"Energy Potion"},{"floor":39,"key":"EssenceOfSteel"},{"floor":41,"key":"SneckoOil"},{"floor":45,"key":"SteroidPotion"},{"floor":47,"key":"SkillPotion"},{"floor":48,"key":"Swift Potion"}],"is_trial":false,"path_per_floor":["M","T","M","?","$","E","M","R","T","E","R","M","R","?","R","B",null,"M","M","?","$","M","R","M","R","T","$","?","$","M","M","R","B",null,"M","M","M","M","M","R","?","?","T","$","M","R","M","M","R","B",null],"character_chosen":"THE_SERVANT","items_purchased":["Starlight","SilverBlades","DollysMirror","Incense Burner"],"campfire_rested":1,"item_purchase_floors":[5,21,21,44],"current_hp_per_floor":[65,65,65,53,53,53,53,53,53,48,48,45,45,61,61,34,65,64,64,64,64,64,64,61,61,61,61,61,61,61,61,61,28,65,65,65,41,33,33,69,53,53,53,53,53,53,53,53,53,41],"gold":54,"neow_bonus":"THREE_ENEMY_KILL","is_prod":false,"is_daily":false,"chose_seed":false,"campfire_upgraded":7,"win_rate":0.0,"timestamp":1566337365,"path_taken":["M","?","M","?","$","E","M","R","T","E","R","M","R","?","R","BOSS","M","M","?","$","?","R","M","R","T","$","?","$","M","M","R","BOSS","M","M","M","M","M","R","?","?","T","$","M","R","M","M","R","BOSS"],"build_version":"2019-07-17","purchased_purges":1,"victory":true,"max_hp_per_floor":[65,65,65,65,65,65,65,65,65,65,65,65,65,65,65,65,65,65,65,65,65,65,65,65,65,65,65,65,65,65,65,65,65,65,65,65,65,70,70,70,70,66,66,66,66,66,66,66,66,66],"card_choices":[{"not_picked":["Revamp","Unruled"],"picked":"FastForward","floor":1},{"not_picked":["Shuttle","Potential"],"picked":"InstantArmor","floor":3},{"not_picked":["StarChef","Advance"],"picked":"Gouge","floor":6},{"not_picked":["Spin","Barrier"],"picked":"Luminosity","floor":7},{"not_picked":["ShatteredReality","Duplication"],"picked":"Luminosity","floor":10},{"not_picked":["DoubleEdge","Moonlight"],"picked":"Defy","floor":12},{"not_picked":["SoulSculpture","Sunlight"],"picked":"Dilation","floor":16},{"not_picked":["SpecialFormula+1","TimeWarp","Unruled"],"picked":"SKIP","floor":18},{"not_picked":["StarChef","WasteNot"],"picked":"GearUp","floor":19},{"not_picked":["Misdirection","Alleviate+1"],"picked":"Ricochet+1","floor":22},{"not_picked":["Defy+1","BestPractice"],"picked":"Starlight","floor":24},{"not_picked":["Rewind","Replace"],"picked":"Moonlight","floor":30},{"not_picked":["Unruled","Revamp","Rearm"],"picked":"SKIP","floor":31},{"not_picked":["Dilation","FloweringNight"],"picked":"MurderousAura","floor":33},{"not_picked":["Replace","RealityMarble+1"],"picked":"Ricochet+1","floor":35},{"not_picked":["Rearm","TimeWarp+1"],"picked":"Sabotage","floor":36},{"not_picked":["Replace","DoubleEdge","Rearm"],"picked":"SKIP","floor":37},{"not_picked":["Ricochet+1","Snipe+1"],"picked":"DualDimension+1","floor":38},{"not_picked":["Potential+1","Revamp+1","DoubleEdge"],"picked":"SKIP","floor":39},{"not_picked":["Comet+1","TimeWarp+1","Duplication"],"picked":"SKIP","floor":45},{"not_picked":["Potential+1","RealityMarble+1"],"picked":"Starlight+1","floor":47},{"not_picked":["Snipe+1","Starlight+1"],"picked":"Luminosity","floor":48}],"player_experience":154637,"relics_obtained":[{"floor":2,"key":"Pantograph"},{"floor":6,"key":"Calipers"},{"floor":9,"key":"Mercury Hourglass"},{"floor":10,"key":"Regal Pillow"},{"floor":26,"key":"Girya"},{"floor":41,"key":"Torii"},{"floor":43,"key":"PreservedInsect"}],"event_choices":[{"damage_healed":0,"gold_gain":0,"player_choice":"Success","damage_taken":12,"relics_obtained":["Peace Pipe"],"max_hp_gain":0,"max_hp_loss":0,"event_name":"Scrap Ooze","floor":4,"gold_loss":0},{"damage_healed":16,"gold_gain":0,"player_choice":"Healed","damage_taken":0,"max_hp_gain":0,"max_hp_loss":0,"event_name":"The Cleric","floor":14,"gold_loss":35},{"damage_healed":0,"gold_gain":0,"player_choice":"1 cards matched","damage_taken":0,"max_hp_gain":0,"max_hp_loss":0,"event_name":"Match and Keep!","floor":20,"gold_loss":0,"cards_obtained":["KidneyShot"]},{"damage_healed":0,"gold_gain":0,"player_choice":"Fight","damage_taken":0,"max_hp_gain":0,"max_hp_loss":0,"event_name":"Mysterious Sphere","floor":41,"gold_loss":0},{"damage_healed":0,"gold_gain":0,"player_choice":"Max HP","damage_taken":0,"max_hp_gain":0,"max_hp_loss":4,"event_name":"Winding Halls","floor":42,"gold_loss":0}],"is_beta":false,"boss_relics":[{"not_picked":["Empty Cage","Philosopher\u0027s Stone"],"picked":"SplendidAttire"},{"not_picked":["Runic Dome","Coffee Dripper"],"picked":"White Beast Statue"}],"items_purged_floors":[5],"is_endless":false,"potions_floor_spawned":[1,10,12,19,22,24,30,35,36,37,38,39,41,45,47,48],"ascension_level":0}