{"gold_per_floor":[112,127,138,138,150,150,175,175,254,287,93,93,105,55,55,131,131,148,98,115,115,128,128,140,140,140,90,90,189,189,202,202,202],"floor_reached":33,"playtime":1029,"items_purged":["Strike_G","Strike_G","Strike_G","Defend_G"],"score":421,"play_id":"a3cdd881-9744-43ea-b4de-d9c24e69e2c3","local_time":"20190918032519","is_ascension_mode":true,"campfire_choices":[{"data":"Deadly Poison","floor":6.0,"key":"SMITH"},{"data":"1","floor":8.0,"key":"LIFT"},{"data":"2","floor":12.0,"key":"LIFT"},{"floor":15.0,"key":"REST"},{"floor":23.0,"key":"REST"},{"floor":25.0,"key":"REST"},{"floor":32,"key":"REST"}],"neow_cost":"TEN_PERCENT_HP_LOSS","seed_source_timestamp":338539075369986,"circlet_count":0,"master_deck":["AscendersBane","Defend_G","Defend_G","Defend_G","Defend_G","Survivor","Neutralize","Malaise","Poisoned Stab+1","Acrobatics","Deadly Poison+1","Dodge and Roll","Poisoned Stab","Accuracy","Glass Knife","Blade Dance","Dodge and Roll+1","Leg Sweep","Masterful Stab+1"],"special_seed":0,"relics":["Ring of the Snake","Girya","White Beast Statue","Smiling Mask","Snake Skull","Empty Cage","Prayer Wheel","MutagenicStrength"],"potions_floor_usage":[33],"damage_taken":[{"damage":0.0,"enemies":"2 Louse","floor":1.0,"turns":4.0},{"damage":1.0,"enemies":"Cultist","floor":2.0,"turns":4.0},{"damage":3.0,"enemies":"Small Slimes","floor":3.0,"turns":4.0},{"damage":6.0,"enemies":"2 Fungi Beasts","floor":5.0,"turns":4.0},{"damage":21.0,"enemies":"Gremlin Nob","floor":7.0,"turns":4.0},{"damage":16.0,"enemies":"Lagavulin","floor":10.0,"turns":7.0},{"damage":0.0,"enemies":"Large Slime","floor":13.0,"turns":4.0},{"damage":29.0,"enemies":"Slime Boss","floor":16.0,"turns":10.0},{"damage":4.0,"enemies":"Shell Parasite","floor":18.0,"turns":5.0},{"damage":11.0,"enemies":"Chosen","floor":20.0,"turns":6.0},{"damage":18.0,"enemies":"Sentry and Sphere","floor":22.0,"turns":8.0},{"damage":16.0,"enemies":"3 Cultists","floor":24.0,"turns":7.0},{"damage":1.0,"enemies":"Colosseum Slavers","floor":30.0,"turns":3.0},{"damage":17,"enemies":"Cultist and Chosen","floor":31,"turns":6},{"damage":33,"enemies":"Automaton","floor":33,"turns":4}],"seed_played":"-645540572680153312","potions_obtained":[{"floor":1.0,"key":"SteroidPotion"},{"floor":3.0,"key":"Block Potion"},{"floor":10.0,"key":"SneckoOil"},{"floor":13.0,"key":"DuplicationPotion"},{"floor":16.0,"key":"Dexterity Potion"},{"floor":18.0,"key":"Dexterity Potion"},{"floor":22.0,"key":"Weak Potion"},{"floor":24.0,"key":"AttackPotion"},{"floor":31,"key":"GamblersBrew"}],"is_trial":false,"path_per_floor":["M","M","M","?","M","R","E","R","T","E","$","R","M","$","R","B",null,"M","$","M","?","M","R","M","R","T","$","?","?","?","M","R","B"],"character_chosen":"THE_SILENT","items_purchased":["Snake Skull"],"campfire_rested":4,"item_purchase_floors":[11],"current_hp_per_floor":[63,62,59,59,53,53,32,32,32,16,16,16,16,16,34,5,49,45,45,34,23,5,25,9,29,29,29,29,29,28,11,31,0],"gold":202,"neow_bonus":"THREE_RARE_CARDS","is_prod":false,"is_daily":false,"chose_seed":false,"campfire_upgraded":1,"win_rate":0,"timestamp":1568802319,"path_taken":["M","M","M","?","M","R","E","R","T","E","$","R","M","?","R","BOSS","M","$","M","?","M","R","M","R","T","$","?","?","?","M","R","BOSS"],"build_version":"2019-09-17","purchased_purges":4,"victory":false,"max_hp_per_floor":[63,63,63,63,63,63,63,63,63,63,63,63,63,63,63,63,63,63,63,63,68,68,68,68,68,68,68,68,68,68,68,68,68],"card_choices":[{"not_picked":["Unload","A Thousand Cuts"],"picked":"Malaise","floor":0.0},{"not_picked":["Terror","Bane"],"picked":"Poisoned Stab","floor":1.0},{"not_picked":["Underhanded Strike","Tactician"],"picked":"Acrobatics","floor":2.0},{"not_picked":["PiercingWail","Escape Plan"],"picked":"Deadly Poison","floor":3.0},{"not_picked":["PiercingWail","Blade Dance"],"picked":"Dodge and Roll","floor":5.0},{"not_picked":["Backstab","Reflex"],"picked":"Poisoned Stab","floor":7.0},{"not_picked":["Noxious Fumes","Deadly Poison"],"picked":"Accuracy","floor":10.0},{"not_picked":["Acrobatics","Flechettes","Poisoned Stab"],"picked":"SKIP","floor":13.0},{"not_picked":["Grand Finale","Burst"],"picked":"Glass Knife","floor":16.0},{"not_picked":["Deadly Poison","Cloak And Dagger"],"picked":"Blade Dance","floor":18.0},{"not_picked":["Calculated Gamble","Poisoned Stab"],"picked":"Dodge and Roll+1","floor":20.0},{"not_picked":["Flying Knee","Outmaneuver","Blade Dance"],"picked":"SKIP","floor":22.0},{"not_picked":["Crippling Poison+1","Setup","Catalyst"],"picked":"SKIP","floor":24.0},{"not_picked":["PiercingWail+1","Underhanded Strike"],"picked":"Leg Sweep","floor":31},{"not_picked":["Heel Hook","Dagger Throw"],"picked":"Masterful Stab+1","floor":31}],"player_experience":662325,"relics_obtained":[{"floor":7.0,"key":"Girya"},{"floor":9.0,"key":"White Beast Statue"},{"floor":10.0,"key":"Smiling Mask"},{"floor":26.0,"key":"Prayer Wheel"}],"event_choices":[{"damage_healed":0.0,"max_hp_gain":0.0,"max_hp_loss":0.0,"gold_gain":0.0,"event_name":"Accursed Blacksmith","player_choice":"Forge","floor":4.0,"gold_loss":0.0,"damage_taken":0.0,"cards_upgraded":["Poisoned Stab"]},{"damage_healed":0.0,"max_hp_gain":5.0,"max_hp_loss":0.0,"gold_gain":0.0,"event_name":"Forgotten Altar","player_choice":"Shed Blood","floor":21.0,"gold_loss":0.0,"damage_taken":16.0},{"damage_healed":0.0,"max_hp_gain":0.0,"max_hp_loss":0.0,"gold_gain":0.0,"event_name":"Drug Dealer","player_choice":"Inject Mutagens","floor":28.0,"gold_loss":0.0,"damage_taken":0.0,"relics_obtained":["MutagenicStrength"]},{"damage_healed":0.0,"max_hp_gain":0.0,"max_hp_loss":0.0,"gold_gain":99.0,"event_name":"Nest","player_choice":"Stole From Cult","floor":29.0,"gold_loss":0.0,"damage_taken":0.0},{"damage_healed":0.0,"max_hp_gain":0.0,"max_hp_loss":0.0,"gold_gain":0.0,"event_name":"Colosseum","player_choice":"Fight","floor":30.0,"gold_loss":0.0,"damage_taken":0.0},{"damage_healed":0.0,"max_hp_gain":0.0,"max_hp_loss":0.0,"gold_gain":0.0,"event_name":"Colosseum","player_choice":"Fled From Nobs","floor":30.0,"gold_loss":0.0,"damage_taken":0.0}],"is_beta":true,"boss_relics":[{"not_picked":["Runic Pyramid","SlaversCollar"],"picked":"Empty Cage"}],"items_purged_floors":[11,14,19,27],"is_endless":false,"potions_floor_spawned":[1,3,10,13,16,18,20,22,24,30,31],"killed_by":"Automaton","ascension_level":13}