{"gold_per_floor":[109,184,200,200,217,217,227,35,110,125,157,72,107,120,120,194,194,205,205,215,233,60,60,75,107,107,141,153,53,67,96,96,173,173,184,184,196,213,34,34,34,47,47,47,47,58,58,69,69,69],"floor_reached":51,"playtime":2737,"items_purged":["Defend_B","Defend_B","Strike_B"],"score":1350,"play_id":"6a7a6aaf-099e-47ff-8ea5-bf3cb3d58148","local_time":"20181007181148","is_ascension_mode":true,"campfire_choices":[{"floor":6,"key":"REST"},{"floor":15,"key":"REST"},{"data":"Zap","floor":23,"key":"SMITH"},{"data":"Heatsinks","floor":32,"key":"SMITH"},{"floor":40,"key":"REST"},{"floor":44,"key":"REST"},{"floor":49,"key":"REST"}],"neow_cost":"PERCENT_DAMAGE","seed_source_timestamp":16147217967605,"circlet_count":0,"master_deck":["Strike_B","Strike_B","Defend_B","Zap+1","Dualcast","AscendersBane","Genetic Algorithm","Sunder","Heatsinks+1","Steam","Conserve Battery","Cold Snap","Static Discharge+1","Multi-Cast","Static Discharge+1","Self Repair+1","Coolheaded+1","Reboot+1","Steam Power+1","Ghostly+1","Ghostly+1","Ghostly+1","Ghostly+1","Ghostly+1","Force Field+1","Stack+1","Hologram+1","Echo Form+1","Stack+1","Defragment+1","Seek+1","Defragment+1","Barrage","Skim+1","Compile Driver+1","White Noise+1","Sweeping Beam+1","Force Field+1"],"relics":["Cracked Core","Gambling Chip","Frozen Egg 2","Boot","Toxic Egg 2","Cursed Key","DataDisk","Omamori","StoneCalendar","Regal Pillow","Gremlin Horn","Fusion Hammer","Prayer Wheel","Shuriken"],"potions_floor_usage":[10,16,18,25,30,42,46,50],"damage_taken":[{"damage":2,"enemies":"Jaw Worm","floor":1,"turns":3},{"damage":2,"enemies":"2 Louse","floor":3,"turns":4},{"damage":4,"enemies":"Small Slimes","floor":5,"turns":4},{"damage":0,"enemies":"2 Fungi Beasts","floor":7,"turns":3},{"damage":4,"enemies":"Gremlin Gang","floor":10,"turns":3},{"damage":21,"enemies":"Lagavulin","floor":11,"turns":7},{"damage":19,"enemies":"3 Sentries","floor":13,"turns":3},{"damage":2,"enemies":"Large Slime","floor":14,"turns":4},{"damage":19,"enemies":"Slime Boss","floor":16,"turns":8},{"damage":22,"enemies":"Chosen","floor":18,"turns":4},{"damage":4,"enemies":"3 Byrds","floor":20,"turns":4},{"damage":1,"enemies":"Snake Plant","floor":21,"turns":4},{"damage":3,"enemies":"Chosen and Byrds","floor":24,"turns":4},{"damage":4,"enemies":"Book of Stabbing","floor":25,"turns":2},{"damage":6,"enemies":"Gremlin Leader","floor":27,"turns":8},{"damage":4,"enemies":"Sentry and Sphere","floor":28,"turns":3},{"damage":10,"enemies":"3 Cultists","floor":30,"turns":6},{"damage":14,"enemies":"Book of Stabbing","floor":31,"turns":4},{"damage":7,"enemies":"Automaton","floor":33,"turns":8},{"damage":2,"enemies":"Orb Walker","floor":35,"turns":3},{"damage":3,"enemies":"3 Darklings","floor":37,"turns":5},{"damage":3,"enemies":"Maw","floor":38,"turns":5},{"damage":3,"enemies":"Mind Bloom Boss Battle","floor":41,"turns":6},{"damage":1,"enemies":"Transient","floor":42,"turns":6},{"damage":6,"enemies":"Spire Growth","floor":46,"turns":6},{"damage":6,"enemies":"Maw","floor":48,"turns":6},{"damage":28,"enemies":"Donu and Deca","floor":50,"turns":7}],"seed_played":"-8912057042088520644","potions_obtained":[{"floor":5,"key":"FearPotion"},{"floor":11,"key":"FearPotion"},{"floor":13,"key":"FocusPotion"},{"floor":16,"key":"FocusPotion"},{"floor":18,"key":"Fire Potion"},{"floor":31,"key":"Explosive Potion"},{"floor":35,"key":"FearPotion"},{"floor":38,"key":"Fire Potion"},{"floor":41,"key":"GamblersBrew"},{"floor":42,"key":"Ancient Potion"}],"is_trial":false,"path_per_floor":["M","?","M","?","M","R","M","$","T","M","E","$","E","M","R","B",null,"M","?","M","M","$","R","M","E","T","E","M","$","M","E","R","B",null,"M","?","M","M","$","R","?","M","T","R","T","M","$","M","R","B"],"character_chosen":"DEFECT","items_purchased":["Cold Snap","Fire Potion","Static Discharge+1","DataDisk","Barrage"],"campfire_rested":5,"item_purchase_floors":[8,8,12,22,39],"current_hp_per_floor":[44,33,31,31,27,48,48,48,48,44,23,23,4,12,33,24,59,47,35,35,35,35,35,35,31,31,35,35,35,35,31,31,34,35,35,35,35,35,35,35,35,35,35,35,35,35,35,35,35,17],"gold":69,"neow_bonus":"ONE_RARE_RELIC","is_prod":false,"is_daily":false,"chose_seed":false,"campfire_upgraded":2,"win_rate":0,"timestamp":1538961108,"path_taken":["M","?","M","?","M","R","M","?","T","M","E","$","E","M","R","BOSS","M","?","M","M","$","R","M","E","T","E","M","$","M","E","R","BOSS","M","?","M","?","$","R","?","M","T","R","?","M","$","M","R","BOSS"],"build_version":"2018-10-04","purchased_purges":3,"victory":true,"max_hp_per_floor":[71,71,71,71,71,71,71,71,71,71,71,71,71,71,71,71,71,71,35,35,35,35,35,35,35,35,35,35,35,35,35,35,35,35,35,35,35,35,35,35,35,35,35,35,35,35,35,35,35,35],"card_choices":[{"not_picked":["Compile Driver","Streamline"],"picked":"Genetic Algorithm","floor":1},{"not_picked":["Gash","Turbo"],"picked":"Sunder","floor":3},{"not_picked":["Consume","Heatsinks"],"picked":"Steam","floor":5},{"not_picked":["Compile Driver","Reprogram"],"picked":"Conserve Battery","floor":7},{"not_picked":["Recycle","Ball Lightning"],"picked":"Static Discharge+1","floor":10},{"not_picked":["Cold Snap","Recycle"],"picked":"Multi-Cast","floor":11},{"not_picked":["Glacier","Gash"],"picked":"Self Repair+1","floor":13},{"not_picked":["Capacitor+1","Redo+1"],"picked":"Coolheaded+1","floor":14},{"not_picked":["Biased Cognition+1","All For One"],"picked":"Reboot+1","floor":16},{"not_picked":["Go for the Eyes","Rebound"],"picked":"Steam Power+1","floor":18},{"not_picked":["Coolheaded+1","Streamline"],"picked":"Force Field+1","floor":20},{"not_picked":["Conserve Battery+1","Chaos+1"],"picked":"Stack+1","floor":21},{"not_picked":["Go for the Eyes","Scrape"],"picked":"Hologram+1","floor":24},{"not_picked":["Consume+1","Doom and Gloom"],"picked":"Echo Form+1","floor":25},{"not_picked":["Storm+1","Leap+1"],"picked":"Stack+1","floor":27},{"not_picked":["Ball Lightning","Consume+1","Redo+1"],"picked":"SKIP","floor":28},{"not_picked":["Conserve Battery+1","Sweeping Beam"],"picked":"Defragment+1","floor":30},{"not_picked":["Genetic Algorithm+1","Tempest+1","Cold Snap"],"picked":"SKIP","floor":31},{"not_picked":["All For One","Fission+1"],"picked":"Seek+1","floor":33},{"not_picked":["Barrage","Go for the Eyes+1","Lockon"],"picked":"SKIP","floor":35},{"not_picked":["Coolheaded+1","Compile Driver"],"picked":"Defragment+1","floor":37},{"not_picked":["Amplify+1","Gash","Beam Cell"],"picked":"SKIP","floor":38},{"not_picked":["Beam Cell+1","Hologram+1"],"picked":"Skim+1","floor":42},{"not_picked":["BootSequence+1","Turbo+1"],"picked":"Compile Driver+1","floor":42},{"not_picked":["Go for the Eyes","Leap+1"],"picked":"White Noise+1","floor":46},{"not_picked":["Go for the Eyes+1","Steam+1"],"picked":"Sweeping Beam+1","floor":46},{"not_picked":["Streamline","Reboot+1"],"picked":"Force Field+1","floor":48},{"not_picked":["Barrage","Conserve Battery+1","Coolheaded+1"],"picked":"SKIP","floor":48}],"player_experience":514344,"relics_obtained":[{"floor":9,"key":"Frozen Egg 2"},{"floor":11,"key":"Boot"},{"floor":13,"key":"Toxic Egg 2"},{"floor":25,"key":"Omamori"},{"floor":26,"key":"StoneCalendar"},{"floor":27,"key":"Regal Pillow"},{"floor":31,"key":"Gremlin Horn"},{"floor":41,"key":"Prayer Wheel"},{"floor":43,"key":"Shuriken"}],"event_choices":[{"event_name":"World of Goop","player_choice":"Gather Gold","floor":2,"damage_taken":0},{"event_name":"Transmorgrifier","player_choice":"Transform","floor":4,"damage_taken":0},{"event_name":"Ghosts","player_choice":"Became a Ghost","floor":19,"damage_taken":0},{"event_name":"Bonfire Elementals","player_choice":"BASIC","floor":36,"damage_taken":0},{"event_name":"MindBloom","player_choice":"Fight","floor":41,"damage_taken":0}],"is_beta":true,"boss_relics":[{"not_picked":["Nuclear Battery","Velvet Choker"],"picked":"Cursed Key"},{"not_picked":["Pandora\u0027s Box","Runic Dome"],"picked":"Fusion Hammer"}],"items_purged_floors":[8,29,39],"is_endless":false,"potions_floor_spawned":[5,11,13,16,18,20,31,35,38,41,42],"ascension_level":18}