{"gold_per_floor":[124,151,173,185,372,384,351,363,375,387,409,455,485,531,543,555],"floor_reached":16,"playtime":565,"items_purged":[],"score":201,"play_id":"c0bec823-fdb0-4275-9088-03b694b78625","local_time":"20180825194544","is_ascension_mode":true,"campfire_choices":[{"data":"True Grit","floor":6,"key":"SMITH"},{"data":"Bash","floor":8,"key":"SMITH"},{"floor":15,"key":"REST"}],"neow_cost":"NONE","seed_source_timestamp":188362564914096,"circlet_count":0,"master_deck":["Strike_R","Strike_R","Strike_R","Strike_R","Strike_R","Defend_R","Defend_R","Defend_R","Defend_R","Bash+1","AscendersBane","True Grit+1","Ghostly Armor","Power Through","Limit Break","Heavy Blade+1","Twin Strike+1","Whirlwind+1"],"relics":["Burning Blood","MawBank","Molten Egg 2","Mango","Mummified Hand"],"potions_floor_usage":[12,14,16,16],"damage_taken":[{"damage":0,"enemies":"2 Louse","floor":1,"turns":2},{"damage":8,"enemies":"Small Slimes","floor":2,"turns":4},{"damage":9,"enemies":"Jaw Worm","floor":3,"turns":6},{"damage":6,"enemies":"Looter","floor":7,"turns":5},{"damage":12,"enemies":"2 Fungi Beasts","floor":11,"turns":4},{"damage":39,"enemies":"Gremlin Nob","floor":12,"turns":6},{"damage":13,"enemies":"Large Slime","floor":13,"turns":9},{"damage":28,"enemies":"Lagavulin","floor":14,"turns":6},{"damage":48,"enemies":"Hexaghost","floor":16,"turns":13}],"seed_played":"-2788105271336920970","potions_obtained":[{"floor":11,"key":"GamblersBrew"},{"floor":12,"key":"Fire Potion"},{"floor":13,"key":"GamblersBrew"},{"floor":14,"key":"SkillPotion"}],"is_trial":false,"path_per_floor":["M","M","M","?","?","R","M","R","T","?","M","E","M","E","R"],"character_chosen":"IRONCLAD","items_purchased":[],"campfire_rested":1,"item_purchase_floors":[],"current_hp_per_floor":[78,76,73,78,78,78,78,78,78,71,65,46,39,17,46,0],"gold":555,"neow_bonus":"RANDOM_COMMON_RELIC","is_prod":false,"is_daily":false,"chose_seed":false,"campfire_upgraded":2,"win_rate":0,"timestamp":1535240744,"path_taken":["M","M","M","?","?","R","M","R","T","?","M","E","?","E","R","BOSS"],"build_version":"2018-08-23v2","purchased_purges":0,"victory":false,"max_hp_per_floor":[80,80,80,85,85,85,85,85,85,85,85,99,99,99,99,99],"card_choices":[{"not_picked":["Wild Strike","Clothesline"],"picked":"True Grit","floor":1},{"not_picked":["Second Wind","Clash"],"picked":"Ghostly Armor","floor":2},{"not_picked":["Hemokinesis","Shrug It Off"],"picked":"Power Through","floor":3},{"not_picked":["Iron Wave","True Grit","Clash"],"picked":"SKIP","floor":7},{"not_picked":["Dual Wield","Pummel+1"],"picked":"Limit Break","floor":11},{"not_picked":["Anger+1","Havoc"],"picked":"Heavy Blade+1","floor":12},{"not_picked":["Pommel Strike+1","Armaments"],"picked":"Twin Strike+1","floor":13},{"not_picked":["Anger+1","Clothesline+1"],"picked":"Whirlwind+1","floor":14}],"player_experience":824694,"relics_obtained":[{"floor":9,"key":"Molten Egg 2"},{"floor":12,"key":"Mango"},{"floor":14,"key":"Mummified Hand"}],"event_choices":[{"event_name":"Big Fish","player_choice":"Donut","floor":4,"damage_taken":0},{"event_name":"Liars Game","player_choice":"agreed","floor":5,"damage_taken":0},{"event_name":"Golden Wing","player_choice":"Card Removal","floor":10,"damage_taken":0}],"is_beta":true,"boss_relics":[],"items_purged_floors":[],"is_endless":false,"potions_floor_spawned":[11,12,13,14],"killed_by":"Hexaghost","ascension_level":12}