{"gold_per_floor":[111,111,111,125,75,75,88,105,158,158],"floor_reached":10,"playtime":233,"items_purged":[],"score":96,"play_id":"e848394b-91a3-4227-9b07-3a918812c994","local_time":"20190511204209","is_ascension_mode":true,"campfire_choices":[{"data":"Deadly Poison","floor":6,"key":"SMITH"}],"neow_cost":"PERCENT_DAMAGE","seed_source_timestamp":951691366064185,"circlet_count":0,"master_deck":["AscendersBane","Defend_G","Defend_G+1","Defend_G","Defend_G","Defend_G+1","Strike_G","Strike_G","Strike_G","Survivor","Neutralize","Well Laid Plans","Deadly Poison+1","Backflip","PiercingWail"],"relics":["Ring of the Snake","Vajra","War Paint","Potion Belt"],"potions_floor_usage":[10,10],"damage_taken":[{"damage":2,"enemies":"Jaw Worm","floor":1,"turns":7},{"damage":5,"enemies":"2 Louse","floor":4,"turns":3},{"damage":0,"enemies":"Small Slimes","floor":7,"turns":3},{"damage":4,"enemies":"3 Louse","floor":8,"turns":4},{"damage":27,"enemies":"Gremlin Nob","floor":10,"turns":4}],"seed_played":"-2889623974419068014","potions_obtained":[{"floor":1,"key":"EssenceOfSteel"},{"floor":4,"key":"Strength Potion"},{"floor":7,"key":"Block Potion"}],"is_trial":false,"path_per_floor":["M","?","?","M","?","R","M","M","T","E"],"character_chosen":"THE_SILENT","items_purchased":[],"campfire_rested":0,"item_purchase_floors":[],"current_hp_per_floor":[43,43,36,31,31,31,31,27,27,0],"gold":158,"neow_bonus":"REMOVE_TWO","is_prod":false,"is_daily":false,"chose_seed":false,"campfire_upgraded":1,"win_rate":0,"timestamp":1557628929,"path_taken":["M","?","?","M","?","R","M","M","T","E"],"build_version":"2019-01-23","purchased_purges":0,"victory":false,"max_hp_per_floor":[70,70,70,70,70,70,70,70,70,70],"card_choices":[{"not_picked":["Dagger Throw","Dodge and Roll"],"picked":"Well Laid Plans","floor":1},{"not_picked":["Dodge and Roll","Underhanded Strike"],"picked":"Deadly Poison","floor":4},{"not_picked":["Dash","Corpse Explosion"],"picked":"Backflip","floor":7},{"not_picked":["Backflip","Slice"],"picked":"PiercingWail","floor":8}],"player_experience":582349,"relics_obtained":[{"floor":9,"key":"Potion Belt"}],"event_choices":[{"damage_healed":0,"gold_gain":0,"player_choice":"Box","damage_taken":0,"relics_obtained":["Vajra"],"max_hp_gain":0,"max_hp_loss":0,"event_name":"Big Fish","floor":2,"gold_loss":0,"cards_obtained":["Regret"]},{"damage_healed":0,"gold_gain":0,"player_choice":"Success","damage_taken":7,"relics_obtained":["War Paint"],"max_hp_gain":0,"max_hp_loss":0,"event_name":"Scrap Ooze","floor":3,"gold_loss":0},{"cards_removed":["Regret"],"damage_healed":0,"gold_gain":0,"player_choice":"Card Removal","damage_taken":0,"max_hp_gain":0,"max_hp_loss":0,"event_name":"The Cleric","floor":5,"gold_loss":50}],"is_beta":false,"boss_relics":[],"items_purged_floors":[],"is_endless":false,"potions_floor_spawned":[1,4,7],"killed_by":"Gremlin Nob","ascension_level":13}