{"gold_per_floor":[114,132,147,164,339,367,377,404,430,442,98,116,116,134,134,235,235,246,161,1,1,1,1,32,8,81,116,116,141,141,161,161,257,257,276,286,119,131,151,151,171,171,171,185,185,197,228,129,129,129],"floor_reached":51,"playtime":2915,"items_purged":["Doubt","Strike_P","Strike_P"],"score":1196,"play_id":"0f492151-755e-4e82-9d2a-464a4e51a4aa","local_time":"20190917043403","is_ascension_mode":true,"campfire_choices":[{"data":"SashWhip","floor":10.0,"key":"SMITH"},{"data":"Sanctity","floor":13.0,"key":"SMITH"},{"data":"ThirdEye","floor":15.0,"key":"SMITH"},{"data":"DevaForm","floor":23.0,"key":"SMITH"},{"data":"CutThroughFate","floor":28.0,"key":"SMITH"},{"data":"CutThroughFate","floor":30.0,"key":"SMITH"},{"data":"Establishment","floor":32.0,"key":"SMITH"},{"floor":40,"key":"REST"},{"data":"SandsOfTime","floor":42,"key":"SMITH"},{"data":"SandsOfTime","floor":45,"key":"SMITH"},{"data":"Alpha","floor":49,"key":"SMITH"}],"neow_cost":"NONE","seed_source_timestamp":254417637959273,"circlet_count":0,"master_deck":["AscendersBane","Strike_P+1","Strike_P","Defend_P+1","Defend_P","Defend_P","Defend_P+1","Eruption","Vigilance+1","FollowUp","Perseverance+1","FearNoEvil+1","ThirdEye+1","CutThroughFate+1","Establishment+1","SashWhip+1","Protect","Sanctity+1","Weave","DevaForm+1","CutThroughFate+1","SandsOfTime+1","Ghostly","Ghostly","Ghostly+1","Ghostly","Ghostly","SandsOfTime+1","CarveReality+1","Wireheading+1","LessonLearned","Vault","Alpha+1","Devotion","Fasting+1"],"special_seed":0,"relics":["PureWater","War Paint","Vajra","MawBank","Membership Card","Bronze Scales","Tiny Chest","Philosopher\u0027s Stone","Toy Ornithopter","Bottled Lightning","Lantern","Singing Bowl","Regal Pillow","Art of War","SlaversCollar","Oddly Smooth Stone","Ornamental Fan","Ginger"],"potions_floor_usage":[38,41,50,50,50,50],"damage_taken":[{"damage":0.0,"enemies":"Cultist","floor":1.0,"turns":2.0},{"damage":0.0,"enemies":"Small Slimes","floor":2.0,"turns":2.0},{"damage":0.0,"enemies":"2 Louse","floor":3.0,"turns":2.0},{"damage":0.0,"enemies":"Large Slime","floor":4.0,"turns":5.0},{"damage":11.0,"enemies":"Lagavulin","floor":6.0,"turns":5.0},{"damage":1.0,"enemies":"Blue Slaver","floor":7.0,"turns":4.0},{"damage":29.0,"enemies":"3 Sentries","floor":8.0,"turns":10.0},{"damage":0.0,"enemies":"Exordium Thugs","floor":12.0,"turns":3.0},{"damage":4.0,"enemies":"Lots of Slimes","floor":14.0,"turns":3.0},{"damage":11.0,"enemies":"The Guardian","floor":16.0,"turns":15.0},{"damage":0.0,"enemies":"Chosen","floor":18.0,"turns":6.0},{"damage":0.0,"enemies":"Gremlin Leader","floor":24.0,"turns":6.0},{"damage":0.0,"enemies":"Slavers","floor":27.0,"turns":4.0},{"damage":1.0,"enemies":"Book of Stabbing","floor":29.0,"turns":5.0},{"damage":8.0,"enemies":"3 Byrds","floor":31.0,"turns":4.0},{"damage":2.0,"enemies":"Collector","floor":33.0,"turns":9.0},{"damage":2.0,"enemies":"3 Shapes","floor":35.0,"turns":8.0},{"damage":0.0,"enemies":"Orb Walker","floor":36.0,"turns":5.0},{"damage":10,"enemies":"Jaw Worm Horde","floor":38,"turns":4},{"damage":8,"enemies":"4 Shapes","floor":39,"turns":5},{"damage":9,"enemies":"Spire Growth","floor":41,"turns":4},{"damage":0,"enemies":"Jaw Worm Horde","floor":44,"turns":5},{"damage":3,"enemies":"3 Darklings","floor":46,"turns":6},{"damage":4,"enemies":"Giant Head","floor":47,"turns":9},{"damage":18,"enemies":"Donu and Deca","floor":50,"turns":8}],"seed_played":"-8463772894801253293","potions_obtained":[{"floor":2.0,"key":"FearPotion"},{"floor":3.0,"key":"PowerPotion"},{"floor":4.0,"key":"Fruit Juice"},{"floor":8.0,"key":"Ancient Potion"},{"floor":14.0,"key":"Explosive Potion"},{"floor":29.0,"key":"SpeedPotion"},{"floor":33.0,"key":"GamblersBrew"},{"floor":38,"key":"Ancient Potion"},{"floor":41,"key":"AttackPotion"},{"floor":44,"key":"EntropicBrew"}],"is_trial":false,"path_per_floor":["M","M","M","M","?","E","M","E","T","R","$","M","R","M","R","B",null,"M","?","$","?","?","R","E","$","T","E","R","E","R","M","R","B",null,"M","M","$","M","M","R","M","R","T","M","R","M","E","$","R","B",null],"character_chosen":"WATCHER","items_purchased":["Membership Card","Bronze Scales","Protect","Tiny Chest","PowerPotion","SandsOfTime","Bottled Lightning","Swift Potion","Oddly Smooth Stone","Vault","Fasting"],"campfire_rested":1,"item_purchase_floors":[11,11,11,11,11,20,20,25,37,37,48],"current_hp_per_floor":[59,59,59,64,64,53,52,23,23,23,23,23,23,19,19,8,55,55,55,55,35,35,35,35,35,35,37,37,36,36,28,28,26,34,34,36,36,33,25,43,41,41,41,43,43,42,38,38,38,40],"gold":129,"neow_bonus":"UPGRADE_CARD","is_prod":false,"is_daily":false,"chose_seed":false,"campfire_upgraded":10,"win_rate":0,"timestamp":1568720043,"path_taken":["M","M","M","?","?","E","M","E","T","R","$","M","R","M","R","BOSS","M","?","$","?","?","R","E","?","T","E","R","E","R","M","R","BOSS","M","M","$","M","M","R","M","R","T","M","R","M","E","$","R","BOSS"],"build_version":"2019-09-16v2","purchased_purges":3,"victory":true,"max_hp_per_floor":[65,65,65,70,70,70,70,70,70,70,70,70,70,70,70,70,70,70,70,70,35,35,35,35,35,35,37,37,37,37,37,37,37,37,39,41,41,43,43,43,45,45,45,47,47,49,49,49,49,49],"card_choices":[{"not_picked":["ThirdEye","Meditate"],"picked":"FollowUp","floor":1.0},{"not_picked":["Collect","Protect"],"picked":"Perseverance","floor":2.0},{"not_picked":["BowlingBash","EmptyFist"],"picked":"FearNoEvil","floor":3.0},{"not_picked":["Crescendo","EmptyBody"],"picked":"ThirdEye","floor":4.0},{"not_picked":["EmptyBody","StepAndStrike"],"picked":"CutThroughFate","floor":6.0},{"not_picked":["FlyingSleeves","CutThroughFate"],"picked":"Establishment","floor":7.0},{"not_picked":["ForeignInfluence","Wireheading"],"picked":"SashWhip","floor":8.0},{"not_picked":["ClearTheMind","Halt"],"picked":"Sanctity","floor":12.0},{"not_picked":["BowlingBash","StepAndStrike"],"picked":"Weave","floor":14.0},{"not_picked":["LessonLearned","Blasphemy"],"picked":"DevaForm","floor":16.0},{"not_picked":["FollowUp","Weave+1"],"picked":"CutThroughFate","floor":18.0},{"not_picked":["Halt","Consecrate"],"picked":"SandsOfTime","floor":24.0},{"not_picked":["CrushJoints","EmptyBody","WaveOfTheHand"],"picked":"Singing Bowl","floor":27.0},{"not_picked":["Halt","Brilliance"],"picked":"CarveReality+1","floor":29.0},{"not_picked":["InnerPeace","ThirdEye"],"picked":"Wireheading+1","floor":31.0},{"not_picked":["Pray","Judgement"],"picked":"LessonLearned","floor":33.0},{"not_picked":["StepAndStrike","FollowUp","Crescendo"],"picked":"Singing Bowl","floor":35.0},{"not_picked":["FlyingSleeves","Conclude","JustLucky"],"picked":"Singing Bowl","floor":36.0},{"not_picked":["ClearTheMind","InnerPeace+1","FollowUp"],"picked":"Singing Bowl","floor":38},{"not_picked":["BowlingBash+1","TalkToTheHand+1"],"picked":"Alpha","floor":39},{"not_picked":["Consecrate","EmptyFist","Wireheading"],"picked":"Singing Bowl","floor":41},{"not_picked":["JustLucky","Sanctity+1","Prostrate+1"],"picked":"Singing Bowl","floor":44},{"not_picked":["ClearTheMind","EmptyMind+1","FollowUp+1"],"picked":"Singing Bowl","floor":46},{"not_picked":["Wireheading+1","CarveReality"],"picked":"Devotion","floor":47}],"player_experience":643948,"relics_obtained":[{"floor":6.0,"key":"War Paint"},{"floor":8.0,"key":"Vajra"},{"floor":9.0,"key":"MawBank"},{"floor":24.0,"key":"Lantern"},{"floor":26.0,"key":"Singing Bowl"},{"floor":27.0,"key":"Regal Pillow"},{"floor":29.0,"key":"Art of War"},{"floor":43,"key":"Ornamental Fan"},{"floor":47,"key":"Ginger"}],"event_choices":[{"damage_healed":0.0,"max_hp_gain":0.0,"max_hp_loss":0.0,"gold_gain":175.0,"event_name":"Liars Game","player_choice":"AGREE","floor":5.0,"gold_loss":0.0,"damage_taken":0.0,"cards_obtained":["Doubt"]},{"damage_healed":0.0,"max_hp_gain":0.0,"max_hp_loss":0.0,"gold_gain":0.0,"event_name":"Addict","player_choice":"Obtained Relic","floor":19.0,"gold_loss":85.0,"damage_taken":0.0,"relics_obtained":["Toy Ornithopter"]},{"damage_healed":0.0,"max_hp_gain":0.0,"max_hp_loss":35.0,"gold_gain":0.0,"event_name":"Ghosts","player_choice":"Became a Ghost","floor":21.0,"gold_loss":0.0,"damage_taken":0.0,"cards_obtained":["Ghostly","Ghostly","Ghostly","Ghostly","Ghostly"]},{"damage_healed":0.0,"max_hp_gain":0.0,"max_hp_loss":0.0,"gold_gain":0.0,"event_name":"Cursed Tome","player_choice":"Ignored","floor":22.0,"gold_loss":0.0,"damage_taken":0.0}],"is_beta":true,"boss_relics":[{"not_picked":["Tiny House","Cursed Key"],"picked":"Philosopher\u0027s Stone"},{"not_picked":["Black Star","Sozu"],"picked":"SlaversCollar"}],"items_purged_floors":[11,37,48],"is_endless":false,"potions_floor_spawned":[2,3,4,8,14,29,33,38,41,44],"ascension_level":10}