{"gold_per_floor":[115,115,129,142,158,158,83,83,83,83,102,113,113,113,113,208,208,222,236,246,261,261,261,11,11,36,9,9,9,9,21,21,122,122,133,147,162,176,28,28,40,53,80,98,98,98,8,8],"floor_reached":48,"playtime":2996,"items_purged":["Strike_R","Offering"],"score":494,"play_id":"b1e0bb5d-1b91-4939-bcf1-23dd8285d82a","local_time":"20190709185457","is_ascension_mode":true,"campfire_choices":[{"data":"Carnage","floor":6,"key":"SMITH"},{"data":"Bash","floor":10,"key":"SMITH"},{"data":"Flame Barrier","floor":13,"key":"SMITH"},{"floor":15,"key":"REST"},{"floor":23,"key":"REST"},{"data":"True Grit","floor":28,"key":"SMITH"},{"data":"Spot Weakness","floor":30,"key":"SMITH"},{"data":"Shrug It Off","floor":32,"key":"SMITH"},{"data":"Uppercut","floor":40,"key":"SMITH"},{"floor":45,"key":"REST"}],"neow_cost":"NONE","seed_source_timestamp":496817019100,"circlet_count":0,"master_deck":["Defend_R","Defend_R+1","Defend_R","Defend_R","Bash+1","Spot Weakness+1","Carnage+1","Body Slam+1","Reaper","Flame Barrier+1","Evolve+1","Body Slam+1","Shrug It Off+1","Iron Wave+1","Disarm","True Grit+1","Impervious+1","Uppercut+1","Body Slam","Power Through+1","Body Slam+1","Spot Weakness","Carnage","True Grit+1","Inflame+1","Pommel Strike+1"],"relics":["Burning Blood","Self Forming Clay","Potion Belt","Astrolabe","Oddly Smooth Stone","Gremlin Horn","Happy Flower","White Beast Statue","Regal Pillow"],"potions_floor_usage":[11,12,18,19,20,37,41,42,44,48,48],"damage_taken":[{"damage":7,"enemies":"2 Louse","floor":1,"turns":2},{"damage":3,"enemies":"Small Slimes","floor":3,"turns":4},{"damage":1,"enemies":"Cultist","floor":4,"turns":3},{"damage":15,"enemies":"3 Louse","floor":5,"turns":4},{"damage":18,"enemies":"Large Slime","floor":11,"turns":5},{"damage":16,"enemies":"Exordium Thugs","floor":12,"turns":3},{"damage":37,"enemies":"Hexaghost","floor":16,"turns":6},{"damage":26,"enemies":"3 Byrds","floor":18,"turns":3},{"damage":20,"enemies":"2 Thieves","floor":19,"turns":3},{"damage":19,"enemies":"Snake Plant","floor":20,"turns":4},{"damage":23,"enemies":"3 Cultists","floor":21,"turns":5},{"damage":8,"enemies":"Cultist and Chosen","floor":31,"turns":6},{"damage":68,"enemies":"Collector","floor":33,"turns":12},{"damage":5,"enemies":"3 Shapes","floor":35,"turns":4},{"damage":0,"enemies":"Orb Walker","floor":36,"turns":3},{"damage":33,"enemies":"Sphere and 2 Shapes","floor":37,"turns":7},{"damage":5,"enemies":"3 Darklings","floor":38,"turns":4},{"damage":14,"enemies":"Transient","floor":41,"turns":5},{"damage":27,"enemies":"Maw","floor":42,"turns":8},{"damage":13,"enemies":"4 Shapes","floor":44,"turns":3},{"damage":90,"enemies":"Transient","floor":48,"turns":5}],"seed_played":"-2456654311106468017","potions_obtained":[{"floor":4,"key":"LiquidBronze"},{"floor":11,"key":"SteroidPotion"},{"floor":16,"key":"Explosive Potion"},{"floor":18,"key":"LiquidBronze"},{"floor":19,"key":"Regen Potion"},{"floor":35,"key":"Fire Potion"},{"floor":36,"key":"Poison Potion"},{"floor":37,"key":"Dexterity Potion"},{"floor":38,"key":"GamblersBrew"},{"floor":41,"key":"Strength Potion"},{"floor":42,"key":"PowerPotion"},{"floor":44,"key":"EssenceOfSteel"}],"is_trial":false,"path_per_floor":["M","?","M","M","M","R","$","?","T","R","M","M","R","?","R","B",null,"M","M","M","M","?","R","$","T","T","$","R","?","R","M","R","B",null,"M","M","M","M","$","R","M","M","T","M","R","?","?","M"],"character_chosen":"IRONCLAD","items_purchased":["Oddly Smooth Stone","True Grit","Spot Weakness","Carnage"],"campfire_rested":3,"item_purchase_floors":[24,27,39,39],"current_hp_per_floor":[79,61,64,69,60,60,60,60,60,60,48,62,62,46,70,40,80,67,53,59,54,54,78,78,78,78,78,78,90,90,90,90,28,90,90,90,75,76,76,76,68,47,47,40,82,82,82,0],"gold":8,"neow_bonus":"ONE_RANDOM_RARE_CARD","is_prod":false,"is_daily":false,"chose_seed":false,"campfire_upgraded":7,"win_rate":0,"timestamp":1562694897,"path_taken":["M","?","M","M","M","R","$","?","T","R","M","?","R","?","R","BOSS","M","M","M","M","?","R","$","?","T","?","R","?","R","M","R","BOSS","M","M","M","?","$","R","M","M","T","M","R","?","?","?"],"build_version":"2019-07-05","purchased_purges":2,"victory":false,"max_hp_per_floor":[80,80,80,80,80,80,80,80,80,80,80,80,80,80,80,80,80,80,80,80,80,80,80,80,80,80,80,80,90,90,90,90,90,90,90,90,90,90,90,90,90,90,90,90,90,90,90,90],"card_choices":[{"not_picked":["Perfected Strike","Havoc","Thunderclap"],"picked":"SKIP","floor":1},{"not_picked":["Havoc","Cleave","Fire Breathing"],"picked":"SKIP","floor":3},{"not_picked":["Seeing Red","Heavy Blade"],"picked":"Spot Weakness","floor":4},{"not_picked":["Seeing Red","Dual Wield"],"picked":"Carnage","floor":5},{"not_picked":["True Grit","Sword Boomerang"],"picked":"Reaper","floor":11},{"not_picked":["Warcry","Sword Boomerang"],"picked":"Flame Barrier","floor":12},{"not_picked":["Brutality","Fiend Fire"],"picked":"Offering","floor":16},{"not_picked":["Evolve","Dual Wield"],"picked":"Shrug It Off","floor":18},{"not_picked":["Thunderclap","Cleave+1","Warcry+1"],"picked":"SKIP","floor":19},{"not_picked":["Armaments","Perfected Strike"],"picked":"Iron Wave+1","floor":20},{"not_picked":["Cleave","Pommel Strike"],"picked":"Disarm","floor":21},{"not_picked":["Perfected Strike","Sword Boomerang","Corruption"],"picked":"SKIP","floor":31},{"not_picked":["Dark Embrace","Exhume"],"picked":"Impervious","floor":33},{"not_picked":["True Grit+1","Warcry"],"picked":"Uppercut","floor":35},{"not_picked":["Searing Blow+1","Warcry"],"picked":"Body Slam","floor":36},{"not_picked":["Heavy Blade+1","Searing Blow+1"],"picked":"Power Through+1","floor":37},{"not_picked":["Combust","Corruption"],"picked":"Body Slam+1","floor":38},{"not_picked":["Sword Boomerang+1","Uppercut"],"picked":"True Grit+1","floor":41},{"not_picked":["Sword Boomerang","Clothesline"],"picked":"Inflame+1","floor":42},{"not_picked":["Thunderclap+1","Hemokinesis+1"],"picked":"Pommel Strike+1","floor":44}],"player_experience":58583,"relics_obtained":[{"floor":9,"key":"Potion Belt"},{"floor":25,"key":"Gremlin Horn"},{"floor":26,"key":"Happy Flower"},{"floor":43,"key":"Regal Pillow"}],"event_choices":[{"damage_healed":0,"gold_gain":0,"player_choice":"Success","damage_taken":18,"relics_obtained":["Self Forming Clay"],"max_hp_gain":0,"max_hp_loss":0,"event_name":"Scrap Ooze","floor":2,"gold_loss":0},{"damage_healed":0,"gold_gain":0,"cards_transformed":["Strike_R"],"player_choice":"Transformed","damage_taken":0,"max_hp_gain":0,"max_hp_loss":0,"event_name":"Transmorgrifier","floor":8,"gold_loss":0,"cards_obtained":["Body Slam"]},{"damage_healed":0,"gold_gain":0,"player_choice":"Entered Light","damage_taken":16,"max_hp_gain":0,"max_hp_loss":0,"event_name":"Shining Light","floor":14,"gold_loss":0,"cards_upgraded":["Defend_R","Body Slam"]},{"damage_healed":0,"gold_gain":0,"cards_transformed":["Brutality"],"player_choice":"Transformed","damage_taken":0,"max_hp_gain":0,"max_hp_loss":0,"event_name":"Transmorgrifier","floor":22,"gold_loss":0,"cards_obtained":["Fiend Fire"]},{"cards_removed":["Fiend Fire"],"damage_healed":2,"gold_gain":0,"player_choice":"Offered Rare","damage_taken":0,"max_hp_gain":10,"max_hp_loss":0,"event_name":"Bonfire Elementals","floor":29,"gold_loss":0},{"damage_healed":0,"gold_gain":0,"player_choice":"Ignored","damage_taken":0,"max_hp_gain":0,"max_hp_loss":0,"event_name":"Mysterious Sphere","floor":46,"gold_loss":0},{"cards_removed":["Strike_R"],"damage_healed":0,"gold_gain":0,"player_choice":"Upgrade and Remove","damage_taken":0,"max_hp_gain":0,"max_hp_loss":0,"event_name":"Designer","floor":47,"gold_loss":90,"cards_upgraded":["Impervious"]}],"is_beta":false,"boss_relics":[{"not_picked":["Runic Cube","Tiny House"],"picked":"Astrolabe"},{"not_picked":["Runic Pyramid","Calling Bell"],"picked":"White Beast Statue"}],"items_purged_floors":[7,24],"is_endless":false,"potions_floor_spawned":[4,11,16,18,19,35,36,37,38,41,42,44],"killed_by":"Transient","ascension_level":2}