{"gold_per_floor":[116,128,147,158,178,207,219,264,276,288,333,356,63,10,10,10],"floor_reached":16,"playtime":729,"items_purged":[],"score":201,"play_id":"1249e52e-0091-42a1-ab51-92d8f164d0f9","local_time":"20190827002442","is_ascension_mode":true,"campfire_choices":[{"floor":7,"key":"REST"},{"data":"Whirlwind","floor":15,"key":"SMITH"}],"neow_cost":"NONE","seed_source_timestamp":1053610939274000,"circlet_count":0,"master_deck":["AscendersBane","Strike_R","Strike_R","Strike_R","Strike_R","Strike_R","Defend_R","Defend_R","Defend_R","Defend_R","Bash+1","Shrug It Off","Iron Wave","Carnage","Whirlwind+1","Pommel Strike","Perfected Strike","Shrug It Off"],"special_seed":0,"relics":["Burning Blood","MawBank","Magic Flower","Mummified Hand","Blue Candle","Oddly Smooth Stone","Chemical X","WingedGreaves"],"potions_floor_usage":[16,16],"damage_taken":[{"damage":3,"enemies":"Small Slimes","floor":1,"turns":3},{"damage":13,"enemies":"Jaw Worm","floor":2,"turns":5},{"damage":3,"enemies":"Cultist","floor":3,"turns":4},{"damage":13,"enemies":"Exordium Wildlife","floor":4,"turns":4},{"damage":12,"enemies":"Exordium Thugs","floor":5,"turns":4},{"damage":37,"enemies":"Gremlin Nob","floor":6,"turns":5},{"damage":12,"enemies":"3 Sentries","floor":8,"turns":8},{"damage":30,"enemies":"Gremlin Nob","floor":11,"turns":5},{"damage":9,"enemies":"2 Fungi Beasts","floor":12,"turns":3},{"damage":81,"enemies":"The Guardian","floor":16,"turns":15}],"seed_played":"8547263630797265320","potions_obtained":[{"floor":2,"key":"SpeedPotion"},{"floor":5,"key":"GamblersBrew"},{"floor":11,"key":"Regen Potion"}],"is_trial":false,"path_per_floor":["M","M","M","M","M","E","R","E","T","?","E","M","$","?","R","B"],"character_chosen":"IRONCLAD","items_purchased":["Chemical X","Fruit Juice"],"campfire_rested":1,"item_purchase_floors":[13,13],"current_hp_per_floor":[75,68,71,64,58,27,51,45,45,42,21,21,21,21,21,0],"gold":10,"neow_bonus":"UPGRADE_CARD","is_prod":false,"is_daily":false,"chose_seed":false,"campfire_upgraded":1,"win_rate":0,"timestamp":1566890682,"path_taken":["M","M","M","M","M","E","R","E","T","?","E","M","$","?","R","BOSS"],"build_version":"2019-07-17","purchased_purges":0,"victory":false,"max_hp_per_floor":[80,80,80,80,80,80,80,80,80,80,80,80,80,80,80,85],"card_choices":[{"not_picked":["Clash","Havoc"],"picked":"Shrug It Off","floor":1},{"not_picked":["Warcry","Armaments"],"picked":"Iron Wave","floor":2},{"not_picked":["Heavy Blade","Pummel"],"picked":"Carnage","floor":3},{"not_picked":["Headbutt","Flex"],"picked":"Whirlwind","floor":4},{"not_picked":["Seeing Red","Sever Soul"],"picked":"Pommel Strike","floor":5},{"not_picked":["Rampage","Combust","Iron Wave"],"picked":"SKIP","floor":6},{"not_picked":["Metallicize","Dual Wield"],"picked":"Perfected Strike","floor":8},{"not_picked":["Body Slam","Power Through","Dark Embrace"],"picked":"SKIP","floor":11},{"not_picked":["Rage","Clash"],"picked":"Shrug It Off","floor":12}],"player_experience":1340439,"relics_obtained":[{"floor":6,"key":"MawBank"},{"floor":8,"key":"Magic Flower"},{"floor":9,"key":"Mummified Hand"},{"floor":11,"key":"Oddly Smooth Stone"}],"event_choices":[{"damage_healed":0,"gold_gain":0,"player_choice":"Success","damage_taken":3,"relics_obtained":["Blue Candle"],"max_hp_gain":0,"max_hp_loss":0,"event_name":"Scrap Ooze","floor":10,"gold_loss":0},{"damage_healed":0,"gold_gain":0,"player_choice":"Paid Gold","damage_taken":0,"relics_obtained":["WingedGreaves"],"max_hp_gain":0,"max_hp_loss":0,"event_name":"WeMeetAgain","floor":14,"gold_loss":53}],"is_beta":false,"boss_relics":[],"items_purged_floors":[],"is_endless":false,"potions_floor_spawned":[2,5,11],"killed_by":"The Guardian","ascension_level":13}