{"gold_per_floor":[112,37,55,130,130,130,158,5,59,59,69,87,87,104,104,207,207,207],"floor_reached":18,"playtime":850,"items_purged":["Strike_G"],"score":231,"play_id":"ec4ef5ad-158d-435f-99dd-242a92ea8ef8","local_time":"20190927202749","is_ascension_mode":true,"campfire_choices":[{"data":"Backstab","floor":6,"key":"SMITH"},{"floor":10,"key":"REST"},{"data":"Shrug It Off","floor":15,"key":"SMITH"}],"neow_cost":"NONE","seed_source_timestamp":10524322463000,"circlet_count":0,"master_deck":["Strike_G+1","Strike_G","Strike_G","Strike_G","Defend_G","Defend_G","Defend_G","Defend_G+1","Defend_G","Survivor","Neutralize","Backstab+1","PiercingWail","Backflip","Reboot","Cold Snap","Shrug It Off+1","Echo Form"],"relics":["Ring of the Serpent","NeowsBlessing","Dodecahedron","PrismaticShard","InkBottle","Blue Candle"],"potions_floor_usage":[16,16,16],"damage_taken":[{"damage":0,"enemies":"Cultist","floor":1,"turns":1},{"damage":0,"enemies":"Jaw Worm","floor":3,"turns":1},{"damage":0,"enemies":"Lagavulin","floor":7,"turns":1},{"damage":0,"enemies":"Small Slimes","floor":11,"turns":3},{"damage":0,"enemies":"3 Louse","floor":12,"turns":4},{"damage":0,"enemies":"Blue Slaver","floor":14,"turns":4},{"damage":10,"enemies":"Slime Boss","floor":16,"turns":15},{"damage":23,"enemies":"3 Byrds","floor":18,"turns":5}],"seed_played":"-2294755421899866644","potions_obtained":[{"floor":1,"key":"Fire Potion"},{"floor":3,"key":"SteroidPotion"},{"floor":7,"key":"Weak Potion"},{"floor":14,"key":"Fire Potion"}],"is_trial":false,"path_per_floor":["M","$","M","?","?","R","E","$","T","R","M","M","?","M","R","B",null,"M"],"character_chosen":"THE_SILENT","items_purchased":["PrismaticShard"],"campfire_rested":1,"item_purchase_floors":[8],"current_hp_per_floor":[70,70,70,59,45,45,45,45,45,66,66,66,48,48,48,38,62,39],"gold":207,"neow_bonus":"THREE_ENEMY_KILL","is_prod":false,"is_daily":false,"chose_seed":false,"campfire_upgraded":2,"win_rate":0,"timestamp":1569612469,"path_taken":["M","$","M","?","?","R","E","$","T","R","?","M","?","M","R","BOSS","M"],"build_version":"2019-09-26","purchased_purges":1,"victory":false,"max_hp_per_floor":[70,70,70,70,70,70,70,70,70,70,70,70,70,70,70,70,70,70],"card_choices":[{"not_picked":["Infinite Blades","Flying Knee"],"picked":"Backstab","floor":1},{"not_picked":["Dagger Throw","Underhanded Strike"],"picked":"PiercingWail","floor":3},{"not_picked":["Dodge and Roll","Tactician"],"picked":"Backflip","floor":7},{"not_picked":["Reprogram","Crescendo"],"picked":"Reboot","floor":11},{"not_picked":["Prostrate","Calculated Gamble"],"picked":"Cold Snap","floor":12},{"not_picked":["Headbutt","Pommel Strike"],"picked":"Shrug It Off","floor":14},{"not_picked":["Doppelganger","SignatureMove"],"picked":"Echo Form","floor":16}],"player_experience":262513,"relics_obtained":[{"floor":7,"key":"Dodecahedron"},{"floor":9,"key":"InkBottle"}],"event_choices":[{"damage_healed":0,"gold_gain":75,"player_choice":"Gather Gold","damage_taken":11,"max_hp_gain":0,"max_hp_loss":0,"event_name":"World of Goop","floor":4,"gold_loss":0},{"damage_healed":0,"gold_gain":0,"player_choice":"Entered Light","damage_taken":14,"max_hp_gain":0,"max_hp_loss":0,"event_name":"Shining Light","floor":5,"gold_loss":0,"cards_upgraded":["Defend_G","Strike_G"]},{"damage_healed":0,"gold_gain":0,"player_choice":"Success","damage_taken":18,"relics_obtained":["Blue Candle"],"max_hp_gain":0,"max_hp_loss":0,"event_name":"Scrap Ooze","floor":13,"gold_loss":0}],"is_beta":true,"boss_relics":[{"not_picked":["Velvet Choker","Fusion Hammer"],"picked":"Ring of the Serpent"}],"items_purged_floors":[2],"is_endless":false,"potions_floor_spawned":[1,3,7,14],"killed_by":"3 Byrds","ascension_level":5}