{"gold_per_floor":[112,123,198,209,159,159,178,189,216,66,80,80,9,9,9,104,104,120,139,157,170,184,184,219,235,235,47,47,47,47,147,147,242,242,254,268,287,92,109,141,141,151,176,176,176,227,227,8,8,8],"floor_reached":51,"playtime":3881,"items_purged":[],"score":764,"play_id":"ab055e2c-c0a5-457e-bbab-8467c52f1534","local_time":"20190811145722","daily_mods":["SealedDeck"],"is_ascension_mode":false,"campfire_choices":[{"data":"Noxious Fumes","floor":6.0,"key":"SMITH"},{"data":"Noxious Fumes","floor":12.0,"key":"SMITH"},{"data":"Footwork","floor":15.0,"key":"SMITH"},{"floor":23.0,"key":"REST"},{"data":"Apotheosis","floor":30.0,"key":"SMITH"},{"floor":32,"key":"REST"},{"floor":41,"key":"REST"},{"floor":47,"key":"REST"},{"data":"Well Laid Plans","floor":49,"key":"SMITH"}],"neow_cost":"","seed_source_timestamp":9079369657100,"circlet_count":0,"master_deck":["Deflect","Deflect+1","Infinite Blades","Backstab","Dash","Backflip","Blur","Noxious Fumes+1","Deadly Poison","Caltrops","Escape Plan+1","Noxious Fumes+1","Escape Plan","Footwork+1","Night Terror","Endless Agony","Apotheosis+1","Choke+1","Secret Technique","Noxious Fumes+1","Well Laid Plans+1"],"special_seed":0,"relics":["Ring of the Snake","Vajra","Juzu Bracelet","Busted Crown","Blood Vial","Gremlin Horn","FossilizedHelix","Mercury Hourglass","Sozu","Lantern","Boot","Du-Vu Doll","Orichalcum"],"potions_floor_usage":[40,40],"damage_taken":[{"damage":0.0,"enemies":"2 Louse","floor":1.0,"turns":3.0},{"damage":0.0,"enemies":"Cultist","floor":2.0,"turns":4.0},{"damage":0.0,"enemies":"Small Slimes","floor":4.0,"turns":3.0},{"damage":0.0,"enemies":"2 Fungi Beasts","floor":7.0,"turns":4.0},{"damage":0.0,"enemies":"Looter","floor":8.0,"turns":4.0},{"damage":0.0,"enemies":"Exordium Wildlife","floor":11.0,"turns":4.0},{"damage":0.0,"enemies":"The Guardian","floor":16.0,"turns":8.0},{"damage":10.0,"enemies":"Spheric Guardian","floor":18.0,"turns":4.0},{"damage":0.0,"enemies":"Chosen","floor":19.0,"turns":6.0},{"damage":5.0,"enemies":"Shelled Parasite and Fungi","floor":20.0,"turns":6.0},{"damage":14.0,"enemies":"Sentry and Sphere","floor":21.0,"turns":6.0},{"damage":0.0,"enemies":"Centurion and Healer","floor":22.0,"turns":7.0},{"damage":0.0,"enemies":"Gremlin Leader","floor":24.0,"turns":6.0},{"damage":0.0,"enemies":"Snake Plant","floor":25.0,"turns":4.0},{"damage":0.0,"enemies":"Colosseum Slavers","floor":31.0,"turns":5.0},{"damage":17.0,"enemies":"Colosseum Nobs","floor":31.0,"turns":4.0},{"damage":0,"enemies":"Champ","floor":33,"turns":11},{"damage":0,"enemies":"3 Shapes","floor":35,"turns":5},{"damage":0,"enemies":"Orb Walker","floor":36,"turns":3},{"damage":0,"enemies":"Maw","floor":37,"turns":6},{"damage":0,"enemies":"Jaw Worm Horde","floor":39,"turns":4},{"damage":31,"enemies":"Nemesis","floor":40,"turns":7},{"damage":0,"enemies":"Transient","floor":42,"turns":5},{"damage":19,"enemies":"2 Orb Walkers","floor":46,"turns":5},{"damage":31,"enemies":"Donu and Deca","floor":50,"turns":8}],"seed_played":"8809222400607966751","potions_obtained":[{"floor":1.0,"key":"GamblersBrew"},{"floor":4.0,"key":"Strength Potion"},{"floor":7.0,"key":"Poison Potion"},{"floor":21.0,"key":"GamblersBrew"},{"floor":25.0,"key":"Strength Potion"},{"floor":31.0,"key":"EssenceOfSteel"}],"is_trial":true,"path_per_floor":["M","M","?","M","?","R","M","M","T","$","M","R","$","?","R","B",null,"M","M","M","M","M","R","E","M","T","$","?","$","R","?","R","B",null,"M","M","M","$","M","E","R","M","T","?","?","?","R","$","R","B",null],"character_chosen":"THE_SILENT","items_purchased":["Juzu Bracelet","Footwork","Apotheosis","Secret Technique","Well Laid Plans","Orichalcum"],"campfire_rested":4,"item_purchase_floors":[10,13,27,38,48,48],"current_hp_per_floor":[70,70,59,59,59,59,59,59,59,59,59,59,59,45,45,45,70,60,60,55,41,41,62,62,64,64,64,69,69,69,53,70,70,70,70,70,70,70,70,39,60,62,62,62,62,45,66,66,66,37],"gold":8,"neow_bonus":"","is_prod":false,"is_daily":false,"chose_seed":false,"campfire_upgraded":5,"win_rate":0,"timestamp":1565531842,"path_taken":["M","M","?","M","?","R","M","M","T","$","M","R","$","?","R","BOSS","M","M","M","M","M","R","E","M","T","$","?","$","R","?","R","BOSS","M","M","M","$","M","E","R","M","T","?","?","?","R","$","R","BOSS"],"build_version":"2019-07-17","purchased_purges":0,"victory":true,"max_hp_per_floor":[70,70,70,70,70,70,70,70,70,70,70,70,70,70,70,70,70,70,70,70,70,70,70,70,70,70,70,70,70,70,70,70,70,70,70,70,70,70,70,70,70,70,70,70,70,70,70,70,70,70],"card_choices":[{"not_picked":["Sucker Punch","Deadly Poison"],"picked":"Caltrops","floor":1.0},{"not_picked":["Sucker Punch","Acrobatics"],"picked":"Escape Plan","floor":2.0},{"not_picked":["Deflect","Deadly Poison"],"picked":"Noxious Fumes","floor":4.0},{"not_picked":["Infinite Blades","Eviscerate","Choke"],"picked":"SKIP","floor":7.0},{"not_picked":["Eviscerate","Acrobatics"],"picked":"Escape Plan","floor":8.0},{"not_picked":["Blade Dance","Concentrate"],"picked":"PiercingWail","floor":11.0},{"not_picked":["Corpse Explosion","Envenom"],"picked":"Night Terror","floor":16.0},{"not_picked":["Blade Dance"],"picked":"SKIP","floor":18.0},{"not_picked":["Flying Knee+1"],"picked":"SKIP","floor":19.0},{"not_picked":[],"picked":"Endless Agony","floor":20.0},{"not_picked":["Deflect"],"picked":"SKIP","floor":21.0},{"not_picked":["Poisoned Stab"],"picked":"SKIP","floor":22.0},{"not_picked":["Prepared+1"],"picked":"SKIP","floor":24.0},{"not_picked":["Deadly Poison"],"picked":"SKIP","floor":25.0},{"not_picked":["Deflect+1"],"picked":"SKIP","floor":35},{"not_picked":[],"picked":"Choke+1","floor":36},{"not_picked":["Bouncing Flask+1"],"picked":"SKIP","floor":37},{"not_picked":[],"picked":"Noxious Fumes+1","floor":39},{"not_picked":["Flying Knee+1"],"picked":"SKIP","floor":40},{"not_picked":["Bouncing Flask+1"],"picked":"SKIP","floor":42}],"player_experience":122223,"relics_obtained":[{"floor":9.0,"key":"Vajra"},{"floor":24.0,"key":"Blood Vial"},{"floor":26.0,"key":"Gremlin Horn"},{"floor":31.0,"key":"FossilizedHelix"},{"floor":31.0,"key":"Mercury Hourglass"},{"floor":40,"key":"Lantern"},{"floor":43,"key":"Boot"},{"floor":46,"key":"Du-Vu Doll"}],"event_choices":[{"damage_healed":0.0,"max_hp_gain":0.0,"max_hp_loss":0.0,"gold_gain":75.0,"event_name":"World of Goop","player_choice":"Gather Gold","floor":3.0,"gold_loss":0.0,"damage_taken":11.0},{"cards_removed":["PiercingWail"],"damage_healed":0.0,"max_hp_gain":0.0,"max_hp_loss":0.0,"gold_gain":0.0,"event_name":"The Cleric","player_choice":"Card Removal","floor":5.0,"gold_loss":50.0,"damage_taken":0.0},{"damage_healed":0.0,"max_hp_gain":0.0,"max_hp_loss":0.0,"gold_gain":0.0,"event_name":"Shining Light","player_choice":"Entered Light","floor":14.0,"gold_loss":0.0,"damage_taken":14.0,"cards_upgraded":["Deflect","Escape Plan"]},{"cards_removed":["PiercingWail"],"damage_healed":5.0,"max_hp_gain":0.0,"max_hp_loss":0.0,"gold_gain":0.0,"event_name":"Bonfire Elementals","player_choice":"Offered Common","floor":28.0,"gold_loss":0.0,"damage_taken":0.0},{"cards_removed":["PiercingWail"],"damage_healed":5.0,"max_hp_gain":0.0,"max_hp_loss":0.0,"gold_gain":0.0,"event_name":"Bonfire Elementals","player_choice":"Offered Special","floor":28.0,"gold_loss":0.0,"damage_taken":0.0},{"damage_healed":0.0,"max_hp_gain":0.0,"max_hp_loss":0.0,"gold_gain":0.0,"event_name":"Colosseum","player_choice":"Fight","floor":31.0,"gold_loss":0.0,"damage_taken":0.0},{"damage_healed":0.0,"max_hp_gain":0.0,"max_hp_loss":0.0,"gold_gain":0.0,"event_name":"Colosseum","player_choice":"Fought Nobs","floor":31.0,"gold_loss":0.0,"damage_taken":0.0},{"damage_healed":0,"gold_gain":0,"player_choice":"Ignored","damage_taken":0,"max_hp_gain":0,"max_hp_loss":0,"event_name":"Tomb of Lord Red Mask","floor":44,"gold_loss":0},{"damage_healed":0,"gold_gain":0,"player_choice":"Memory 1","damage_taken":0,"max_hp_gain":0,"max_hp_loss":0,"event_name":"SensoryStone","floor":45,"gold_loss":0},{"damage_healed":0,"gold_gain":0,"player_choice":"Fight","damage_taken":0,"max_hp_gain":0,"max_hp_loss":0,"event_name":"Mysterious Sphere","floor":46,"gold_loss":0}],"is_beta":false,"boss_relics":[{"not_picked":["Philosopher\u0027s Stone","Velvet Choker"],"picked":"Busted Crown"},{"not_picked":["Snecko Eye","White Beast Statue"],"picked":"Sozu"}],"items_purged_floors":[],"is_endless":false,"potions_floor_spawned":[1,4,7,21,25,31,31,35,39,46],"ascension_level":0}