{"gold_per_floor":[114,128,193,67,17,17,44,44,69,99,164,27,37,48,48,145,145,156,170,60,75,85,116,126,126,149,173,26,26,37,55,55,158,158,171,13,30,30],"floor_reached":38,"playtime":4201,"items_purged":["Defend_R","Strike_R","Strike_R"],"score":406,"play_id":"026b5b1b-aada-4689-b7da-ceda6a35ff5c","local_time":"20190927064810","is_ascension_mode":false,"campfire_choices":[{"data":"Seeing Red","floor":6,"key":"SMITH"},{"floor":8,"key":"REST"},{"floor":15,"key":"REST"},{"floor":29,"key":"REST"},{"floor":32,"key":"REST"}],"neow_cost":"NONE","seed_source_timestamp":396674999178800,"circlet_count":0,"master_deck":["Bash","Seeing Red+1","Clothesline","Shrug It Off","Pommel Strike","Armaments","Infernal Blade","Whirlwind","Shockwave","Bloodletting","Immolate","Headbutt","Clothesline+1","Rage","Reckless Charge","Seeing Red","Rampage","Cleave","Shrug It Off","Writhe","Warcry","Cleave","Pommel Strike","Berserk","Reaper","Offering","Whirlwind","Havoc","Reckless Charge","Evolve+1","Dropkick","Clash"],"relics":["Burning Blood","Omamori","Kunai","Happy Flower","Calipers","Bag of Preparation","Cursed Key","Anchor","Ancient Tea Set","Oddly Smooth Stone","Pandora\u0027s Box"],"potions_floor_usage":[7,16,16,23,31,31,33,37],"damage_taken":[{"damage":6,"enemies":"2 Louse","floor":1,"turns":3},{"damage":0,"enemies":"Small Slimes","floor":2,"turns":3},{"damage":28,"enemies":"Lagavulin","floor":7,"turns":10},{"damage":42,"enemies":"3 Sentries","floor":10,"turns":12},{"damage":11,"enemies":"Lagavulin Event","floor":11,"turns":13},{"damage":2,"enemies":"Jaw Worm","floor":13,"turns":2},{"damage":0,"enemies":"Gremlin Gang","floor":14,"turns":1},{"damage":9,"enemies":"Slime Boss","floor":16,"turns":7},{"damage":12,"enemies":"Shell Parasite","floor":18,"turns":4},{"damage":0,"enemies":"Chosen","floor":19,"turns":5},{"damage":0,"enemies":"3 Cultists","floor":21,"turns":2},{"damage":22,"enemies":"Shelled Parasite and Fungi","floor":22,"turns":6},{"damage":21,"enemies":"Gremlin Leader","floor":23,"turns":7},{"damage":45,"enemies":"Centurion and Healer","floor":24,"turns":8},{"damage":0,"enemies":"Snecko","floor":30,"turns":4},{"damage":0,"enemies":"Cultist and Chosen","floor":31,"turns":3},{"damage":43,"enemies":"Automaton","floor":33,"turns":11},{"damage":36,"enemies":"3 Shapes","floor":35,"turns":5},{"damage":52,"enemies":"3 Darklings","floor":37,"turns":3},{"damage":30,"enemies":"Maw","floor":38,"turns":5}],"seed_played":"4348943142737500685","potions_obtained":[{"floor":2,"key":"Weak Potion"},{"floor":11,"key":"SteroidPotion"},{"floor":13,"key":"ElixirPotion"},{"floor":14,"key":"SteroidPotion"},{"floor":21,"key":"Dexterity Potion"},{"floor":24,"key":"Swift Potion"},{"floor":30,"key":"SteroidPotion"},{"floor":31,"key":"Swift Potion"}],"is_trial":false,"path_per_floor":["M","M","?","$","?","R","E","R","T","E","?","$","M","M","R","B",null,"M","M","$","M","M","E","M","?","T","T","$","R","M","M","R","B",null,"M","$","M","M"],"character_chosen":"IRONCLAD","items_purchased":["Shrug It Off","Whirlwind","Rage","Reckless Charge","Warcry","Dropkick","Regen Potion"],"campfire_rested":4,"item_purchase_floors":[4,12,20,20,28,36,36],"current_hp_per_floor":[80,80,80,80,80,80,58,80,80,44,39,39,43,49,73,70,80,74,80,80,80,64,49,10,10,10,10,10,34,40,46,70,33,80,57,57,20,0],"gold":30,"neow_bonus":"RANDOM_COMMON_RELIC","is_prod":false,"is_daily":false,"chose_seed":false,"campfire_upgraded":1,"win_rate":0.0,"timestamp":1569581290,"path_taken":["M","M","?","$","?","R","E","R","T","E","?","?","M","M","R","BOSS","M","M","$","M","?","E","M","?","T","?","$","R","M","M","R","BOSS","M","$","M","M"],"build_version":"2019-09-26","purchased_purges":3,"victory":false,"max_hp_per_floor":[80,80,80,80,80,80,80,80,80,80,80,80,80,80,80,80,80,80,80,80,80,80,80,80,80,80,80,80,80,80,80,80,80,80,80,80,80,80],"card_choices":[{"not_picked":["Wild Strike","Thunderclap"],"picked":"Seeing Red","floor":1},{"not_picked":["Thunderclap","Body Slam"],"picked":"Clothesline","floor":2},{"not_picked":["Brutality","Thunderclap"],"picked":"Pommel Strike","floor":7},{"not_picked":["True Grit","Havoc"],"picked":"Armaments","floor":10},{"not_picked":["Power Through","Thunderclap"],"picked":"Infernal Blade","floor":11},{"not_picked":["Wild Strike","Flex"],"picked":"Shockwave","floor":13},{"not_picked":["Body Slam","Corruption"],"picked":"Bloodletting","floor":14},{"not_picked":["Double Tap","Impervious"],"picked":"Immolate","floor":16},{"not_picked":["Iron Wave","Seeing Red+1"],"picked":"Headbutt","floor":18},{"not_picked":["Seeing Red","Havoc+1"],"picked":"Clothesline+1","floor":19},{"not_picked":["Wild Strike","Combust+1"],"picked":"Seeing Red","floor":21},{"not_picked":["Iron Wave","Brutality"],"picked":"Rampage","floor":22},{"not_picked":["Hemokinesis","Sword Boomerang"],"picked":"Cleave","floor":23},{"not_picked":["Twin Strike","Inflame"],"picked":"Shrug It Off","floor":24},{"not_picked":["Sword Boomerang","Anger+1"],"picked":"Cleave","floor":30},{"not_picked":["Intimidate","Anger"],"picked":"Pommel Strike","floor":31},{"not_picked":["Feed","Double Tap"],"picked":"Berserk","floor":33},{"not_picked":["Havoc+1","Clothesline+1"],"picked":"Evolve+1","floor":35},{"not_picked":["Intimidate+1","Clothesline"],"picked":"Clash","floor":37}],"player_experience":116016,"relics_obtained":[{"floor":7,"key":"Kunai"},{"floor":9,"key":"Happy Flower"},{"floor":10,"key":"Calipers"},{"floor":11,"key":"Bag of Preparation"},{"floor":23,"key":"Anchor"},{"floor":26,"key":"Ancient Tea Set"},{"floor":27,"key":"Oddly Smooth Stone"}],"event_choices":[{"damage_healed":0,"gold_gain":65,"player_choice":"Gained Gold","damage_taken":0,"max_hp_gain":0,"max_hp_loss":0,"event_name":"Golden Wing","floor":3,"gold_loss":0},{"cards_removed":["Strike_R"],"damage_healed":0,"gold_gain":0,"player_choice":"Card Removal","damage_taken":0,"max_hp_gain":0,"max_hp_loss":0,"event_name":"The Cleric","floor":5,"gold_loss":50},{"damage_healed":0,"gold_gain":0,"player_choice":"Searched \u00271\u0027 times","damage_taken":0,"max_hp_gain":0,"max_hp_loss":0,"event_name":"Dead Adventurer","floor":11,"gold_loss":0},{"damage_healed":0,"gold_gain":0,"player_choice":"Smashed Altar","damage_taken":0,"max_hp_gain":0,"max_hp_loss":0,"event_name":"Forgotten Altar","floor":25,"gold_loss":0,"cards_obtained":["Decay"]}],"is_beta":true,"boss_relics":[{"not_picked":["Philosopher\u0027s Stone","Runic Cube"],"picked":"Cursed Key"},{"not_picked":["Runic Dome","Busted Crown"],"picked":"Pandora\u0027s Box"}],"items_purged_floors":[4,12,28],"is_endless":false,"potions_floor_spawned":[2,11,13,14,21,24,30,31],"killed_by":"Maw","ascension_level":0}