{"gold_per_floor":[113,130,130,147,164,164,190,203,203,216,216,231,266,278,278,278],"floor_reached":16,"playtime":658,"items_purged":[],"score":340,"play_id":"665bd6d0-e808-4f74-8326-de29cc7979c0","local_time":"20190908235457","is_ascension_mode":true,"campfire_choices":[{"data":"Bash","floor":6.0,"key":"SMITH"},{"floor":11,"key":"REST"},{"floor":15,"key":"REST"}],"neow_cost":"TEN_PERCENT_HP_LOSS","seed_source_timestamp":356855933656300,"circlet_count":0,"master_deck":["AscendersBane","Strike_R","Strike_R","Strike_R","Strike_R","Strike_R","Defend_R","Defend_R","Defend_R","Defend_R","Bash+1","Feed","Rampage","Anger","Perfected Strike","Iron Wave","Pommel Strike+1","Headbutt+1","Clothesline+1","Perfected Strike+1"],"special_seed":0,"relics":["Burning Blood","Sundial","Molten Egg 2","Smiling Mask"],"potions_floor_usage":[7,14],"damage_taken":[{"damage":12.0,"enemies":"Jaw Worm","floor":1.0,"turns":2.0},{"damage":8.0,"enemies":"2 Louse","floor":2.0,"turns":5.0},{"damage":12.0,"enemies":"Small Slimes","floor":4.0,"turns":5.0},{"damage":14.0,"enemies":"Exordium Wildlife","floor":5.0,"turns":3.0},{"damage":47,"enemies":"Lagavulin","floor":7,"turns":6},{"damage":18,"enemies":"3 Louse","floor":8,"turns":3},{"damage":10,"enemies":"Large Slime","floor":10,"turns":4},{"damage":0,"enemies":"2 Fungi Beasts","floor":12,"turns":2},{"damage":20,"enemies":"3 Sentries","floor":13,"turns":6},{"damage":5,"enemies":"Gremlin Gang","floor":14,"turns":4}],"seed_played":"6625655303972681306","potions_obtained":[{"floor":4.0,"key":"PowerPotion"},{"floor":7,"key":"Poison Potion"},{"floor":13,"key":"Ancient Potion"}],"is_trial":false,"path_per_floor":["M","M","?","M","M","R","E","M","T","M","R","M","E","M","R","B"],"character_chosen":"IRONCLAD","items_purchased":[],"campfire_rested":2,"item_purchase_floors":[],"current_hp_per_floor":[65,66,71,68,63,63,22,13,13,12,39,45,34,38,67,0],"gold":278,"neow_bonus":"THREE_RARE_CARDS","is_prod":false,"is_daily":false,"chose_seed":false,"campfire_upgraded":1,"win_rate":0,"timestamp":1568012097,"path_taken":["M","M","?","M","M","R","E","M","T","M","R","M","E","M","R","BOSS"],"build_version":"2019-07-17","purchased_purges":0,"victory":false,"max_hp_per_floor":[71,74,79,82,85,85,85,88,88,91,91,91,94,97,97,97],"card_choices":[{"not_picked":["Dark Embrace","Double Tap"],"picked":"Feed","floor":0.0},{"not_picked":["Pommel Strike","Clothesline"],"picked":"Rampage","floor":1.0},{"not_picked":["Evolve","Sword Boomerang"],"picked":"Anger","floor":2.0},{"not_picked":["Wild Strike","Anger","Armaments"],"picked":"SKIP","floor":4.0},{"not_picked":["Rupture","Dropkick","Exhume"],"picked":"SKIP","floor":5.0},{"not_picked":["Flex","Bloodletting"],"picked":"Perfected Strike","floor":7},{"not_picked":["Fire Breathing","Havoc"],"picked":"Iron Wave","floor":8},{"not_picked":["Dropkick+1","Armaments"],"picked":"Pommel Strike+1","floor":10},{"not_picked":["Dropkick+1","Inflame"],"picked":"Headbutt+1","floor":12},{"not_picked":["Limit Break","Sword Boomerang+1"],"picked":"Clothesline+1","floor":13},{"not_picked":["Battle Trance","True Grit"],"picked":"Perfected Strike+1","floor":14}],"player_experience":1395979,"relics_obtained":[{"floor":7,"key":"Sundial"},{"floor":9,"key":"Molten Egg 2"},{"floor":13,"key":"Smiling Mask"}],"event_choices":[{"damage_healed":0.0,"max_hp_gain":5.0,"max_hp_loss":0.0,"gold_gain":0.0,"event_name":"Big Fish","player_choice":"Donut","floor":3.0,"gold_loss":0.0,"damage_taken":0.0}],"is_beta":false,"boss_relics":[],"items_purged_floors":[],"is_endless":false,"potions_floor_spawned":[4,7,13],"killed_by":"The Guardian","ascension_level":18}