{"gold_per_floor":[110,121,121,296,70,70,90,90,90,121,134,157,171,190,190,310,310,329,29,29,2,26,67,67,85,136,157,157,173,173,207,207,333,333,357,257,275,298,298,298,339,339,365,365,378,21,21,21,21,21],"floor_reached":50,"playtime":3680,"items_purged":["Doubt","Injury","Defend_B"],"score":690,"play_id":"8499d817-6d09-4f8a-9d33-e58675133983","local_time":"20180819015327","is_ascension_mode":true,"campfire_choices":[{"data":"Double Energy","floor":6,"key":"SMITH"},{"floor":15,"key":"REST"},{"data":"Static Discharge","floor":28,"key":"SMITH"},{"data":"Echo Form","floor":30,"key":"SMITH"},{"floor":32,"key":"REST"},{"data":"Blind","floor":40,"key":"SMITH"},{"floor":42,"key":"REST"},{"data":"Zap","floor":44,"key":"SMITH"},{"floor":49,"key":"REST"}],"neow_cost":"NONE","seed_source_timestamp":284797773632200,"circlet_count":0,"master_deck":["Defend_B+1","Defend_B+1","Zap+1","Dualcast","Conserve Battery","Double Energy+1","Sweeping Beam","Blind+1","Rebound","Auto Shields+1","Ball Lightning","Ball Lightning","Tempest+1","Static Discharge+1","Electrodynamics","Turbo+1","Darkness+1","Self Repair","Conserve Battery+1","Cold Snap","Aggregate+1","Bite","Bite","Bite","Bite","Bite","Compile Driver","Echo Form+1","FTL","Reinforced Body+1","Meteor Strike","Conserve Battery+1","Madness+1","Madness+1","Conserve Battery+1","Double Energy+1","Forethought+1","Enlightenment+1"],"relics":["Cracked Core","Bag of Preparation","Golden Idol","Toxic Egg 2","Ice Cream","White Beast Statue","Enchiridion","Bottled Tornado","Lantern","Bag of Marbles","Nuclear Battery","Kunai","War Paint","DataDisk"],"potions_floor_usage":[16,18,29,33,33,41,41,50,50],"damage_taken":[{"damage":1,"enemies":"Cultist","floor":1,"turns":3},{"damage":0,"enemies":"2 Louse","floor":2,"turns":3},{"damage":1,"enemies":"Jaw Worm","floor":7,"turns":4},{"damage":32,"enemies":"Lagavulin","floor":10,"turns":7},{"damage":7,"enemies":"Exordium Wildlife","floor":11,"turns":4},{"damage":5,"enemies":"Looter","floor":12,"turns":4},{"damage":0,"enemies":"Large Slime","floor":13,"turns":4},{"damage":4,"enemies":"3 Louse","floor":14,"turns":2},{"damage":18,"enemies":"Hexaghost","floor":16,"turns":6},{"damage":9,"enemies":"2 Thieves","floor":18,"turns":3},{"damage":10,"enemies":"3 Byrds","floor":22,"turns":3},{"damage":0,"enemies":"Gremlin Leader","floor":23,"turns":6},{"damage":17,"enemies":"Centurion and Healer","floor":25,"turns":4},{"damage":0,"enemies":"Cultist and Chosen","floor":27,"turns":4},{"damage":14,"enemies":"Snake Plant","floor":29,"turns":1},{"damage":0,"enemies":"Slavers","floor":31,"turns":1},{"damage":29,"enemies":"Champ","floor":33,"turns":8},{"damage":0,"enemies":"Flame Bruiser 1 Orb","floor":35,"turns":2},{"damage":0,"enemies":"3 Darklings","floor":37,"turns":3},{"damage":8,"enemies":"Flame Bruiser 2 Orb","floor":38,"turns":5},{"damage":78,"enemies":"Nemesis","floor":41,"turns":6},{"damage":0,"enemies":"Sphere and 2 Shapes","floor":45,"turns":1},{"damage":102,"enemies":"Awakened One","floor":50,"turns":12}],"seed_played":"7613525631639279534","potions_obtained":[{"floor":1,"key":"Weak Potion"},{"floor":10,"key":"SteroidPotion"},{"floor":11,"key":"SkillPotion"},{"floor":13,"key":"Poison Potion"},{"floor":18,"key":"LiquidBronze"},{"floor":22,"key":"Fire Potion"},{"floor":23,"key":"FearPotion"},{"floor":25,"key":"AttackPotion"},{"floor":29,"key":"FocusPotion"},{"floor":31,"key":"SkillPotion"},{"floor":33,"key":"Swift Potion"},{"floor":35,"key":"Regen Potion"},{"floor":37,"key":"Ancient Potion"},{"floor":41,"key":"Regen Potion"},{"floor":45,"key":"SmokeBomb"}],"is_trial":false,"path_per_floor":["M","M","?","?","$","R","M","?","T","E","M","M","M","M","R","B",null,"M","$","?","$","M","E","?","M","T","M","R","M","R","E","R","B",null,"M","$","M","M","?","R","E","R","T","R","M","$","?","?","R"],"character_chosen":"DEFECT","items_purchased":["Sweeping Beam","Blind","Blood Vial","Darkness+1","Self Repair","Conserve Battery+1","DataDisk","Double Energy+1"],"campfire_rested":4,"item_purchase_floors":[5,5,19,19,19,21,46,46],"current_hp_per_floor":[74,74,79,79,79,79,78,78,78,46,39,34,34,30,54,36,80,71,71,55,55,61,63,63,59,59,63,63,56,56,56,80,74,80,80,80,80,80,70,70,26,50,50,50,52,52,52,47,71,0],"gold":21,"neow_bonus":"RANDOM_COMMON_RELIC","is_prod":false,"is_daily":false,"chose_seed":false,"campfire_upgraded":5,"win_rate":0,"timestamp":1534668807,"path_taken":["M","M","?","?","$","R","M","?","T","E","?","M","M","M","R","BOSS","M","$","?","?","M","E","?","M","T","M","R","M","R","E","R","BOSS","M","$","?","M","?","R","E","R","T","R","M","$","?","?","R","BOSS"],"build_version":"2018-08-16","purchased_purges":3,"victory":false,"max_hp_per_floor":[75,75,80,80,80,80,80,80,80,80,80,80,80,80,80,80,80,80,80,80,80,80,80,80,80,80,80,80,80,80,80,80,80,80,80,80,80,80,80,80,80,80,80,80,80,80,80,80,80,80],"card_choices":[{"not_picked":["Undo","Redo"],"picked":"Conserve Battery","floor":1},{"not_picked":["Beam Cell","Redo"],"picked":"Double Energy","floor":2},{"not_picked":["Coolheaded","Fusion"],"picked":"Rebound","floor":7},{"not_picked":["Barrage","Storm"],"picked":"Auto Shields+1","floor":10},{"not_picked":["Melter","Sweeping Beam"],"picked":"Ball Lightning","floor":11},{"not_picked":["Turbo+1","Compile Driver"],"picked":"Ball Lightning","floor":12},{"not_picked":["Sweeping Beam","Coolheaded+1"],"picked":"Tempest+1","floor":13},{"not_picked":["Fission+1","Sweeping Beam"],"picked":"Static Discharge","floor":14},{"not_picked":["Rainbow+1","Buffer"],"picked":"Electrodynamics","floor":16},{"not_picked":["Stack+1","Skim+1"],"picked":"Turbo+1","floor":18},{"not_picked":["Steam+1","Coolheaded+1"],"picked":"Cold Snap","floor":22},{"not_picked":["Multi-Cast+1","Recycle+1"],"picked":"Aggregate+1","floor":23},{"not_picked":["Redo+1","Sweeping Beam"],"picked":"Compile Driver","floor":25},{"not_picked":["Compile Driver","Go for the Eyes"],"picked":"Echo Form","floor":27},{"not_picked":["Cold Snap","Sunder"],"picked":"FTL","floor":29},{"not_picked":["Redo+1","Reboot+1"],"picked":"Reinforced Body+1","floor":31},{"not_picked":["All For One","Reboot+1"],"picked":"Meteor Strike","floor":33},{"not_picked":["Rebound+1","Hello World"],"picked":"Conserve Battery+1","floor":35},{"not_picked":["Tempest+1","Compile Driver","Conserve Battery+1"],"picked":"SKIP","floor":37},{"not_picked":["Lockon","Rebound","Redo+1"],"picked":"SKIP","floor":38},{"not_picked":["Lockon","Rebound","Redo+1"],"picked":"SKIP","floor":38},{"not_picked":["Leap+1","Hologram+1"],"picked":"Conserve Battery+1","floor":41},{"not_picked":["Coolheaded+1","Sweeping Beam+1","Redo+1"],"picked":"SKIP","floor":45},{"not_picked":["Sadistic Nature","Madness+1"],"picked":"Forethought+1","floor":48},{"not_picked":["Trip+1","Panacea+1"],"picked":"Enlightenment+1","floor":48}],"player_experience":227617,"relics_obtained":[{"floor":9,"key":"Toxic Egg 2"},{"floor":10,"key":"Ice Cream"},{"floor":20,"key":"Enchiridion"},{"floor":23,"key":"Bottled Tornado"},{"floor":26,"key":"Lantern"},{"floor":31,"key":"Bag of Marbles"},{"floor":41,"key":"Kunai"},{"floor":43,"key":"War Paint"}],"event_choices":[{"event_name":"Big Fish","player_choice":"Donut","floor":3,"damage_taken":0},{"event_name":"Liars Game","player_choice":"agreed","floor":4,"damage_taken":0},{"event_name":"Golden Idol","player_choice":"Take Wound","floor":8,"damage_taken":0},{"event_name":"Cursed Tome","player_choice":"Obtained Book","floor":20,"damage_taken":0},{"event_name":"Vampires","player_choice":"Became a vampire (Vial)","floor":24,"damage_taken":0},{"event_name":"Winding Halls","player_choice":"Embrace Madness","floor":39,"damage_taken":0},{"event_name":"Purifier","player_choice":"One Purge","floor":47,"damage_taken":0},{"event_name":"SensoryStone","player_choice":"Memory 2","floor":48,"damage_taken":0}],"is_beta":false,"boss_relics":[{"not_picked":["Coffee Dripper","FrozenCore"],"picked":"White Beast Statue"},{"not_picked":["Runic Pyramid","Calling Bell"],"picked":"Nuclear Battery"}],"items_purged_floors":[5,36,46],"is_endless":false,"potions_floor_spawned":[1,10,11,13,18,22,23,25,27,29,31,33,35,37,38,41,45],"killed_by":"Awakened One","ascension_level":1}