{"path_per_floor":["M","M","?","?","M","R","E","M","T","$","?","M","R","E","R","B",null,"M","M","$","?","?","R","E","?","T","M","R","E","$","?","R","B",null,"M","$","M","M","M","R","M","?","T","M","?","M","R","?","R"],"character_chosen":"DEFECT","items_purchased":["Shuriken","Happy Flower","Gash","Apotheosis"],"gold_per_floor":[114,127,77,252,264,264,296,316,316,69,69,79,79,110,110,215,215,155,172,16,16,16,16,47,47,120,137,137,164,21,121,121,217,247,267,77,94,114,129,129,146,146,192,205,205,217,217,217,217,217],"floor_reached":50,"campfire_rested":5,"playtime":2822,"current_hp_per_floor":[67,67,67,67,67,67,49,41,41,41,41,41,75,72,72,72,74,61,61,61,61,61,61,57,57,57,34,71,58,58,58,58,40,71,50,50,50,41,21,60,36,26,26,26,26,30,69,69,80,0],"items_purged":["Writhe"],"gold":217,"score":698,"play_id":"d4ef744d-f186-40b4-9fd5-bd402cf87b35","local_time":"20180512213008","is_prod":false,"is_daily":false,"chose_seed":false,"is_ascension_mode":true,"campfire_upgraded":4,"timestamp":1526175008,"path_taken":["M","?","?","?","M","R","E","M","T","$","?","M","R","E","R","BOSS","M","M","$","?","?","R","E","?","T","?","R","E","$","?","R","BOSS","M","$","M","M","M","R","M","?","T","?","?","M","R","?","R","BOSS"],"build_version":"2018-05-12v2","seed_source_timestamp":277864127905234,"purchased_purges":1,"victory":false,"master_deck":["Strike_B+1","Strike_B+1","Strike_B+1","Defend_B+1","Defend_B+1","Defend_B+1","Zap+1","Dualcast+1","All For One","Beam Cell+1","Beam Cell","Reprogram","FTL","Steam","Buffer+1","Reinforced Body","Go for the Eyes+1","Gash","Echo Form+1","White Noise","Steam","Apotheosis+1","Steam+1","Enlightenment","Magnetism","Flash of Steel","Injury","Leap+1"],"max_hp_per_floor":[75,75,75,75,75,75,75,75,75,75,75,75,75,75,75,75,75,75,75,75,75,75,75,75,75,75,75,75,75,75,75,75,75,80,80,80,80,80,80,80,80,80,80,80,80,80,80,80,80,80],"relics":["Cracked Core","Regal Pillow","Anchor","Shuriken","Spirit Poop","Mummified Hand","Inserter","Happy Flower","Kunai","Orichalcum","Letter Opener","Bag of Preparation","Tiny House","Dream Catcher"],"card_choices":[{"not_picked":["Streamline","Cold Snap"],"picked":"Beam Cell","floor":1},{"not_picked":["Force Field","Barrage","Chill"],"picked":"SKIP","floor":2},{"not_picked":["Scrape","Melter"],"picked":"Beam Cell","floor":5},{"not_picked":["Ball Lightning","Barrage"],"picked":"Reprogram","floor":7},{"not_picked":["Steam","Heatsinks"],"picked":"FTL","floor":8},{"not_picked":["FTL","Barrage"],"picked":"Steam","floor":12},{"not_picked":["Streamline","Coolheaded","Nova"],"picked":"SKIP","floor":14},{"not_picked":["Thunder Strike","Fusion"],"picked":"Buffer","floor":16},{"not_picked":["Streamline","Coolheaded","Ball Lightning"],"picked":"SKIP","floor":18},{"not_picked":["Glacier","Barrage","Sweeping Beam"],"picked":"SKIP","floor":19},{"not_picked":["Melter","Barrage","Force Field"],"picked":"SKIP","floor":24},{"not_picked":["Sweeping Beam","Cold Snap"],"picked":"Reinforced Body","floor":27},{"not_picked":["Darkness","Stack+1"],"picked":"Go for the Eyes+1","floor":29},{"not_picked":["Multi-Cast","Seek"],"picked":"Echo Form","floor":33},{"not_picked":["Beam Cell+1","Go for the Eyes"],"picked":"White Noise","floor":34},{"not_picked":["Consume","Storm+1"],"picked":"Steam","floor":35},{"not_picked":["Storm+1","Sweeping Beam","Tempest"],"picked":"SKIP","floor":37},{"not_picked":["Lockon","Hologram","Cold Snap+1"],"picked":"SKIP","floor":38},{"not_picked":["Go for the Eyes+1","Sweeping Beam"],"picked":"Steam+1","floor":39},{"not_picked":["Capacitor","Go for the Eyes+1","Recycle"],"picked":"SKIP","floor":41},{"not_picked":["Master of Strategy","Dramatic Entrance"],"picked":"Enlightenment","floor":42},{"not_picked":["Enlightenment","Deep Breath"],"picked":"Magnetism","floor":42},{"not_picked":["Trip","Apotheosis"],"picked":"Flash of Steel","floor":42},{"not_picked":["Capacitor","Coolheaded+1","Impulse+1"],"picked":"SKIP","floor":44},{"not_picked":["Barrage","Coolheaded"],"picked":"Leap+1","floor":46}],"player_experience":735858,"potions_floor_usage":[29,33,33,33,38,41,50,50],"damage_taken":[{"damage":1,"enemies":"Cultist","floor":1,"turns":3},{"damage":0,"enemies":"Small Slimes","floor":2,"turns":2},{"damage":0,"enemies":"2 Louse","floor":5,"turns":2},{"damage":18,"enemies":"Gremlin Nob","floor":7,"turns":3},{"damage":8,"enemies":"Blue Slaver","floor":8,"turns":3},{"damage":0,"enemies":"Large Slime","floor":12,"turns":2},{"damage":3,"enemies":"3 Sentries","floor":14,"turns":5},{"damage":0,"enemies":"Slime Boss","floor":16,"turns":5},{"damage":13,"enemies":"2 Thieves","floor":18,"turns":4},{"damage":0,"enemies":"Spheric Guardian","floor":19,"turns":3},{"damage":4,"enemies":"Book of Stabbing","floor":24,"turns":4},{"damage":23,"enemies":"Centurion and Healer","floor":27,"turns":4},{"damage":13,"enemies":"Gremlin Leader","floor":29,"turns":7},{"damage":18,"enemies":"Champ","floor":33,"turns":7},{"damage":21,"enemies":"3 Darklings","floor":35,"turns":3},{"damage":0,"enemies":"3 Shapes","floor":37,"turns":5},{"damage":9,"enemies":"3 Darklings","floor":38,"turns":3},{"damage":20,"enemies":"Sphere and 2 Shapes","floor":39,"turns":7},{"damage":24,"enemies":"Spire Growth","floor":41,"turns":5},{"damage":0,"enemies":"Flame Bruiser 2 Orb","floor":44,"turns":5},{"damage":0,"enemies":"Maw","floor":46,"turns":6},{"damage":94,"enemies":"Time Eater","floor":50,"turns":10}],"event_choices":[{"event_name":"The Cleric","player_choice":"Card Removal","floor":3,"damage_taken":0},{"event_name":"Liars Game","player_choice":"agreed","floor":4,"damage_taken":0},{"event_name":"Bonfire Elementals","player_choice":"CURSE","floor":11,"damage_taken":0},{"event_name":"Ghosts","player_choice":"Ignored","floor":21,"damage_taken":0},{"event_name":"Back to Basics","player_choice":"Simplicity","floor":22,"damage_taken":0},{"event_name":"The Mausoleum","player_choice":"Yes","floor":25,"damage_taken":0},{"event_name":"Golden Shrine","player_choice":"Pray","floor":31,"damage_taken":0},{"event_name":"SensoryStone","player_choice":"Memory 3","floor":42,"damage_taken":0},{"event_name":"Accursed Blacksmith","player_choice":"Forge","floor":45,"damage_taken":0}],"boss_relics":[{"not_picked":["Orrery","Snecko Eye"],"picked":"Inserter"},{"not_picked":["Calling Bell","Eternal Feather"],"picked":"Tiny House"}],"potions_floor_spawned":[12,14,16,24,27,29,35,37,39,44],"seed_played":"4073649120626345967","killed_by":"Time Eater","ascension_level":6,"is_trial":false}