{"gold_per_floor":[110,0,15,27,45,72,72,122,122,142,142,172,183,201,201,275,275,289,189,202,77,91,91,105,105,105,132,144,156,180,206,218,308,320,351,374,386,398,422,434,446,458,495,541,553,585,597,621,633,645],"floor_reached":51,"playtime":1862,"items_purged":["Strike_G","Grand Finale","Concentrate+1"],"score":1216,"play_id":"3de96433-2f84-49a4-b157-3f7fd358e4c4","local_time":"20190919014752","is_ascension_mode":true,"campfire_choices":[{"data":"Riddle With Holes","floor":7.0,"key":"SMITH"},{"data":"Neutralize","floor":11.0,"key":"SMITH"},{"data":"Accuracy","floor":15.0,"key":"SMITH"},{"data":"Footwork","floor":23.0,"key":"SMITH"},{"data":"Survivor","floor":25.0,"key":"SMITH"},{"floor":29.0,"key":"REST"},{"floor":32.0,"key":"REST"},{"data":"After Image","floor":40,"key":"SMITH"},{"data":"Adrenaline","floor":42,"key":"SMITH"},{"data":"Caltrops","floor":45,"key":"SMITH"},{"data":"Accuracy","floor":49,"key":"SMITH"}],"neow_cost":"NONE","seed_source_timestamp":0,"circlet_count":0,"master_deck":["AscendersBane","Survivor+1","Neutralize+1","Infinite Blades","Footwork+1","Riddle With Holes+1","Adrenaline+1","Leg Sweep+1","Accuracy+1","Cloak And Dagger+1","Blade Dance+1","Phantasmal Killer+1","Corpse Explosion+1","Bullet Time+1","Caltrops+1","Die Die Die","Skewer","Slice","Poisoned Stab","Calculated Gamble+1","Leg Sweep+1","Escape Plan+1","Outmaneuver+1","Dodge and Roll+1","After Image+1","Noxious Fumes+1","Riddle With Holes+1","Dodge and Roll+1","Acrobatics+1","Doubt","Accuracy+1"],"special_seed":0,"relics":["Ring of the Snake","NeowsBlessing","Toxic Egg 2","Paper Crane","Lantern","Pandora\u0027s Box","Sundial","MawBank","Question Card","Coffee Dripper","Snake Skull","Juzu Bracelet"],"potions_floor_usage":[50,50],"damage_taken":[{"damage":0.0,"enemies":"Cultist","floor":1.0,"turns":1.0},{"damage":0.0,"enemies":"2 Louse","floor":3.0,"turns":2.0},{"damage":0.0,"enemies":"Jaw Worm","floor":4.0,"turns":1.0},{"damage":4.0,"enemies":"Red Slaver","floor":5.0,"turns":5.0},{"damage":19.0,"enemies":"Lagavulin","floor":6.0,"turns":10.0},{"damage":0.0,"enemies":"Large Slime","floor":10.0,"turns":5.0},{"damage":6.0,"enemies":"3 Sentries","floor":12.0,"turns":7.0},{"damage":7.0,"enemies":"Gremlin Gang","floor":13.0,"turns":6.0},{"damage":0.0,"enemies":"2 Fungi Beasts","floor":14.0,"turns":3.0},{"damage":23.0,"enemies":"The Guardian","floor":16.0,"turns":11.0},{"damage":0.0,"enemies":"Chosen","floor":18.0,"turns":3.0},{"damage":7.0,"enemies":"Shell Parasite","floor":20.0,"turns":5.0},{"damage":4.0,"enemies":"3 Cultists","floor":22.0,"turns":5.0},{"damage":4.0,"enemies":"Centurion and Healer","floor":24.0,"turns":5.0},{"damage":1.0,"enemies":"Snake Plant","floor":30.0,"turns":5.0},{"damage":10.0,"enemies":"Cultist and Chosen","floor":31.0,"turns":6.0},{"damage":29.0,"enemies":"Champ","floor":33.0,"turns":14.0},{"damage":10,"enemies":"3 Darklings","floor":35,"turns":2},{"damage":0,"enemies":"Orb Walker","floor":36,"turns":4},{"damage":6,"enemies":"4 Shapes","floor":39,"turns":6},{"damage":0,"enemies":"Reptomancer","floor":44,"turns":7},{"damage":18,"enemies":"Spire Growth","floor":46,"turns":6},{"damage":7,"enemies":"Transient","floor":48,"turns":5},{"damage":41,"enemies":"Time Eater","floor":50,"turns":13}],"seed_played":"-5598378690338581371","potions_obtained":[{"floor":3.0,"key":"LiquidBronze"},{"floor":5.0,"key":"Block Potion"},{"floor":6.0,"key":"Regen Potion"},{"floor":16.0,"key":"GhostInAJar"},{"floor":18.0,"key":"Weak Potion"},{"floor":31.0,"key":"FearPotion"},{"floor":33.0,"key":"Dexterity Potion"}],"is_trial":false,"path_per_floor":["M","$","M","M","M","E","R","?","T","M","R","E","M","M","R","B",null,"M","$","M","$","M","R","M","R","T","T","T","R","M","M","R","B",null,"M","M","?","?","M","R","?","R","T","E","R","M","?","M","R","B",null],"character_chosen":"THE_SILENT","items_purchased":["Footwork"],"campfire_rested":2,"item_purchase_floors":[2],"current_hp_per_floor":[59,59,59,59,55,36,36,30,30,30,30,39,32,32,32,9,52,52,52,45,45,41,41,37,37,37,37,37,56,55,45,64,35,58,48,48,48,48,42,42,42,42,42,42,42,24,66,59,59,18],"gold":657,"neow_bonus":"THREE_ENEMY_KILL","is_prod":false,"is_daily":false,"chose_seed":false,"campfire_upgraded":9,"win_rate":0,"timestamp":1568882872,"path_taken":["M","$","?","M","?","E","R","?","T","M","R","E","M","M","R","BOSS","M","$","M","$","M","R","M","R","T","?","?","R","M","M","R","BOSS","M","M","?","?","?","R","?","R","T","E","R","M","?","M","R","BOSS"],"build_version":"2019-09-18","purchased_purges":3,"victory":true,"max_hp_per_floor":[66,66,66,66,66,66,66,66,66,66,66,66,66,66,66,66,66,66,66,66,66,66,66,66,66,66,66,66,66,66,66,66,66,66,66,66,66,66,66,66,66,66,66,66,66,66,66,66,66,66],"card_choices":[{"not_picked":["Outmaneuver","Blade Dance"],"picked":"Infinite Blades","floor":1.0},{"not_picked":["Poisoned Stab","PiercingWail"],"picked":"Quick Slash","floor":3.0},{"not_picked":["Slice","Predator"],"picked":"Riddle With Holes","floor":4.0},{"not_picked":["Slice","Sucker Punch"],"picked":"Adrenaline","floor":5.0},{"not_picked":["Eviscerate","Heel Hook"],"picked":"Leg Sweep","floor":6.0},{"not_picked":["Noxious Fumes","Underhanded Strike"],"picked":"Accuracy","floor":10.0},{"not_picked":["Acrobatics+1","Bane"],"picked":"Cloak And Dagger+1","floor":12.0},{"not_picked":["Deflect+1","Flying Knee"],"picked":"Blade Dance+1","floor":13.0},{"not_picked":["Dagger Throw","PiercingWail+1"],"picked":"Phantasmal Killer+1","floor":14.0},{"not_picked":["Venomology+1","A Thousand Cuts"],"picked":"Corpse Explosion+1","floor":16.0},{"not_picked":["Caltrops","Prepared+1"],"picked":"Leg Sweep+1","floor":18.0},{"not_picked":["Dagger Spray","Bane","Choke"],"picked":"SKIP","floor":20.0},{"not_picked":["Deadly Poison+1","Caltrops"],"picked":"Escape Plan+1","floor":22.0},{"not_picked":["Masterful Stab","Poisoned Stab"],"picked":"Outmaneuver+1","floor":24.0},{"not_picked":["Finisher","Eviscerate+1","Quick Slash","Catalyst+1"],"picked":"SKIP","floor":30.0},{"not_picked":["Outmaneuver+1","All Out Attack","Poisoned Stab"],"picked":"Dodge and Roll+1","floor":31.0},{"not_picked":["Tools of the Trade","Storm of Steel+1","Wraith Form v2"],"picked":"After Image","floor":33.0},{"not_picked":["Predator","Poisoned Stab","PiercingWail+1"],"picked":"Noxious Fumes+1","floor":35},{"not_picked":["Riddle With Holes+1","Deadly Poison+1","Endless Agony","Distraction+1"],"picked":"SKIP","floor":36},{"not_picked":["Deadly Poison+1","Endless Agony","Distraction+1"],"picked":"Riddle With Holes+1","floor":36},{"not_picked":["Deadly Poison+1","Quick Slash","Slice"],"picked":"Dodge and Roll+1","floor":39},{"not_picked":["Slice+1","Deadly Poison+1","Masterful Stab","Noxious Fumes"],"picked":"SKIP","floor":44},{"not_picked":["Bullet Time+1","Slice+1","Prepared+1"],"picked":"Acrobatics+1","floor":46},{"not_picked":["Masterful Stab","Quick Slash+1","Deflect+1"],"picked":"Accuracy","floor":48}],"player_experience":668823,"relics_obtained":[{"floor":6.0,"key":"Toxic Egg 2"},{"floor":9.0,"key":"Paper Crane"},{"floor":12.0,"key":"Lantern"},{"floor":26.0,"key":"Sundial"},{"floor":27.0,"key":"MawBank"},{"floor":28.0,"key":"Question Card"},{"floor":43,"key":"Snake Skull"},{"floor":44,"key":"Juzu Bracelet"}],"event_choices":[{"damage_healed":0.0,"max_hp_gain":0.0,"max_hp_loss":0.0,"gold_gain":50.0,"event_name":"FaceTrader","player_choice":"Touch","floor":8.0,"gold_loss":0.0,"damage_taken":6.0},{"damage_healed":0,"gold_gain":0,"player_choice":"Ignored","damage_taken":0,"max_hp_gain":0,"max_hp_loss":0,"event_name":"Mysterious Sphere","floor":37,"gold_loss":0},{"damage_healed":0,"gold_gain":0,"player_choice":"0 cards matched","damage_taken":0,"max_hp_gain":0,"max_hp_loss":0,"event_name":"Match and Keep!","floor":38,"gold_loss":0,"cards_obtained":[]},{"cards_removed":["Quick Slash"],"damage_healed":0,"gold_gain":0,"player_choice":"Removed Attack","damage_taken":0,"max_hp_gain":0,"max_hp_loss":0,"event_name":"Falling","floor":41,"gold_loss":0},{"damage_healed":42,"gold_gain":0,"player_choice":"Heal","damage_taken":0,"max_hp_gain":0,"max_hp_loss":0,"event_name":"MindBloom","floor":47,"gold_loss":0,"cards_obtained":["Doubt"]}],"is_beta":true,"boss_relics":[{"not_picked":["Sozu","Tiny House"],"picked":"Pandora\u0027s Box"},{"not_picked":["SacredBark","Velvet Choker"],"picked":"Coffee Dripper"}],"items_purged_floors":[2,19,21],"is_endless":false,"potions_floor_spawned":[3,5,6,10,16,18,31,33,46],"ascension_level":15}