{"gold_per_floor":[112,37,48,61,61,96,46,46,93,155,155,155,61,79,79,182,182,200,219,232,10,10,20,20,20,20,20,33,59,59,69,69,172,172,188,201,33,43,58,58,71,71,97,97],"floor_reached":44,"playtime":2417,"items_purged":["Defend_P","Strike_P"],"score":600,"play_id":"ce7e461c-e7ec-43cd-9767-1354e439b0fa","local_time":"20190912232732","is_ascension_mode":true,"campfire_choices":[{"data":"FlowState","floor":8.0,"key":"SMITH"},{"data":"Vigilance","floor":11.0,"key":"SMITH"},{"floor":15.0,"key":"REST"},{"data":"DevaForm","floor":24.0,"key":"SMITH"},{"floor":30.0,"key":"DIG"},{"data":"ReachHeaven","floor":32.0,"key":"SMITH"},{"floor":40,"key":"REST"},{"floor":42,"key":"REST"}],"neow_cost":"NONE","seed_source_timestamp":9701145563013,"circlet_count":0,"master_deck":["Defend_P","Defend_P","Eruption","Vigilance+1","Weave","Protect","BowlingBash","Sanctity","FlowState+1","Crescendo","Bandage Up","Swivel","DevaForm+1","Unraveling+1","MasterReality+1","BattleHymn+1","FlurryOfBlows","CutThroughFate+1","SandsOfTime","Pray","SandsOfTime","Vault","ReachHeaven+1","Adaptation","ReachHeaven","ThirdEye+1","Establishment","FearNoEvil"],"special_seed":0,"relics":["PureWater","Art of War","Centennial Puzzle","Toy Ornithopter","Bronze Scales","Bag of Marbles","Question Card","Nloth\u0027s Gift","Shovel","Philosopher\u0027s Stone","Akabeko"],"potions_floor_usage":[38,44],"damage_taken":[{"damage":0.0,"enemies":"Cultist","floor":1.0,"turns":3.0},{"damage":0.0,"enemies":"Small Slimes","floor":3.0,"turns":2.0},{"damage":0.0,"enemies":"2 Louse","floor":4.0,"turns":2.0},{"damage":24.0,"enemies":"Gremlin Nob","floor":6.0,"turns":3.0},{"damage":18.0,"enemies":"Gremlin Nob","floor":10.0,"turns":3.0},{"damage":4.0,"enemies":"Red Slaver","floor":14.0,"turns":5.0},{"damage":0.0,"enemies":"The Guardian","floor":16.0,"turns":15.0},{"damage":8.0,"enemies":"Spheric Guardian","floor":18.0,"turns":3.0},{"damage":5.0,"enemies":"Shell Parasite","floor":19.0,"turns":10.0},{"damage":7.0,"enemies":"Snecko","floor":20.0,"turns":10.0},{"damage":2.0,"enemies":"3 Cultists","floor":23.0,"turns":5.0},{"damage":1.0,"enemies":"Centurion and Healer","floor":28.0,"turns":5.0},{"damage":10.0,"enemies":"Gremlin Leader","floor":29.0,"turns":6.0},{"damage":17.0,"enemies":"Snake Plant","floor":31.0,"turns":3.0},{"damage":21.0,"enemies":"Champ","floor":33.0,"turns":11.0},{"damage":22.0,"enemies":"3 Darklings","floor":35.0,"turns":4.0},{"damage":0.0,"enemies":"3 Shapes","floor":36.0,"turns":6.0},{"damage":35,"enemies":"Jaw Worm Horde","floor":38,"turns":5},{"damage":13,"enemies":"Maw","floor":39,"turns":8},{"damage":25,"enemies":"Sphere and 2 Shapes","floor":41,"turns":7},{"damage":50,"enemies":"Giant Head","floor":44,"turns":5}],"seed_played":"-1513937017357522165","potions_obtained":[{"floor":1.0,"key":"Weak Potion"},{"floor":6.0,"key":"AttackPotion"},{"floor":10.0,"key":"Poison Potion"},{"floor":16.0,"key":"PowerPotion"},{"floor":18.0,"key":"SpeedPotion"},{"floor":19.0,"key":"LiquidBronze"},{"floor":28.0,"key":"SkillPotion"},{"floor":31.0,"key":"Strength Potion"},{"floor":36.0,"key":"FearPotion"},{"floor":39,"key":"Weak Potion"},{"floor":41,"key":"PowerPotion"}],"is_trial":false,"path_per_floor":["M","$","M","M","$","E","$","R","T","?","R","?","$","M","R","B",null,"M","M","M","$","?","M","R","?","T","?","M","E","R","M","R","B",null,"M","M","$","M","M","R","M","R","T","E"],"character_chosen":"WATCHER","items_purchased":["PowerPotion","Bandage Up","Bronze Scales","SandsOfTime","Establishment"],"campfire_rested":3,"item_purchase_floors":[7,13,21,21,37],"current_hp_per_floor":[65,65,65,65,65,41,41,41,41,23,23,23,23,23,42,56,63,59,58,55,55,55,62,62,62,62,62,64,63,63,48,48,36,58,40,44,44,18,9,28,7,26,26,0],"gold":97,"neow_bonus":"THREE_CARDS","is_prod":false,"is_daily":false,"chose_seed":false,"campfire_upgraded":4,"win_rate":0,"timestamp":1568298452,"path_taken":["M","$","M","?","$","E","?","R","T","?","R","?","$","M","R","BOSS","M","?","M","$","?","?","R","?","T","?","M","E","R","M","R","BOSS","M","M","$","M","M","R","M","R","T","E"],"build_version":"2019-09-11v2","purchased_purges":2,"victory":false,"max_hp_per_floor":[65,65,65,65,65,65,65,65,65,65,65,65,65,65,65,65,65,65,65,65,65,65,65,65,65,65,65,65,65,65,65,65,65,65,65,65,65,65,65,65,65,65,65,65],"card_choices":[{"not_picked":["EmptyBody","ForeignInfluence"],"picked":"Weave","floor":0.0},{"not_picked":["StepAndStrike","FollowUp"],"picked":"Protect","floor":1.0},{"not_picked":["Weave","Sanctity"],"picked":"BowlingBash","floor":3.0},{"not_picked":["Prostrate","Protect"],"picked":"Sanctity","floor":4.0},{"not_picked":["Judgement","Ragnarok"],"picked":"FlowState","floor":6.0},{"not_picked":["PathToVictory","EmptyMind"],"picked":"Crescendo","floor":10.0},{"not_picked":["Crescendo","ClearTheMind"],"picked":"Swivel","floor":14.0},{"not_picked":["Wish","Alpha"],"picked":"DevaForm","floor":16.0},{"not_picked":["Halt","Worship+1"],"picked":"FlurryOfBlows","floor":18.0},{"not_picked":["Crescendo","InnerPeace+1"],"picked":"CutThroughFate+1","floor":19.0},{"not_picked":["FlyingSleeves","Sanctity+1","BowlingBash"],"picked":"SKIP","floor":20.0},{"not_picked":["EmptyBody","Sanctity+1"],"picked":"SandsOfTime","floor":23.0},{"not_picked":["DeusExMachina","FlurryOfBlows+1","StepAndStrike"],"picked":"Vault","floor":28.0},{"not_picked":["Sanctity","Brilliance","CleanseEvil+1"],"picked":"ReachHeaven","floor":29.0},{"not_picked":["FlurryOfBlows","Halt+1","ThirdEye"],"picked":"Adaptation","floor":31.0},{"not_picked":["Wish","Blasphemy","Metaphysics"],"picked":"ReachHeaven","floor":33.0},{"not_picked":["Tantrum+1","FollowUp","Consecrate","TalkToTheHand"],"picked":"SKIP","floor":35.0},{"not_picked":["Protect+1","EmptyMind","BattleHymn"],"picked":"ThirdEye+1","floor":36.0},{"not_picked":["CrushJoints","FlyingSleeves","Alpha","FearNoEvil"],"picked":"SKIP","floor":38},{"not_picked":["CrushJoints","FlyingSleeves","Alpha"],"picked":"FearNoEvil","floor":38},{"not_picked":["JustLucky+1","Metaphysics","Establishment+1","StepAndStrike+1"],"picked":"SKIP","floor":39},{"not_picked":["Prostrate+1","FollowUp","EmptyBody","WaveOfTheHand+1"],"picked":"SKIP","floor":41}],"player_experience":613120,"relics_obtained":[{"floor":6.0,"key":"Art of War"},{"floor":9.0,"key":"Centennial Puzzle"},{"floor":10.0,"key":"Toy Ornithopter"},{"floor":26.0,"key":"Question Card"},{"floor":29.0,"key":"Shovel"},{"floor":43,"key":"Akabeko"}],"event_choices":[{"damage_healed":0.0,"max_hp_gain":0.0,"max_hp_loss":0.0,"gold_gain":0.0,"event_name":"Dead Adventurer","player_choice":"Searched \u00271\u0027 times","floor":10.0,"gold_loss":0.0,"damage_taken":0.0},{"damage_healed":0.0,"max_hp_gain":0.0,"max_hp_loss":0.0,"gold_gain":0.0,"event_name":"Match and Keep!","player_choice":"0 cards matched","floor":12.0,"gold_loss":0.0,"damage_taken":0.0,"cards_obtained":[]},{"damage_healed":0.0,"max_hp_gain":0.0,"max_hp_loss":0.0,"gold_gain":0.0,"cards_transformed":["Strike_P"],"event_name":"Transmorgrifier","player_choice":"Transformed","floor":22.0,"gold_loss":0.0,"damage_taken":0.0,"cards_obtained":["Pray"]},{"damage_healed":0.0,"max_hp_gain":0.0,"max_hp_loss":0.0,"gold_gain":0.0,"event_name":"The Mausoleum","player_choice":"Opened","floor":25.0,"gold_loss":0.0,"damage_taken":0.0,"relics_obtained":["Bag of Marbles"]},{"damage_healed":0.0,"max_hp_gain":0.0,"max_hp_loss":0.0,"gold_gain":0.0,"event_name":"N\u0027loth","player_choice":"Traded Relic","floor":27.0,"relics_lost":["Astrolabe"],"gold_loss":0.0,"damage_taken":0.0,"relics_obtained":["Nloth\u0027s Gift"]}],"is_beta":true,"boss_relics":[{"not_picked":["SacredBark","Runic Pyramid"],"picked":"Astrolabe"},{"not_picked":["Snecko Eye","Coffee Dripper"],"picked":"Philosopher\u0027s Stone"}],"items_purged_floors":[2,37],"is_endless":false,"potions_floor_spawned":[1,6,10,16,18,19,28,31,36,39,41],"killed_by":"Giant Head","ascension_level":5}