{"gold_per_floor":[119,119,6,22,38,38,50,50,50,50,50,50,67,84,84,184,184,195,206,156,172,182,182,196,196,196,196,17,34,53,72,72,169,169,181,281,295,309,325,325],"floor_reached":40,"playtime":3247,"items_purged":["Strike_R","Strike_R"],"score":452,"play_id":"5818afba-5244-4a23-82a6-d99838927217","local_time":"20190817223809","is_ascension_mode":true,"campfire_choices":[{"data":"Inflame","floor":6,"key":"SMITH"},{"floor":8,"key":"REST"},{"data":"Flame Barrier","floor":10,"key":"SMITH"},{"data":"Bash","floor":12,"key":"SMITH"},{"data":"Clothesline","floor":15,"key":"SMITH"},{"data":"Armaments","floor":23,"key":"SMITH"},{"data":"Metallicize","floor":32,"key":"SMITH"}],"neow_cost":"NONE","seed_source_timestamp":5135357535500,"circlet_count":0,"master_deck":["Strike_R","Strike_R","Defend_R","Defend_R","Defend_R","Defend_R","Bash+1","Finesse","Fire Breathing","Inflame+1","Burning Pact","Flame Barrier+1","Clothesline+1","Barricade","Armaments+1","Heavy Blade","Metallicize+1","Iron Wave","Power Through","Pommel Strike+1","Body Slam","Limit Break","Whirlwind+1","Shrug It Off+1"],"relics":["Burning Blood","Singing Bowl","Gremlin Horn","Snecko Eye","Bottled Flame","Mercury Hourglass","Cursed Key","Torii"],"potions_floor_usage":[18,21,29,33,38,38,40],"damage_taken":[{"damage":3,"enemies":"2 Louse","floor":1,"turns":3},{"damage":7,"enemies":"Jaw Worm","floor":4,"turns":5},{"damage":7,"enemies":"Cultist","floor":5,"turns":5},{"damage":32,"enemies":"Large Slime","floor":7,"turns":9},{"damage":4,"enemies":"Blue Slaver","floor":13,"turns":5},{"damage":15,"enemies":"Exordium Thugs","floor":14,"turns":5},{"damage":33,"enemies":"The Guardian","floor":16,"turns":12},{"damage":7,"enemies":"3 Byrds","floor":18,"turns":5},{"damage":0,"enemies":"Chosen","floor":19,"turns":3},{"damage":25,"enemies":"Snake Plant","floor":21,"turns":5},{"damage":0,"enemies":"Cultist and Chosen","floor":22,"turns":6},{"damage":0,"enemies":"Snecko","floor":24,"turns":5},{"damage":4,"enemies":"Shelled Parasite and Fungi","floor":29,"turns":5},{"damage":0,"enemies":"Snake Plant","floor":30,"turns":2},{"damage":4,"enemies":"Cultist and Chosen","floor":31,"turns":6},{"damage":42,"enemies":"Automaton","floor":33,"turns":9},{"damage":34,"enemies":"3 Darklings","floor":35,"turns":5},{"damage":0,"enemies":"Mind Bloom Boss Battle","floor":36,"turns":6},{"damage":0,"enemies":"3 Shapes","floor":37,"turns":4},{"damage":1,"enemies":"3 Darklings","floor":38,"turns":4},{"damage":69,"enemies":"Spire Growth","floor":39,"turns":8},{"damage":17,"enemies":"Giant Head","floor":40,"turns":6}],"seed_played":"8177167277138581761","potions_obtained":[{"floor":14,"key":"SneckoOil"},{"floor":16,"key":"Explosive Potion"},{"floor":22,"key":"EssenceOfSteel"},{"floor":24,"key":"SteroidPotion"},{"floor":33,"key":"AttackPotion"},{"floor":36,"key":"Block Potion"},{"floor":39,"key":"EssenceOfSteel"}],"is_trial":false,"path_per_floor":["M","?","$","M","M","R","M","R","T","R","T","R","M","M","R","B",null,"M","M","?","M","M","R","M","?","T","T","$","M","M","M","R","B",null,"M","?","M","M","M","E"],"character_chosen":"IRONCLAD","items_purchased":["Inflame","Power Through"],"campfire_rested":1,"item_purchase_floors":[3,28],"current_hp_per_floor":[80,73,73,72,71,71,45,69,69,69,69,69,71,64,64,37,82,81,82,82,63,71,71,77,77,77,77,77,81,86,86,86,50,86,60,66,74,79,18,1],"gold":325,"neow_bonus":"RANDOM_COLORLESS","is_prod":false,"is_daily":false,"chose_seed":false,"campfire_upgraded":6,"win_rate":0,"timestamp":1566077889,"path_taken":["M","?","$","M","M","R","M","R","T","R","?","R","M","M","R","BOSS","M","M","?","M","?","R","M","?","T","?","$","M","?","M","R","BOSS","M","?","M","M","M","E"],"build_version":"2019-07-17","purchased_purges":2,"victory":false,"max_hp_per_floor":[80,80,80,80,80,80,80,80,80,80,80,80,80,82,82,82,82,82,82,82,82,84,84,84,84,84,84,84,86,86,86,86,86,86,88,88,90,90,92,92],"card_choices":[{"not_picked":["Cleave","Flex"],"picked":"Fire Breathing","floor":1},{"not_picked":["Headbutt","Sword Boomerang"],"picked":"Burning Pact","floor":4},{"not_picked":["Bloodletting","Warcry","Flex"],"picked":"SKIP","floor":5},{"not_picked":["Armaments","Power Through"],"picked":"Flame Barrier","floor":7},{"not_picked":["Anger","Hemokinesis"],"picked":"Clothesline","floor":13},{"not_picked":["Flex","Wild Strike","Headbutt"],"picked":"Singing Bowl","floor":14},{"not_picked":["Brutality","Offering"],"picked":"Barricade","floor":16},{"not_picked":["Clash","Anger"],"picked":"Armaments","floor":18},{"not_picked":["Seeing Red","Thunderclap+1"],"picked":"Heavy Blade","floor":19},{"not_picked":["Fire Breathing","Reckless Charge"],"picked":"Metallicize","floor":21},{"not_picked":["Intimidate+1","Infernal Blade","Seeing Red+1"],"picked":"Singing Bowl","floor":22},{"not_picked":["Thunderclap","Bloodletting"],"picked":"Iron Wave","floor":24},{"not_picked":["Burning Pact","Flex","Disarm"],"picked":"Singing Bowl","floor":29},{"not_picked":["Sword Boomerang","Bloodletting"],"picked":"Pommel Strike+1","floor":30},{"not_picked":["Clothesline","Warcry+1"],"picked":"Body Slam","floor":31},{"not_picked":["Fiend Fire","Double Tap"],"picked":"Limit Break","floor":33},{"not_picked":["Cleave+1","Clothesline","Metallicize"],"picked":"Singing Bowl","floor":35},{"not_picked":["True Grit","Hemokinesis+1"],"picked":"Whirlwind+1","floor":36},{"not_picked":["Thunderclap","Cleave+1","Second Wind"],"picked":"Singing Bowl","floor":37},{"not_picked":["Searing Blow","Anger+1"],"picked":"Shrug It Off+1","floor":38},{"not_picked":["Twin Strike+1","Flex","Pommel Strike"],"picked":"Singing Bowl","floor":39}],"player_experience":146219,"relics_obtained":[{"floor":9,"key":"Singing Bowl"},{"floor":11,"key":"Gremlin Horn"},{"floor":26,"key":"Bottled Flame"},{"floor":27,"key":"Mercury Hourglass"},{"floor":36,"key":"Torii"}],"event_choices":[{"cards_removed":["Strike_R"],"damage_healed":0,"gold_gain":0,"player_choice":"Card Removal","damage_taken":7,"max_hp_gain":0,"max_hp_loss":0,"event_name":"Golden Wing","floor":2,"gold_loss":0},{"damage_healed":0,"gold_gain":0,"player_choice":"Bet on Owner","damage_taken":0,"max_hp_gain":0,"max_hp_loss":0,"event_name":"The Joust","floor":20,"gold_loss":50},{"damage_healed":0,"gold_gain":0,"player_choice":"Ignored","damage_taken":0,"max_hp_gain":0,"max_hp_loss":0,"event_name":"Vampires","floor":25,"gold_loss":0},{"damage_healed":0,"gold_gain":0,"player_choice":"Fight","damage_taken":0,"max_hp_gain":0,"max_hp_loss":0,"event_name":"MindBloom","floor":36,"gold_loss":0}],"is_beta":false,"boss_relics":[{"not_picked":["Runic Pyramid","Philosopher\u0027s Stone"],"picked":"Snecko Eye"},{"not_picked":["Fusion Hammer","Calling Bell"],"picked":"Cursed Key"}],"items_purged_floors":[3,28],"is_endless":false,"potions_floor_spawned":[14,16,22,24,33,36,39],"killed_by":"Giant Head","ascension_level":2}