{"gold_per_floor":[116,132,145,160,160,160,178,188,236,266,289,316,328,340],"floor_reached":14,"playtime":477,"items_purged":[],"score":141,"play_id":"8d91e68b-5d8f-41e1-9ba4-a695289a4c5d","local_time":"20190917215318","is_ascension_mode":true,"campfire_choices":[{"data":"Neutralize","floor":6.0,"key":"SMITH"},{"floor":13,"key":"REST"}],"neow_cost":"PERCENT_DAMAGE","seed_source_timestamp":319369682752122,"circlet_count":0,"master_deck":["AscendersBane","Strike_G","Strike_G","Strike_G","Strike_G","Defend_G","Defend_G","Defend_G","Defend_G","Defend_G","Survivor","Neutralize+1","Flying Knee","Cloak And Dagger","Blade Dance","Well Laid Plans","Poisoned Stab","Endless Agony","Poisoned Stab","Backflip"],"special_seed":0,"relics":["Ring of the Snake","Shovel","MawBank"],"potions_floor_usage":[12,12],"damage_taken":[{"damage":1.0,"enemies":"Cultist","floor":1.0,"turns":5.0},{"damage":5.0,"enemies":"Jaw Worm","floor":2.0,"turns":4.0},{"damage":3.0,"enemies":"2 Louse","floor":3.0,"turns":2.0},{"damage":20.0,"enemies":"Exordium Thugs","floor":4.0,"turns":6.0},{"damage":0.0,"enemies":"Blue Slaver","floor":7.0,"turns":5.0},{"damage":0.0,"enemies":"Exordium Wildlife","floor":8.0,"turns":4.0},{"damage":12.0,"enemies":"3 Louse","floor":10.0,"turns":4.0},{"damage":0.0,"enemies":"2 Fungi Beasts","floor":11.0,"turns":4.0},{"damage":3,"enemies":"Exordium Wildlife","floor":12,"turns":4},{"damage":22,"enemies":"Gremlin Nob","floor":14,"turns":4}],"seed_played":"-2685440064391311622","potions_obtained":[{"floor":3.0,"key":"SkillPotion"},{"floor":4.0,"key":"PowerPotion"},{"floor":7.0,"key":"Poison Potion"}],"is_trial":false,"path_per_floor":["M","M","M","M","?","R","M","M","T","M","M","M","R","E"],"character_chosen":"THE_SILENT","items_purchased":[],"campfire_rested":1,"item_purchase_floors":[],"current_hp_per_floor":[44,39,36,16,16,16,16,16,16,4,4,1,22,0],"gold":340,"neow_bonus":"ONE_RARE_RELIC","is_prod":false,"is_daily":false,"chose_seed":false,"campfire_upgraded":1,"win_rate":0,"timestamp":1568782398,"path_taken":["M","M","M","M","?","R","M","?","T","M","M","M","R","E"],"build_version":"2019-09-17","purchased_purges":0,"victory":false,"max_hp_per_floor":[70,70,70,70,70,70,70,70,70,70,70,70,70,70],"card_choices":[{"not_picked":["Terror","Underhanded Strike"],"picked":"Flying Knee","floor":1.0},{"not_picked":["Heel Hook","Caltrops"],"picked":"Cloak And Dagger","floor":2.0},{"not_picked":["Deadly Poison","Backflip"],"picked":"Blade Dance","floor":3.0},{"not_picked":["Backflip","Dagger Throw"],"picked":"Well Laid Plans","floor":4.0},{"not_picked":["Concentrate","Tactician"],"picked":"Poisoned Stab","floor":7.0},{"not_picked":["Outmaneuver","Setup"],"picked":"Endless Agony","floor":8.0},{"not_picked":["Flying Knee","Deadly Poison"],"picked":"Poisoned Stab","floor":10.0},{"not_picked":["Expertise","Poisoned Stab","Dagger Throw"],"picked":"SKIP","floor":11.0},{"not_picked":["Flying Knee","Outmaneuver"],"picked":"Backflip","floor":12}],"player_experience":656064,"relics_obtained":[{"floor":9.0,"key":"MawBank"}],"event_choices":[{"cards_removed":["Strike_G"],"damage_healed":0.0,"max_hp_gain":0.0,"max_hp_loss":0.0,"gold_gain":0.0,"event_name":"Purifier","player_choice":"Purged","floor":5.0,"gold_loss":0.0,"damage_taken":0.0}],"is_beta":true,"boss_relics":[],"items_purged_floors":[],"is_endless":false,"potions_floor_spawned":[3,4,7,8],"killed_by":"Gremlin Nob","ascension_level":12}