{"gold_per_floor":[112,130,142,142,156,156,181,181,181,213,227,237,237,46,46,146,196,212,226,226,87,87,87,115,115,115,132,132,150,163,197,197,294,294,308,60,70,70,86,86,86],"floor_reached":41,"playtime":2639,"items_purged":["Strike_P","Strike_P","Defend_P"],"score":538,"play_id":"62119b8d-2459-4e23-8a8d-ce9fe51956fe","local_time":"20190911063745","is_ascension_mode":true,"campfire_choices":[{"data":"FlyingSleeves","floor":6.0,"key":"SMITH"},{"floor":8.0,"key":"REST"},{"data":"Protect","floor":13.0,"key":"SMITH"},{"data":"TalkToTheHand","floor":15.0,"key":"SMITH"},{"data":"CrushJoints","floor":23.0,"key":"SMITH"},{"data":"FlyingSleeves","floor":25.0,"key":"SMITH"},{"data":"Vigilance","floor":28.0,"key":"SMITH"},{"floor":32.0,"key":"REST"},{"floor":40,"key":"REST"}],"neow_cost":"NONE","seed_source_timestamp":77968485432376,"circlet_count":0,"master_deck":["Strike_P","Defend_P","Defend_P","Defend_P","Eruption","Vigilance+1","FlyingSleeves+1","FearNoEvil","Consecrate","DeusExMachina+1","JustLucky+1","EmptyFist","Protect+1","WaveOfTheHand","TalkToTheHand+1","Wireheading","MasterReality","FlyingSleeves+1","CrushJoints+1","EmptyBody+1","Fasting","Adaptation+1","Weave+1","Vault","Wallop","ThirdEye","Worship","Devotion+1"],"special_seed":0,"relics":["PureWater","Thread and Needle","Ginger","Meat on the Bone","Tiny House","Nloth\u0027s Gift","Melange","Bronze Scales","Whetstone","Velvet Choker"],"potions_floor_usage":[],"damage_taken":[{"damage":6.0,"enemies":"Small Slimes","floor":1.0,"turns":5.0},{"damage":9.0,"enemies":"2 Louse","floor":2.0,"turns":3.0},{"damage":0.0,"enemies":"Cultist","floor":3.0,"turns":2.0},{"damage":2.0,"enemies":"Looter","floor":5.0,"turns":3.0},{"damage":28.0,"enemies":"Gremlin Nob","floor":7.0,"turns":5.0},{"damage":0.0,"enemies":"3 Sentries","floor":10.0,"turns":2.0},{"damage":1.0,"enemies":"3 Louse","floor":11.0,"turns":3.0},{"damage":0.0,"enemies":"Blue Slaver","floor":12.0,"turns":2.0},{"damage":1.0,"enemies":"Hexaghost","floor":16.0,"turns":12.0},{"damage":6.0,"enemies":"Shell Parasite","floor":18.0,"turns":4.0},{"damage":0.0,"enemies":"2 Thieves","floor":19.0,"turns":1.0},{"damage":29.0,"enemies":"Book of Stabbing","floor":24.0,"turns":6.0},{"damage":0.0,"enemies":"Centurion and Healer","floor":27.0,"turns":5.0},{"damage":0.0,"enemies":"Chosen and Byrds","floor":29.0,"turns":7.0},{"damage":3.0,"enemies":"Shelled Parasite and Fungi","floor":30.0,"turns":5.0},{"damage":3.0,"enemies":"Gremlin Leader","floor":31.0,"turns":7.0},{"damage":6.0,"enemies":"Automaton","floor":33.0,"turns":16.0},{"damage":7.0,"enemies":"Orb Walker","floor":35.0,"turns":4.0},{"damage":12.0,"enemies":"3 Darklings","floor":37.0,"turns":7.0},{"damage":47,"enemies":"Transient","floor":39,"turns":5},{"damage":38,"enemies":"Spire Growth","floor":41,"turns":3}],"seed_played":"6481845164819909450","potions_obtained":[{"floor":5.0,"key":"EssenceOfSteel"},{"floor":7.0,"key":"SteroidPotion"},{"floor":10.0,"key":"Fire Potion"},{"floor":16.0,"key":"AttackPotion"},{"floor":19.0,"key":"LiquidBronze"},{"floor":30.0,"key":"Ancient Potion"},{"floor":31.0,"key":"Block Potion"},{"floor":33.0,"key":"Dexterity Potion"},{"floor":35.0,"key":"DuplicationPotion"}],"is_trial":false,"path_per_floor":["M","M","M","?","M","R","E","R","T","E","M","M","R","$","R","B",null,"M","M","?","$","?","R","E","R","T","M","R","M","M","E","R","B",null,"M","$","M","?","M","R","M"],"character_chosen":"WATCHER","items_purchased":["TalkToTheHand","Wireheading","Fasting","Worship","SpeedPotion"],"campfire_rested":3,"item_purchase_floors":[14,14,21,36,36],"current_hp_per_floor":[59,50,50,43,41,41,13,32,32,32,43,43,43,43,43,42,70,64,64,64,64,64,64,47,47,47,47,47,47,44,41,62,56,70,63,63,51,51,16,37,0],"gold":86,"neow_bonus":"REMOVE_CARD","is_prod":false,"is_daily":false,"chose_seed":false,"campfire_upgraded":6,"win_rate":0,"timestamp":1568151465,"path_taken":["M","M","M","?","M","R","E","R","T","E","M","M","R","$","R","BOSS","M","M","?","$","?","R","E","R","T","M","R","?","M","E","R","BOSS","M","$","M","?","M","R","M"],"build_version":"2019-09-09v2","purchased_purges":3,"victory":false,"max_hp_per_floor":[65,65,65,65,65,65,65,65,65,65,65,65,65,65,65,65,70,70,70,70,70,70,70,70,70,70,70,70,70,70,70,70,70,70,70,70,70,70,70,70,70],"card_choices":[{"not_picked":["Weave","ThirdEye"],"picked":"FlyingSleeves","floor":1.0},{"not_picked":["Consecrate","Clarity"],"picked":"FearNoEvil","floor":2.0},{"not_picked":["JustLucky","Prostrate"],"picked":"Consecrate","floor":3.0},{"not_picked":["EmptyBody","Protect"],"picked":"DeusExMachina","floor":5.0},{"not_picked":["FollowUp","EmptyMind"],"picked":"JustLucky","floor":7.0},{"not_picked":["WreathOfFlame","EmptyBody"],"picked":"EmptyFist","floor":10.0},{"not_picked":["CarveReality","Sanctity"],"picked":"Protect","floor":11.0},{"not_picked":["FlurryOfBlows","FearNoEvil"],"picked":"WaveOfTheHand","floor":12.0},{"not_picked":["Ragnarok","Metaphysics"],"picked":"MasterReality","floor":16.0},{"not_picked":["FollowUp","CutThroughFate"],"picked":"FlyingSleeves","floor":17.0},{"not_picked":["CutThroughFate+1","Blasphemy"],"picked":"CrushJoints","floor":18.0},{"not_picked":["JustLucky","EmptyFist"],"picked":"EmptyBody+1","floor":19.0},{"not_picked":["Ragnarok","Perseverance","Unraveling"],"picked":"SKIP","floor":24.0},{"not_picked":["EmptyFist+1","Scrawl","WreathOfFlame"],"picked":"SKIP","floor":27.0},{"not_picked":["Tantrum","Swivel"],"picked":"Adaptation+1","floor":29.0},{"not_picked":["DeceiveReality+1","CrushJoints+1"],"picked":"Weave","floor":30.0},{"not_picked":["CutThroughFate+1","Halt"],"picked":"Vault","floor":31.0},{"not_picked":["Blasphemy","MasterReality"],"picked":"Wallop","floor":33.0},{"not_picked":["Consecrate","CutThroughFate+1"],"picked":"ThirdEye","floor":35.0},{"not_picked":["Sanctity","Evaluate+1"],"picked":"Devotion+1","floor":37.0},{"not_picked":["ClearTheMind","Sanctity+1","CarveReality+1"],"picked":"SKIP","floor":39}],"player_experience":590870,"relics_obtained":[{"floor":7.0,"key":"Unceasing Top"},{"floor":9.0,"key":"Ginger"},{"floor":10.0,"key":"Meat on the Bone"},{"floor":24.0,"key":"Melange"},{"floor":26.0,"key":"Bronze Scales"},{"floor":31.0,"key":"Whetstone"}],"event_choices":[{"damage_healed":0.0,"max_hp_gain":0.0,"max_hp_loss":0.0,"gold_gain":0.0,"event_name":"Scrap Ooze","player_choice":"Success","floor":4.0,"gold_loss":0.0,"damage_taken":7.0,"relics_obtained":["Thread and Needle"]},{"damage_healed":0.0,"max_hp_gain":0.0,"max_hp_loss":0.0,"gold_gain":0.0,"event_name":"Vampires","player_choice":"Ignored","floor":20.0,"gold_loss":0.0,"damage_taken":0.0},{"damage_healed":0.0,"max_hp_gain":0.0,"max_hp_loss":0.0,"gold_gain":0.0,"event_name":"N\u0027loth","player_choice":"Traded Relic","floor":22.0,"relics_lost":["Unceasing Top"],"gold_loss":0.0,"damage_taken":0.0,"relics_obtained":["Nloth\u0027s Gift"]},{"damage_healed":0.0,"max_hp_gain":0.0,"max_hp_loss":0.0,"gold_gain":0.0,"event_name":"SensoryStone","player_choice":"Memory 1","floor":38.0,"gold_loss":0.0,"damage_taken":0.0}],"is_beta":true,"boss_relics":[{"not_picked":["Runic Dome","Pandora\u0027s Box"],"picked":"Tiny House"},{"not_picked":["HolyWater","Snecko Eye"],"picked":"Velvet Choker"}],"items_purged_floors":[14,21,36],"is_endless":false,"potions_floor_spawned":[5,7,10,16,18,19,30,31,33,35],"killed_by":"Spire Growth","ascension_level":3}