{"gold_per_floor":[118,43,43,43,60,60,119,119,146,169,199,211,223,205],"floor_reached":14,"playtime":791,"items_purged":["Strike_G"],"score":82,"play_id":"56b0e1d6-4bf0-44e1-b1ce-7788984767c9","local_time":"20190806141208","is_ascension_mode":true,"campfire_choices":[{"data":"Neutralize","floor":6,"key":"SMITH"},{"floor":8,"key":"REST"},{"data":"Dodge and Roll","floor":13,"key":"SMITH"}],"neow_cost":"NONE","seed_source_timestamp":4268328663000,"circlet_count":0,"master_deck":["Strike_G","Strike_G","Strike_G","Strike_G","Defend_G","Defend_G","Defend_G","Defend_G+1","Defend_G","Survivor","Neutralize+1","Deep Breath","Catalyst+1","Dodge and Roll+1","Blur"],"relics":["Ring of the Snake","Smiling Mask","MawBank","Golden Idol"],"potions_floor_usage":[5,7,11,14],"damage_taken":[{"damage":1,"enemies":"Small Slimes","floor":1,"turns":4},{"damage":1,"enemies":"Jaw Worm","floor":5,"turns":6},{"damage":29,"enemies":"3 Sentries","floor":7,"turns":16},{"damage":1,"enemies":"Cultist","floor":10,"turns":5},{"damage":0,"enemies":"2 Fungi Beasts","floor":11,"turns":5},{"damage":0,"enemies":"Exordium Thugs","floor":14,"turns":3}],"seed_played":"-1083223168982233757","potions_obtained":[{"floor":4,"key":"GamblersBrew"},{"floor":4,"key":"Dexterity Potion"},{"floor":4,"key":"FearPotion"},{"floor":7,"key":"EssenceOfSteel"},{"floor":10,"key":"Swift Potion"}],"is_trial":false,"path_per_floor":["M","$","?","?","M","R","?","R","T","M","M","?","R","M"],"character_chosen":"THE_SILENT","items_purchased":[],"campfire_rested":1,"item_purchase_floors":[],"current_hp_per_floor":[69,69,55,55,54,54,25,46,46,45,45,45,45,45],"gold":205,"neow_bonus":"RANDOM_COLORLESS","is_prod":false,"is_daily":false,"chose_seed":false,"campfire_upgraded":2,"win_rate":0,"timestamp":1565097128,"path_taken":["M","$","?","?","?","R","?","R","T","M","M","?","R","?"],"build_version":"2019-07-17","purchased_purges":1,"victory":false,"max_hp_per_floor":[70,70,70,70,70,70,70,70,70,70,70,65,65,65],"card_choices":[{"not_picked":["Endless Agony","Choke"],"picked":"Catalyst","floor":1},{"not_picked":["Dagger Throw","Outmaneuver","Slice"],"picked":"SKIP","floor":5},{"not_picked":["Blade Dance","Bane"],"picked":"Dodge and Roll","floor":10},{"not_picked":["Eviscerate","Quick Slash"],"picked":"Blur","floor":11}],"player_experience":101335,"relics_obtained":[{"floor":7,"key":"Smiling Mask"},{"floor":9,"key":"MawBank"}],"event_choices":[{"damage_healed":0,"gold_gain":0,"player_choice":"Entered Light","damage_taken":14,"max_hp_gain":0,"max_hp_loss":0,"event_name":"Shining Light","floor":3,"gold_loss":0,"cards_upgraded":["Defend_G","Catalyst"]},{"damage_healed":0,"gold_gain":0,"player_choice":"Got Potions","damage_taken":0,"max_hp_gain":0,"max_hp_loss":0,"event_name":"Lab","floor":4,"gold_loss":0},{"damage_healed":0,"gold_gain":0,"player_choice":"Searched \u00271\u0027 times","damage_taken":0,"max_hp_gain":0,"max_hp_loss":0,"event_name":"Dead Adventurer","floor":7,"gold_loss":0},{"damage_healed":0,"gold_gain":0,"player_choice":"Lose Max HP","damage_taken":0,"relics_obtained":["Golden Idol"],"max_hp_gain":0,"max_hp_loss":5,"event_name":"Golden Idol","floor":12,"gold_loss":0}],"is_beta":false,"boss_relics":[],"items_purged_floors":[2],"is_endless":false,"potions_floor_spawned":[7,10],"killed_by":"Exordium Thugs","ascension_level":1}