{"gold_per_floor":[115,115,11,21,21,53,70,99,147,147,147,147,27,46,46,141,141,155,4,17,0,11,11,11,11,37,63,63,13,13,29,29,127,127,140,140,38,58,107,107,107,107,107,36,36,36,36,55,55,55],"floor_reached":50,"playtime":2503,"items_purged":["Strike_B","Defend_B","Defend_B","Defend_B"],"score":572,"play_id":"20d7cba9-0691-4565-b636-5084e6f9bf39","local_time":"20190828113552","is_ascension_mode":true,"campfire_choices":[{"floor":10,"key":"REST"},{"floor":12,"key":"REST"},{"data":"Defragment","floor":15,"key":"SMITH"},{"data":"Capacitor","floor":23,"key":"SMITH"},{"data":"Zap","floor":25,"key":"SMITH"},{"floor":32,"key":"REST"},{"floor":40,"key":"REST"},{"data":"Seek","floor":45,"key":"SMITH"},{"data":"Loop","floor":47,"key":"SMITH"},{"floor":49,"key":"REST"}],"neow_cost":"NONE","seed_source_timestamp":1236917905700,"circlet_count":0,"master_deck":["Defend_B","Zap+1","Dualcast+1","Hologram","Defragment+1","Coolheaded","Electrodynamics","FTL","Force Field","Conserve Battery+1","Capacitor+1","Go for the Eyes","Reinforced Body","All For One+1","Cold Snap","Consume+1","Defragment","Cold Snap","Scrape","Go for the Eyes+1","Seek+1","Gash","Jack Of All Trades","Loop+1","Chill+1","Conserve Battery+1"],"relics":["Cracked Core","NeowsBlessing","PreservedInsect","Potion Belt","Odd Mushroom","Dream Catcher","Empty Cage","War Paint","Smiling Mask","Busted Crown","Juzu Bracelet","Bottled Tornado"],"potions_floor_usage":[16,22,22,22,31,50,50],"damage_taken":[{"damage":0,"enemies":"2 Louse","floor":1,"turns":1},{"damage":0,"enemies":"Jaw Worm","floor":4,"turns":1},{"damage":0,"enemies":"3 Sentries","floor":6,"turns":2},{"damage":8,"enemies":"Small Slimes","floor":7,"turns":4},{"damage":18,"enemies":"The Mushroom Lair","floor":8,"turns":3},{"damage":13,"enemies":"2 Fungi Beasts","floor":14,"turns":3},{"damage":3,"enemies":"Hexaghost","floor":16,"turns":10},{"damage":7,"enemies":"Shell Parasite","floor":18,"turns":9},{"damage":14,"enemies":"3 Byrds","floor":20,"turns":3},{"damage":10,"enemies":"Cultist and Chosen","floor":22,"turns":9},{"damage":17,"enemies":"Book of Stabbing","floor":27,"turns":6},{"damage":10,"enemies":"Chosen and Byrds","floor":31,"turns":4},{"damage":33,"enemies":"Collector","floor":33,"turns":12},{"damage":24,"enemies":"3 Darklings","floor":35,"turns":2},{"damage":0,"enemies":"3 Shapes","floor":38,"turns":2},{"damage":41,"enemies":"Jaw Worm Horde","floor":48,"turns":3},{"damage":67,"enemies":"Time Eater","floor":50,"turns":7}],"seed_played":"6532570888771679332","potions_obtained":[{"floor":4,"key":"FearPotion"},{"floor":8,"key":"FearPotion"},{"floor":16,"key":"SteroidPotion"},{"floor":20,"key":"EssenceOfSteel"},{"floor":27,"key":"SteroidPotion"},{"floor":33,"key":"Poison Potion"},{"floor":48,"key":"Swift Potion"}],"is_trial":false,"path_per_floor":["M","?","$","M","$","E","M","?","T","R","?","R","$","M","R","B",null,"M","$","M","?","M","R","?","R","T","E","$","$","?","M","R","B",null,"M","?","$","M","T","R","?","?","T","$","R","?","R","M","R","B"],"character_chosen":"DEFECT","items_purchased":["Defragment","Coolheaded","Go for the Eyes","Cold Snap","Gash","Loop"],"campfire_rested":5,"item_purchase_floors":[3,3,13,19,37,44],"current_hp_per_floor":[75,57,57,57,57,57,49,31,31,53,46,68,68,55,55,52,75,68,68,54,54,44,44,69,69,69,52,52,52,52,42,64,31,75,51,51,51,51,51,73,73,73,73,73,73,73,73,32,54,0],"gold":55,"neow_bonus":"THREE_ENEMY_KILL","is_prod":false,"is_daily":false,"chose_seed":false,"campfire_upgraded":5,"win_rate":0,"timestamp":1566988552,"path_taken":["M","?","$","M","?","E","M","?","T","R","?","R","$","M","R","BOSS","M","$","M","?","M","R","?","R","T","E","?","$","?","M","R","BOSS","M","?","$","M","?","R","?","?","T","?","R","?","R","M","R","BOSS"],"build_version":"2019-07-17","purchased_purges":4,"victory":false,"max_hp_per_floor":[75,75,75,75,75,75,75,75,75,75,75,75,75,75,75,75,75,75,75,75,75,75,75,75,75,75,75,75,75,75,75,75,75,75,75,75,75,75,75,75,75,75,75,75,75,75,75,75,75,75],"card_choices":[{"not_picked":["Steam","Turbo"],"picked":"Hologram","floor":1},{"not_picked":["Redo","Reinforced Body"],"picked":"Electrodynamics","floor":4},{"not_picked":["Gash","Conserve Battery"],"picked":"FTL","floor":6},{"not_picked":["Double Energy","Gash"],"picked":"Force Field","floor":7},{"not_picked":["Hello World","Beam Cell"],"picked":"Conserve Battery","floor":8},{"not_picked":["Stack","Storm"],"picked":"Capacitor","floor":12},{"not_picked":["Stack","Gash"],"picked":"Reinforced Body","floor":14},{"not_picked":["Meteor Strike","Buffer"],"picked":"All For One","floor":16},{"not_picked":["Turbo","Storm"],"picked":"Leap","floor":18},{"not_picked":["Double Energy","Static Discharge+1"],"picked":"Consume+1","floor":20},{"not_picked":["Steam Power","Storm"],"picked":"Defragment","floor":22},{"not_picked":["Go for the Eyes","Streamline+1"],"picked":"Cold Snap","floor":27},{"not_picked":["Sweeping Beam","Conserve Battery"],"picked":"Scrape","floor":31},{"not_picked":["Tempest","Doom and Gloom"],"picked":"Go for the Eyes+1","floor":32},{"not_picked":["Machine Learning","Reboot"],"picked":"Seek","floor":33},{"not_picked":["Steam"],"picked":"SKIP","floor":35},{"not_picked":["Beam Cell"],"picked":"SKIP","floor":38},{"not_picked":[],"picked":"Jack Of All Trades","floor":42},{"not_picked":[],"picked":"Chill+1","floor":48},{"not_picked":[],"picked":"Conserve Battery+1","floor":49}],"player_experience":172361,"relics_obtained":[{"floor":6,"key":"Potion Belt"},{"floor":8,"key":"Odd Mushroom"},{"floor":9,"key":"Dream Catcher"},{"floor":26,"key":"War Paint"},{"floor":27,"key":"Smiling Mask"},{"floor":39,"key":"Juzu Bracelet"},{"floor":43,"key":"Bottled Tornado"}],"event_choices":[{"damage_healed":0,"gold_gain":0,"player_choice":"Success","damage_taken":18,"relics_obtained":["PreservedInsect"],"max_hp_gain":0,"max_hp_loss":0,"event_name":"Scrap Ooze","floor":2,"gold_loss":0},{"damage_healed":0,"gold_gain":0,"player_choice":"Fought Mushrooms","damage_taken":0,"max_hp_gain":0,"max_hp_loss":0,"event_name":"Mushrooms","floor":8,"gold_loss":0},{"cards_removed":["Strike_B"],"damage_healed":0,"gold_gain":0,"player_choice":"Card Removal","damage_taken":7,"max_hp_gain":0,"max_hp_loss":0,"event_name":"Golden Wing","floor":11,"gold_loss":0},{"damage_healed":0,"gold_gain":0,"player_choice":"Paid Fearfully","damage_taken":0,"max_hp_gain":0,"max_hp_loss":0,"event_name":"Masked Bandits","floor":21,"gold_loss":17},{"damage_healed":25,"gold_gain":0,"player_choice":"Heal","damage_taken":0,"max_hp_gain":0,"max_hp_loss":0,"event_name":"The Library","floor":24,"gold_loss":0},{"damage_healed":0,"gold_gain":0,"player_choice":"Upgraded","damage_taken":0,"max_hp_gain":0,"max_hp_loss":0,"event_name":"Upgrade Shrine","floor":30,"gold_loss":0,"cards_upgraded":["All For One"]},{"damage_healed":0,"gold_gain":0,"player_choice":"Ignored","damage_taken":0,"max_hp_gain":0,"max_hp_loss":0,"event_name":"Tomb of Lord Red Mask","floor":36,"gold_loss":0},{"cards_removed":["Leap"],"damage_healed":0,"gold_gain":0,"player_choice":"Removed Skill","damage_taken":0,"max_hp_gain":0,"max_hp_loss":0,"event_name":"Falling","floor":41,"gold_loss":0},{"damage_healed":0,"gold_gain":0,"player_choice":"Memory 1","damage_taken":0,"max_hp_gain":0,"max_hp_loss":0,"event_name":"SensoryStone","floor":42,"gold_loss":0},{"damage_healed":0,"gold_gain":0,"player_choice":"Leave","damage_taken":0,"max_hp_gain":0,"max_hp_loss":0,"event_name":"FaceTrader","floor":46,"gold_loss":0}],"is_beta":false,"boss_relics":[{"not_picked":["Fusion Hammer","Lizard Tail"],"picked":"Empty Cage"},{"not_picked":["Orrery","Pandora\u0027s Box"],"picked":"Busted Crown"}],"items_purged_floors":[13,19,29,37],"is_endless":false,"potions_floor_spawned":[4,8,16,20,27,33,48],"killed_by":"Time Eater","ascension_level":4}