{"gold_per_floor":[115,135,149,149,167,167,167,23,49,68,85,85,118,129,129,232,232,245,256,31,50,50,50,78,97,97,97,111,11,28,44,44,146,146,165,183,183,198,216,216,247,247,247,6,22,0,11,22,22,22],"floor_reached":51,"playtime":4136,"items_purged":["Strike_R","Pain","Defend_R"],"score":682,"play_id":"30031323-3c7c-4f2a-b9be-b710c49b0fa6","local_time":"20190908173456","is_ascension_mode":false,"campfire_choices":[{"data":"Bash","floor":6,"key":"SMITH"},{"data":"Feel No Pain","floor":12,"key":"SMITH"},{"floor":15,"key":"REST"},{"floor":23,"key":"REST"},{"floor":32,"key":"REST"},{"data":"Barricade","floor":40,"key":"SMITH"},{"data":"Entrench","floor":42,"key":"SMITH"},{"floor":49,"key":"REST"}],"neow_cost":"","seed_source_timestamp":21511052151900,"circlet_count":0,"master_deck":["Strike_R","Strike_R","Defend_R","Defend_R","Defend_R+1","Bash+1","Pommel Strike","Battle Trance","Armaments+1","Power Through","Feel No Pain+1","Clothesline","Body Slam","Impervious","Barricade+1","Shrug It Off","Carnage","Shrug It Off","Second Wind","Reaper","Flame Barrier","Disarm","Entrench+1","Impervious","Pommel Strike","Reckless Charge","Metallicize","Shockwave","Clothesline+1","Shockwave+1","Body Slam"],"relics":["Burning Blood","Dream Catcher","Potion Belt","Ancient Tea Set","Cursed Key","PreservedInsect","Pocketwatch","Vajra","Sozu","Bag of Marbles","Red Mask"],"potions_floor_usage":[3,11,13,21,33,48,50,50],"damage_taken":[{"damage":1,"enemies":"2 Louse","floor":1,"turns":3},{"damage":3,"enemies":"Jaw Worm","floor":2,"turns":4},{"damage":2,"enemies":"Small Slimes","floor":3,"turns":2},{"damage":5,"enemies":"2 Fungi Beasts","floor":5,"turns":4},{"damage":0,"enemies":"Blue Slaver","floor":10,"turns":4},{"damage":0,"enemies":"3 Louse","floor":11,"turns":2},{"damage":10,"enemies":"3 Sentries","floor":13,"turns":10},{"damage":10,"enemies":"Looter","floor":14,"turns":3},{"damage":43,"enemies":"The Guardian","floor":16,"turns":11},{"damage":5,"enemies":"Chosen","floor":18,"turns":6},{"damage":13,"enemies":"3 Byrds","floor":19,"turns":8},{"damage":11,"enemies":"Centurion and Healer","floor":21,"turns":8},{"damage":10,"enemies":"Gremlin Leader","floor":24,"turns":8},{"damage":2,"enemies":"Cultist and Chosen","floor":25,"turns":7},{"damage":11,"enemies":"Snake Plant","floor":28,"turns":4},{"damage":0,"enemies":"Centurion and Healer","floor":30,"turns":8},{"damage":18,"enemies":"Shelled Parasite and Fungi","floor":31,"turns":6},{"damage":15,"enemies":"Champ","floor":33,"turns":12},{"damage":12,"enemies":"3 Shapes","floor":35,"turns":4},{"damage":0,"enemies":"3 Darklings","floor":36,"turns":9},{"damage":0,"enemies":"Sphere and 2 Shapes","floor":38,"turns":7},{"damage":8,"enemies":"Jaw Worm Horde","floor":39,"turns":6},{"damage":4,"enemies":"Nemesis","floor":41,"turns":13},{"damage":9,"enemies":"4 Shapes","floor":45,"turns":6},{"damage":13,"enemies":"Spire Growth","floor":47,"turns":6},{"damage":7,"enemies":"Writhing Mass","floor":48,"turns":6},{"damage":21,"enemies":"Awakened One","floor":50,"turns":17}],"seed_played":"-5313227840104759839","potions_obtained":[{"floor":1,"key":"Explosive Potion"},{"floor":2,"key":"Explosive Potion"},{"floor":11,"key":"Dexterity Potion"},{"floor":13,"key":"BloodPotion"},{"floor":18,"key":"Weak Potion"},{"floor":21,"key":"Regen Potion"},{"floor":25,"key":"LiquidBronze"},{"floor":31,"key":"Ancient Potion"}],"is_trial":false,"path_per_floor":["M","M","M","?","M","R","?","$","T","M","M","R","E","M","R","B",null,"M","M","$","M","?","R","E","M","T","$","M","$","M","M","R","B",null,"M","M","?","M","M","R","E","R","T","$","M","?","M","M","R","B",null],"character_chosen":"IRONCLAD","items_purchased":["Dream Catcher","PreservedInsect","Metallicize","Shockwave"],"campfire_rested":4,"item_purchase_floors":[8,20,44,44],"current_hp_per_floor":[80,80,80,64,65,65,65,65,65,71,77,77,73,69,80,43,80,80,73,73,68,59,80,76,80,80,80,75,75,80,68,80,78,80,80,80,80,80,79,79,80,80,80,80,80,80,73,79,80,80],"gold":22,"neow_bonus":"","is_prod":false,"is_daily":false,"chose_seed":false,"campfire_upgraded":4,"win_rate":0.0,"timestamp":1567960496,"path_taken":["M","M","M","?","M","R","?","$","T","M","M","R","E","M","R","BOSS","M","M","$","M","?","R","E","M","T","$","M","$","M","M","R","BOSS","M","M","?","M","M","R","E","R","T","$","M","?","M","M","R","BOSS"],"build_version":"2019-08-26","purchased_purges":3,"victory":true,"max_hp_per_floor":[80,80,80,80,80,80,80,80,80,80,80,80,80,80,80,80,80,80,80,80,80,80,80,80,80,80,80,80,80,80,80,80,80,80,80,80,80,80,80,80,80,80,80,80,80,80,80,80,80,80],"card_choices":[{"not_picked":["Burning Pact","Infernal Blade"],"picked":"Pommel Strike","floor":1},{"not_picked":["Iron Wave","Shrug It Off"],"picked":"Battle Trance","floor":2},{"not_picked":["Pommel Strike","Bloodletting"],"picked":"Armaments","floor":3},{"not_picked":["Body Slam","Berserk"],"picked":"Power Through","floor":5},{"not_picked":["Sword Boomerang","Rage"],"picked":"Feel No Pain","floor":10},{"not_picked":["Warcry","Anger"],"picked":"Clothesline","floor":11},{"not_picked":["Clothesline","Cleave","Iron Wave"],"picked":"SKIP","floor":13},{"not_picked":["Headbutt","Corruption"],"picked":"Body Slam","floor":14},{"not_picked":["Bloodletting","Cleave"],"picked":"Impervious","floor":15},{"not_picked":["Reaper","Double Tap"],"picked":"Barricade","floor":16},{"not_picked":["Iron Wave","Sword Boomerang+1"],"picked":"Shrug It Off","floor":18},{"not_picked":["Clothesline+1","Perfected Strike","Armaments"],"picked":"SKIP","floor":19},{"not_picked":["Fire Breathing+1","Ghostly Armor"],"picked":"Carnage","floor":21},{"not_picked":["Clothesline+1","Thunderclap"],"picked":"Shrug It Off","floor":23},{"not_picked":["Combust","Rampage"],"picked":"Second Wind","floor":24},{"not_picked":["Headbutt","Twin Strike"],"picked":"Reaper","floor":25},{"not_picked":["Headbutt+1","Sword Boomerang"],"picked":"Flame Barrier","floor":28},{"not_picked":["Twin Strike","Clash"],"picked":"Disarm","floor":30},{"not_picked":["True Grit+1","Headbutt+1"],"picked":"Entrench","floor":31},{"not_picked":["Barricade","Double Tap"],"picked":"Impervious","floor":33},{"not_picked":["Warcry+1","Clash","Clothesline+1"],"picked":"SKIP","floor":35},{"not_picked":["Sword Boomerang+1","Thunderclap+1","Uppercut"],"picked":"SKIP","floor":36},{"not_picked":["Clothesline","Thunderclap+1","Seeing Red+1"],"picked":"SKIP","floor":38},{"not_picked":["Sword Boomerang+1","Clothesline"],"picked":"Pommel Strike","floor":39},{"not_picked":["Sword Boomerang+1","Flex+1"],"picked":"Reckless Charge","floor":41},{"not_picked":["Twin Strike","Fire Breathing+1","Anger+1"],"picked":"SKIP","floor":45},{"not_picked":["Clash+1","Dual Wield+1"],"picked":"Clothesline+1","floor":47},{"not_picked":["Fire Breathing","Warcry+1"],"picked":"Shockwave+1","floor":48},{"not_picked":["Pummel+1","Perfected Strike"],"picked":"Body Slam","floor":49}],"player_experience":0,"relics_obtained":[{"floor":9,"key":"Potion Belt"},{"floor":13,"key":"Ancient Tea Set"},{"floor":24,"key":"Pocketwatch"},{"floor":26,"key":"Vajra"},{"floor":41,"key":"Bag of Marbles"}],"event_choices":[{"damage_healed":0,"gold_gain":0,"player_choice":"Entered Light","damage_taken":16,"max_hp_gain":0,"max_hp_loss":0,"event_name":"Shining Light","floor":4,"gold_loss":0,"cards_upgraded":["Defend_R","Armaments"]},{"cards_removed":["Strike_R"],"damage_healed":0,"gold_gain":0,"player_choice":"Forget","damage_taken":0,"max_hp_gain":0,"max_hp_loss":0,"event_name":"Living Wall","floor":7,"gold_loss":0},{"damage_healed":0,"gold_gain":0,"player_choice":"Stopped","damage_taken":9,"max_hp_gain":0,"max_hp_loss":0,"event_name":"Cursed Tome","floor":22,"gold_loss":0},{"cards_removed":["Strike_R"],"damage_healed":0,"gold_gain":0,"player_choice":"Removed Attack","damage_taken":0,"max_hp_gain":0,"max_hp_loss":0,"event_name":"Falling","floor":37,"gold_loss":0},{"damage_healed":0,"gold_gain":0,"player_choice":"Paid","damage_taken":0,"relics_obtained":["Red Mask"],"max_hp_gain":0,"max_hp_loss":0,"event_name":"Tomb of Lord Red Mask","floor":46,"gold_loss":22}],"is_beta":true,"boss_relics":[{"not_picked":["Black Star","Eternal Feather"],"picked":"Cursed Key"},{"not_picked":["Philosopher\u0027s Stone","Runic Cube"],"picked":"Sozu"}],"items_purged_floors":[20,29,44],"is_endless":false,"potions_floor_spawned":[1,2,11,13,18,21,25,31,38,45,47],"ascension_level":0}