{"gold_per_floor":[117,136,146,221,221,221,256,272,322,338,338,338,349,365,365,470,470,488,500,514,514,533,545,470,490,490,490,504,504,504,522,522,522],"floor_reached":33,"playtime":764,"items_purged":[],"score":255,"play_id":"d5f1e778-2748-4915-9c61-d43e7ab3bdfa","local_time":"20190401011628","is_ascension_mode":false,"campfire_choices":[{"data":"Pommel Strike","floor":6.0,"key":"SMITH"},{"data":"Disarm","floor":11.0,"key":"SMITH"},{"data":"Shrug It Off","floor":15.0,"key":"SMITH"},{"data":"Ghostly Armor","floor":27.0,"key":"SMITH"},{"data":"True Grit","floor":29.0,"key":"SMITH"},{"floor":32.0,"key":"REST"}],"neow_cost":"NONE","seed_source_timestamp":1117035686900,"circlet_count":0,"master_deck":["Strike_R","Strike_R","Strike_R","Strike_R","Defend_R","Defend_R","Defend_R","Bash+1","Shrug It Off+1","Pommel Strike+1","Fiend Fire+1","Disarm+1","Headbutt+1","Perfected Strike+1","Immolate+1","Pommel Strike+1","Perfected Strike+1","Ghostly Armor+1","RitualDagger+1","Warcry+1","Clothesline+1","Perfected Strike+1","True Grit+1"],"special_seed":0,"relics":["Burning Blood","Molten Egg 2","Centennial Puzzle","Sozu","Sundial"],"potions_floor_usage":[],"damage_taken":[{"damage":13.0,"enemies":"Jaw Worm","floor":1.0,"turns":3.0},{"damage":0.0,"enemies":"2 Louse","floor":2.0,"turns":3.0},{"damage":2.0,"enemies":"Small Slimes","floor":3.0,"turns":3.0},{"damage":28.0,"enemies":"Gremlin Nob","floor":7.0,"turns":4.0},{"damage":7.0,"enemies":"Blue Slaver","floor":8.0,"turns":2.0},{"damage":9.0,"enemies":"Exordium Wildlife","floor":10.0,"turns":3.0},{"damage":2.0,"enemies":"Red Slaver","floor":13.0,"turns":4.0},{"damage":7.0,"enemies":"Blue Slaver","floor":14.0,"turns":2.0},{"damage":43.0,"enemies":"Hexaghost","floor":16.0,"turns":10.0},{"damage":3.0,"enemies":"2 Thieves","floor":18.0,"turns":2.0},{"damage":0.0,"enemies":"Spheric Guardian","floor":19.0,"turns":3.0},{"damage":1.0,"enemies":"Snecko","floor":20.0,"turns":3.0},{"damage":26.0,"enemies":"Snake Plant","floor":22.0,"turns":4.0},{"damage":8.0,"enemies":"Shelled Parasite and Fungi","floor":23.0,"turns":2.0},{"damage":0.0,"enemies":"Sentry and Sphere","floor":25.0,"turns":3.0},{"damage":10.0,"enemies":"Cultist and Chosen","floor":28.0,"turns":3.0},{"damage":9.0,"enemies":"Centurion and Healer","floor":31.0,"turns":3.0},{"damage":88,"enemies":"Collector","floor":33,"turns":8}],"seed_played":"8613561996130046378","potions_obtained":[{"floor":2.0,"key":"LiquidBronze"},{"floor":8.0,"key":"PowerPotion"},{"floor":14.0,"key":"Block Potion"}],"is_trial":false,"path_per_floor":["M","M","M","?","?","R","E","M","T","M","R","?","M","M","R","B",null,"M","M","M","?","M","M","?","M","T","R","M","R","?","M","R","B"],"character_chosen":"IRONCLAD","items_purchased":[],"campfire_rested":1,"item_purchase_floors":[],"current_hp_per_floor":[73,79,80,69,74,74,52,51,51,48,48,48,52,51,51,14,85,85,85,85,79,59,57,57,63,63,63,59,59,59,56,81,0],"gold":522,"neow_bonus":"UPGRADE_CARD","is_prod":false,"is_daily":false,"chose_seed":false,"campfire_upgraded":5,"win_rate":0,"timestamp":1554106588,"path_taken":["M","M","M","?","?","R","E","M","T","?","R","?","M","M","R","BOSS","M","M","M","?","M","M","?","M","T","R","M","R","?","M","R","BOSS"],"build_version":"2019-01-23","purchased_purges":0,"victory":false,"max_hp_per_floor":[80,80,80,80,85,85,85,85,85,85,85,85,85,85,85,85,85,85,85,85,85,85,85,85,85,85,85,85,85,85,85,85,85],"card_choices":[{"not_picked":["Anger","Iron Wave"],"picked":"Shrug It Off","floor":1.0},{"not_picked":["Thunderclap","Second Wind"],"picked":"Pommel Strike","floor":2.0},{"not_picked":["Armaments","Dropkick","Sword Boomerang"],"picked":"SKIP","floor":3.0},{"not_picked":["Anger","Ghostly Armor"],"picked":"Fiend Fire","floor":7.0},{"not_picked":["Fire Breathing","Entrench"],"picked":"Disarm","floor":8.0},{"not_picked":["Pommel Strike+1","Disarm"],"picked":"Headbutt+1","floor":10.0},{"not_picked":["Thunderclap+1","Metallicize","Body Slam+1"],"picked":"SKIP","floor":13.0},{"not_picked":["Sword Boomerang+1","Blood for Blood+1"],"picked":"Perfected Strike+1","floor":14.0},{"not_picked":["Impervious","Limit Break"],"picked":"Immolate+1","floor":16.0},{"not_picked":["Armaments","Seeing Red"],"picked":"Pommel Strike+1","floor":18.0},{"not_picked":["Second Wind","Flex"],"picked":"Perfected Strike+1","floor":19.0},{"not_picked":["Rage","Bloodletting"],"picked":"Ghostly Armor","floor":20.0},{"not_picked":["Bloodletting+1","Sever Soul+1"],"picked":"Warcry+1","floor":22.0},{"not_picked":["Infernal Blade","Rampage+1"],"picked":"Clothesline+1","floor":23.0},{"not_picked":["Metallicize+1","Seeing Red"],"picked":"Perfected Strike+1","floor":25.0},{"not_picked":["Burning Pact","Dropkick+1"],"picked":"True Grit","floor":28.0},{"not_picked":["Sword Boomerang+1","Cleave+1","Corruption"],"picked":"SKIP","floor":31.0}],"player_experience":1128361,"relics_obtained":[{"floor":7.0,"key":"Molten Egg 2"},{"floor":9.0,"key":"Centennial Puzzle"},{"floor":26.0,"key":"Sundial"}],"event_choices":[{"damage_healed":0.0,"max_hp_gain":0.0,"max_hp_loss":0.0,"gold_gain":75.0,"event_name":"World of Goop","player_choice":"Gather Gold","floor":4.0,"gold_loss":0.0,"damage_taken":11.0},{"damage_healed":0.0,"max_hp_gain":5.0,"max_hp_loss":0.0,"gold_gain":0.0,"event_name":"Big Fish","player_choice":"Donut","floor":5.0,"gold_loss":0.0,"damage_taken":0.0},{"cards_removed":["Strike_R"],"damage_healed":0.0,"max_hp_gain":0.0,"max_hp_loss":0.0,"gold_gain":0.0,"event_name":"Living Wall","player_choice":"Forget","floor":12.0,"gold_loss":0.0,"damage_taken":0.0},{"damage_healed":0.0,"max_hp_gain":0.0,"max_hp_loss":0.0,"gold_gain":0.0,"event_name":"Nest","player_choice":"Joined the Cult","floor":21.0,"gold_loss":0.0,"damage_taken":6.0,"cards_obtained":["RitualDagger"]},{"cards_removed":["Defend_R"],"damage_healed":0.0,"max_hp_gain":0.0,"max_hp_loss":0.0,"gold_gain":0.0,"event_name":"Beggar","player_choice":"Gave Gold","floor":24.0,"gold_loss":75.0,"damage_taken":0.0},{"damage_healed":0.0,"max_hp_gain":0.0,"max_hp_loss":0.0,"gold_gain":0.0,"event_name":"Ghosts","player_choice":"Ignored","floor":30.0,"gold_loss":0.0,"damage_taken":0.0}],"is_beta":false,"boss_relics":[{"not_picked":["Runic Cube","Philosopher\u0027s Stone"],"picked":"Sozu"}],"items_purged_floors":[],"is_endless":false,"potions_floor_spawned":[2,8,14,16,18,19,20,25],"killed_by":"Collector","ascension_level":0}