{"gold_per_floor":[109,109,129,129,129,170,170,183,209,209,229,154,167,19,19,147,147,161,161,161,179,20,55,69,69],"floor_reached":25,"playtime":1270,"items_purged":["Injury"],"score":254,"play_id":"c16cfc6a-9b98-420b-a979-64c21669c315","local_time":"20180825114647","is_ascension_mode":true,"campfire_choices":[{"data":"Anger","floor":7,"key":"SMITH"},{"floor":10,"key":"REST"},{"data":"Armaments","floor":15,"key":"SMITH"}],"neow_cost":"NONE","seed_source_timestamp":841219643150300,"circlet_count":0,"master_deck":["Strike_R+1","Strike_R+1","Strike_R+1","Defend_R","Defend_R+1","Defend_R","Bash+1","Anger+1","Headbutt","Spot Weakness","Uppercut","Armaments+1","Iron Wave","Feed","Dropkick+1","Shrug It Off","Immolate","Flame Barrier","Shrug It Off+1"],"relics":["Burning Blood","Golden Idol","Potion Belt","Incense Burner","Whetstone","Strawberry","Empty Cage","Pen Nib","Dream Catcher"],"potions_floor_usage":[6,23,23,25,25],"damage_taken":[{"damage":4,"enemies":"2 Louse","floor":1,"turns":4},{"damage":4,"enemies":"Jaw Worm","floor":3,"turns":2},{"damage":22,"enemies":"Lagavulin","floor":6,"turns":5},{"damage":0,"enemies":"Small Slimes","floor":8,"turns":2},{"damage":12,"enemies":"Blue Slaver","floor":11,"turns":3},{"damage":0,"enemies":"Looter","floor":13,"turns":2},{"damage":33,"enemies":"The Guardian","floor":16,"turns":7},{"damage":14,"enemies":"Shell Parasite","floor":18,"turns":6},{"damage":22,"enemies":"3 Byrds","floor":21,"turns":7},{"damage":6,"enemies":"Book of Stabbing","floor":23,"turns":4},{"damage":32,"enemies":"Sentry and Sphere","floor":24,"turns":7},{"damage":55,"enemies":"Gremlin Leader","floor":25,"turns":5}],"seed_played":"-3866201396479940411","potions_obtained":[{"floor":1,"key":"Dexterity Potion"},{"floor":3,"key":"Poison Potion"},{"floor":6,"key":"Block Potion"},{"floor":11,"key":"PowerPotion"},{"floor":18,"key":"BloodPotion"}],"is_trial":false,"path_per_floor":["M","?","M","?","?","E","R","M","T","R","M","$","M","$","R","B",null,"M","?","?","M","$","E","M"],"character_chosen":"IRONCLAD","items_purchased":["Strawberry","Immolate"],"campfire_rested":1,"item_purchase_floors":[14,22],"current_hp_per_floor":[80,64,66,66,59,43,43,49,49,73,67,67,73,80,80,53,87,79,79,79,67,67,67,44,0],"gold":69,"neow_bonus":"UPGRADE_CARD","is_prod":false,"is_daily":false,"chose_seed":false,"campfire_upgraded":2,"win_rate":0,"timestamp":1535222807,"path_taken":["M","?","M","?","?","E","R","M","T","R","M","$","M","$","R","BOSS","M","?","?","M","?","E","M","E"],"build_version":"2018-08-23v2","purchased_purges":1,"victory":false,"max_hp_per_floor":[80,80,80,80,80,80,80,80,80,80,80,80,80,87,87,87,87,87,87,87,91,91,91,94,94],"card_choices":[{"not_picked":["Havoc","Hemokinesis"],"picked":"Anger","floor":1},{"not_picked":["Evolve","Rage"],"picked":"Headbutt","floor":3},{"not_picked":["Bludgeon","Body Slam"],"picked":"Spot Weakness","floor":6},{"not_picked":["Rupture","Combust"],"picked":"Uppercut","floor":8},{"not_picked":["Clothesline","Sword Boomerang"],"picked":"Armaments","floor":11},{"not_picked":["Brutality","Warcry"],"picked":"Iron Wave","floor":13},{"not_picked":["Reaper","Juggernaut"],"picked":"Feed","floor":16},{"not_picked":["Sever Soul","Perfected Strike"],"picked":"Dropkick+1","floor":18},{"not_picked":["Armaments+1","Headbutt+1"],"picked":"Shrug It Off","floor":21},{"not_picked":["Brutality","Flex"],"picked":"Flame Barrier","floor":23},{"not_picked":["Perfected Strike+1","Thunderclap+1"],"picked":"Shrug It Off+1","floor":24}],"player_experience":254815,"relics_obtained":[{"floor":6,"key":"Incense Burner"},{"floor":9,"key":"Whetstone"},{"floor":23,"key":"Dream Catcher"}],"event_choices":[{"event_name":"Shining Light","player_choice":"Entered Light","floor":2,"damage_taken":0},{"event_name":"Golden Idol","player_choice":"Take Wound","floor":4,"damage_taken":0},{"event_name":"Scrap Ooze","player_choice":"success","floor":5,"damage_taken":7},{"event_name":"Back to Basics","player_choice":"Elegance","floor":19,"damage_taken":0},{"event_name":"The Mausoleum","player_choice":"Yes","floor":20,"damage_taken":0}],"is_beta":false,"boss_relics":[{"not_picked":["Fusion Hammer","Runic Pyramid"],"picked":"Empty Cage"}],"items_purged_floors":[12],"is_endless":false,"potions_floor_spawned":[1,3,6,11,18],"killed_by":"Gremlin Leader","ascension_level":3}