{"gold_per_floor":[119,119,129,79,96,96,130,130,130,163,15,115,142,152,152,257,257,276,226,241,260,260,294,294,306,332,343,343,374,374,402,402,504,504,518,518,529,408,418,451,39,39,39,68,21,21,32,52,52,52],"floor_reached":51,"playtime":3152,"items_purged":["Strike_P","Defend_P","Defend_P"],"score":1006,"play_id":"555efd03-6378-4857-ae51-2bca2b89c54e","local_time":"20190910205033","is_ascension_mode":true,"campfire_choices":[{"data":"Ragnarok","floor":6.0,"key":"SMITH"},{"data":"Vigilance","floor":8.0,"key":"SMITH"},{"data":"EmptyMind","floor":15.0,"key":"SMITH"},{"floor":24,"key":"REST"},{"data":"Sanctity","floor":28,"key":"SMITH"},{"floor":32,"key":"REST"},{"floor":42,"key":"REST"},{"data":"PathToVictory","floor":46,"key":"SMITH"},{"data":"Protect","floor":49,"key":"SMITH"}],"neow_cost":"NONE","seed_source_timestamp":42239942800570,"circlet_count":0,"master_deck":["Strike_P+1","Eruption+1","Vigilance+1","Ragnarok+1","DeceiveReality+1","Consecrate","EmptyFist","EmptyMind+1","Vault","JustLucky","Metaphysics","Fasting","EmptyBody+1","InnerPeace+1","FearNoEvil+1","Sanctity+1","Conclude","ThirdEye","LessonLearned","Crescendo","PathToVictory+1","Weave","Weave+1","WaveOfTheHand","Protect+1"],"special_seed":0,"relics":["PureWater","Dodecahedron","Whetstone","Smiling Mask","TungstenRod","Orichalcum","Empty Cage","MutagenicStrength","Bag of Preparation","Regal Pillow","Pear","Shuriken","Philosopher\u0027s Stone","MealTicket","Vajra","HandDrill","Bottled Flame","Letter Opener"],"potions_floor_usage":[23,30,31,31,39,40,50,50,50],"damage_taken":[{"damage":1.0,"enemies":"Jaw Worm","floor":1.0,"turns":3.0},{"damage":0.0,"enemies":"Small Slimes","floor":3.0,"turns":3.0},{"damage":0.0,"enemies":"2 Louse","floor":5.0,"turns":2.0},{"damage":0.0,"enemies":"Lagavulin","floor":7.0,"turns":5.0},{"damage":0.0,"enemies":"Gremlin Nob","floor":10.0,"turns":2.0},{"damage":0.0,"enemies":"Lagavulin","floor":13.0,"turns":6.0},{"damage":0.0,"enemies":"Exordium Thugs","floor":14.0,"turns":4.0},{"damage":0.0,"enemies":"Slime Boss","floor":16.0,"turns":5.0},{"damage":0.0,"enemies":"Spheric Guardian","floor":18.0,"turns":1.0},{"damage":19.0,"enemies":"2 Thieves","floor":20.0,"turns":2.0},{"damage":11.0,"enemies":"Centurion and Healer","floor":21.0,"turns":11.0},{"damage":6,"enemies":"Slavers","floor":23,"turns":4},{"damage":0,"enemies":"Shelled Parasite and Fungi","floor":25,"turns":4},{"damage":0,"enemies":"Snecko","floor":27,"turns":2},{"damage":0,"enemies":"Gremlin Leader","floor":29,"turns":8},{"damage":0,"enemies":"Chosen and Byrds","floor":30,"turns":1},{"damage":42,"enemies":"Book of Stabbing","floor":31,"turns":7},{"damage":43,"enemies":"Champ","floor":33,"turns":9},{"damage":4,"enemies":"Orb Walker","floor":35,"turns":2},{"damage":16,"enemies":"3 Darklings","floor":37,"turns":6},{"damage":16,"enemies":"4 Shapes","floor":39,"turns":7},{"damage":23,"enemies":"Giant Head","floor":40,"turns":7},{"damage":0,"enemies":"Reptomancer","floor":44,"turns":2},{"damage":1,"enemies":"Sphere and 2 Shapes","floor":47,"turns":3},{"damage":0,"enemies":"Maw","floor":48,"turns":3},{"damage":28,"enemies":"Donu and Deca","floor":50,"turns":5}],"seed_played":"-6017404288847110163","potions_obtained":[{"floor":1.0,"key":"SpeedPotion"},{"floor":3.0,"key":"Block Potion"},{"floor":5.0,"key":"Block Potion"},{"floor":14.0,"key":"Fruit Juice"},{"floor":21.0,"key":"Swift Potion"},{"floor":23,"key":"SmokeBomb"},{"floor":33,"key":"Strength Potion"},{"floor":35,"key":"Energy Potion"},{"floor":37,"key":"StancePotion"},{"floor":39,"key":"SteroidPotion"}],"is_trial":false,"path_per_floor":["M","?","M","?","M","R","E","R","T","E","$","?","E","M","R","B",null,"M","$","M","M","?","E","R","M","T","M","R","E","M","E","R","B",null,"M","?","M","$","M","E","$","R","T","E","$","R","M","M","R","B",null],"character_chosen":"WATCHER","items_purchased":["TungstenRod","PathToVictory","SteroidPotion","Vajra","HandDrill","Protect"],"campfire_rested":3,"item_purchase_floors":[11,38,41,41,41,45],"current_hp_per_floor":[64,64,64,64,64,64,64,64,64,64,64,64,64,69,69,69,70,70,70,51,40,40,34,55,55,55,55,55,65,65,23,62,19,80,76,76,60,60,44,21,36,75,75,75,80,80,79,79,79,51],"gold":52,"neow_bonus":"ONE_RANDOM_RARE_CARD","is_prod":false,"is_daily":false,"chose_seed":false,"campfire_upgraded":6,"win_rate":0,"timestamp":1568116233,"path_taken":["M","?","M","?","M","R","E","R","T","E","?","?","E","M","R","BOSS","M","$","M","M","?","E","R","M","T","M","R","E","M","E","R","BOSS","M","?","M","$","?","E","$","R","T","E","$","R","M","M","R","BOSS"],"build_version":"2019-09-09v2","purchased_purges":3,"victory":true,"max_hp_per_floor":[65,65,65,65,65,65,65,65,65,65,65,65,65,70,70,70,70,70,70,70,70,70,70,70,70,70,70,70,80,80,80,80,80,80,80,80,80,80,80,80,80,80,80,80,80,80,80,80,80,80],"card_choices":[{"not_picked":["SandsOfTime","Weave"],"picked":"DeceiveReality","floor":1.0},{"not_picked":["FollowUp","FlyingSleeves"],"picked":"Consecrate","floor":3.0},{"not_picked":["CrushJoints","Tantrum"],"picked":"EmptyFist","floor":5.0},{"not_picked":["FollowUp","Vengeance"],"picked":"EmptyMind","floor":7.0},{"not_picked":["WindmillStrike","CutThroughFate"],"picked":"Vault","floor":10.0},{"not_picked":["Prostrate","Halt"],"picked":"JustLucky","floor":13.0},{"not_picked":["Evaluate","InnerPeace","FlurryOfBlows"],"picked":"SKIP","floor":14.0},{"not_picked":["Brilliance","Wallop"],"picked":"Metaphysics","floor":16.0},{"not_picked":["Protect+1","FlyingSleeves+1"],"picked":"Fasting","floor":18.0},{"not_picked":["Consecrate","Halt+1"],"picked":"EmptyBody","floor":20.0},{"not_picked":["Weave","FlyingSleeves"],"picked":"InnerPeace+1","floor":21.0},{"not_picked":["Adaptation","EmptyBody"],"picked":"FearNoEvil+1","floor":23},{"not_picked":["EmptyMind","CrushJoints","Metaphysics"],"picked":"SKIP","floor":25},{"not_picked":["Meditate","FearNoEvil"],"picked":"Sanctity","floor":27},{"not_picked":["BowlingBash+1","CrushJoints"],"picked":"Conclude","floor":29},{"not_picked":["CutThroughFate","Consecrate"],"picked":"ThirdEye","floor":31},{"not_picked":["Omniscience","Nirvana"],"picked":"LessonLearned","floor":33},{"not_picked":["CleanseEvil+1","Sanctity"],"picked":"Crescendo","floor":35},{"not_picked":["CutThroughFate","ClearTheMind+1","Crescendo+1"],"picked":"SKIP","floor":37},{"not_picked":["Vengeance+1","Weave","Sanctity+1"],"picked":"SKIP","floor":39},{"not_picked":["Vengeance+1","Sanctity+1"],"picked":"Weave","floor":39},{"not_picked":["Consecrate","ForeignInfluence+1","Weave"],"picked":"SKIP","floor":40},{"not_picked":["Consecrate","ForeignInfluence+1"],"picked":"Weave","floor":40},{"not_picked":["ClearTheMind","Omniscience"],"picked":"WaveOfTheHand","floor":44},{"not_picked":["CrushJoints","ClearTheMind","Crescendo+1"],"picked":"SKIP","floor":47},{"not_picked":["EmptyMind","Consecrate","PathToVictory"],"picked":"SKIP","floor":48}],"player_experience":583214,"relics_obtained":[{"floor":7.0,"key":"Dodecahedron"},{"floor":9.0,"key":"Whetstone"},{"floor":10.0,"key":"Smiling Mask"},{"floor":13.0,"key":"Orichalcum"},{"floor":23,"key":"Bag of Preparation"},{"floor":26,"key":"Regal Pillow"},{"floor":29,"key":"Pear"},{"floor":31,"key":"Shuriken"},{"floor":40,"key":"MealTicket"},{"floor":43,"key":"Bottled Flame"},{"floor":44,"key":"Letter Opener"}],"event_choices":[{"damage_healed":0.0,"max_hp_gain":0.0,"max_hp_loss":0.0,"gold_gain":0.0,"event_name":"Living Wall","player_choice":"Grow","floor":2.0,"gold_loss":0.0,"damage_taken":0.0,"cards_upgraded":["DeceiveReality"]},{"cards_removed":["Strike_P"],"damage_healed":0.0,"max_hp_gain":0.0,"max_hp_loss":0.0,"gold_gain":0.0,"event_name":"The Cleric","player_choice":"Card Removal","floor":4.0,"gold_loss":50.0,"damage_taken":0.0},{"damage_healed":0.0,"max_hp_gain":0.0,"max_hp_loss":0.0,"gold_gain":100.0,"event_name":"Golden Shrine","player_choice":"Pray","floor":12.0,"gold_loss":0.0,"damage_taken":0.0},{"damage_healed":0.0,"max_hp_gain":0.0,"max_hp_loss":0.0,"gold_gain":0.0,"event_name":"Drug Dealer","player_choice":"Inject Mutagens","floor":22.0,"gold_loss":0.0,"damage_taken":0.0,"relics_obtained":["MutagenicStrength"]},{"cards_removed":["Defend_P"],"damage_healed":0,"gold_gain":0,"player_choice":"Offered Basic","damage_taken":0,"max_hp_gain":0,"max_hp_loss":0,"event_name":"Bonfire Elementals","floor":36,"gold_loss":0}],"is_beta":true,"boss_relics":[{"not_picked":["Velvet Choker","Black Star"],"picked":"Empty Cage"},{"not_picked":["Coffee Dripper","Fusion Hammer"],"picked":"Philosopher\u0027s Stone"}],"items_purged_floors":[19,38,41],"is_endless":false,"potions_floor_spawned":[1,3,5,13,14,21,23,27,29,33,35,37,39,48],"ascension_level":1}