{"gold_per_floor":[116,116,131,56,4,38,38,71,71,71,82,111,128,128,128,200,200,210,223,223,242,242,255,269,269],"floor_reached":25,"playtime":1309,"items_purged":[],"score":424,"play_id":"6d62d8ce-bd6a-487c-8420-a9669b810a98","local_time":"20190216171726","is_ascension_mode":true,"campfire_choices":[{"floor":7,"key":"REST"},{"floor":10,"key":"REST"},{"data":"Coolheaded","floor":15,"key":"SMITH"}],"neow_cost":"NONE","seed_source_timestamp":405171481618100,"circlet_count":0,"master_deck":["AscendersBane","Strike_B","Strike_B","Strike_B","Defend_B","Defend_B","Defend_B","Defend_B","Zap+1","Dualcast+1","Glacier","Defragment","Compile Driver","Cold Snap","FTL","Leap","Genetic Algorithm","Coolheaded+1","Biased Cognition+1","Ball Lightning","Writhe","Loop+1","BootSequence+1"],"relics":["Cracked Core","Regal Pillow","StoneCalendar","DataDisk","Sundial","Frozen Egg 2","Runic Dome","Letter Opener"],"potions_floor_usage":[23,25],"damage_taken":[{"damage":1,"enemies":"Cultist","floor":1,"turns":3},{"damage":2,"enemies":"2 Louse","floor":3,"turns":4},{"damage":27,"enemies":"Lagavulin","floor":6,"turns":7},{"damage":32,"enemies":"3 Sentries","floor":8,"turns":7},{"damage":7,"enemies":"Jaw Worm","floor":11,"turns":2},{"damage":5,"enemies":"Lagavulin","floor":12,"turns":7},{"damage":5,"enemies":"2 Fungi Beasts","floor":13,"turns":4},{"damage":14,"enemies":"The Guardian","floor":16,"turns":12},{"damage":0,"enemies":"3 Byrds","floor":18,"turns":5},{"damage":4,"enemies":"Spheric Guardian","floor":19,"turns":4},{"damage":44,"enemies":"Shelled Parasite and Fungi","floor":21,"turns":4},{"damage":6,"enemies":"Centurion and Healer","floor":23,"turns":6},{"damage":0,"enemies":"Sentry and Sphere","floor":24,"turns":5},{"damage":14,"enemies":"Shelled Parasite and Fungi","floor":25,"turns":3}],"seed_played":"5216914835550191115","potions_obtained":[{"floor":8,"key":"Energy Potion"},{"floor":12,"key":"Fire Potion"},{"floor":19,"key":"FocusPotion"},{"floor":24,"key":"Explosive Potion"}],"is_trial":false,"path_per_floor":["M","?","M","?","$","E","R","E","T","R","M","E","M","?","R","B",null,"M","M","?","M","?","M","M","M"],"character_chosen":"DEFECT","items_purchased":["Compile Driver"],"campfire_rested":2,"item_purchase_floors":[5],"current_hp_per_floor":[63,63,61,61,61,34,70,38,38,71,64,59,54,54,54,40,63,63,59,59,15,15,9,9,0],"gold":269,"neow_bonus":"RANDOM_COMMON_RELIC","is_prod":false,"is_daily":false,"chose_seed":false,"campfire_upgraded":1,"win_rate":0,"timestamp":1550366246,"path_taken":["M","?","M","?","?","E","R","E","T","R","M","E","M","?","R","BOSS","M","M","?","M","?","M","M","M"],"build_version":"2019-01-23","purchased_purges":0,"victory":false,"max_hp_per_floor":[71,71,71,71,71,71,71,71,71,71,71,71,71,71,71,71,71,71,71,71,71,71,71,71,71],"card_choices":[{"not_picked":["Streamline","Genetic Algorithm"],"picked":"Glacier","floor":1},{"not_picked":["Conserve Battery","Chaos"],"picked":"Defragment","floor":3},{"not_picked":["Scrape","Blizzard"],"picked":"Cold Snap","floor":6},{"not_picked":["Glacier","Compile Driver"],"picked":"FTL","floor":8},{"not_picked":["Beam Cell","Recycle"],"picked":"Leap","floor":11},{"not_picked":["Hello World","Blizzard"],"picked":"Genetic Algorithm","floor":12},{"not_picked":["Rip and Tear","Compile Driver"],"picked":"Coolheaded","floor":13},{"not_picked":["Rainbow","Hyperbeam"],"picked":"Biased Cognition+1","floor":16},{"not_picked":["White Noise","Heatsinks+1"],"picked":"Ball Lightning","floor":18},{"not_picked":["Rebound","Ball Lightning","Steam"],"picked":"SKIP","floor":19},{"not_picked":["Undo","Turbo"],"picked":"Loop+1","floor":21},{"not_picked":["Beam Cell","Streamline"],"picked":"BootSequence+1","floor":23},{"not_picked":["Sweeping Beam","Lockon","Gash"],"picked":"SKIP","floor":24}],"player_experience":985651,"relics_obtained":[{"floor":6,"key":"StoneCalendar"},{"floor":8,"key":"DataDisk"},{"floor":9,"key":"Sundial"},{"floor":12,"key":"Frozen Egg 2"}],"event_choices":[{"damage_healed":0,"gold_gain":0,"player_choice":"Grow","damage_taken":0,"max_hp_gain":0,"max_hp_loss":0,"event_name":"Living Wall","floor":2,"gold_loss":0,"cards_upgraded":["Zap"]},{"cards_removed":["Strike_B"],"damage_healed":0,"gold_gain":0,"player_choice":"Card Removal","damage_taken":0,"max_hp_gain":0,"max_hp_loss":0,"event_name":"The Cleric","floor":4,"gold_loss":75},{"damage_healed":0,"gold_gain":0,"player_choice":"Ignored","damage_taken":0,"max_hp_gain":0,"max_hp_loss":0,"event_name":"Liars Game","floor":14,"gold_loss":0},{"damage_healed":0,"gold_gain":0,"player_choice":"Opened","damage_taken":0,"relics_obtained":["Letter Opener"],"max_hp_gain":0,"max_hp_loss":0,"event_name":"The Mausoleum","floor":20,"gold_loss":0,"cards_obtained":["Writhe"]},{"damage_healed":0,"gold_gain":0,"player_choice":"Upgraded","damage_taken":0,"max_hp_gain":0,"max_hp_loss":0,"event_name":"Upgrade Shrine","floor":22,"gold_loss":0,"cards_upgraded":["Dualcast"]}],"is_beta":false,"boss_relics":[{"not_picked":["Velvet Choker","Calling Bell"],"picked":"Runic Dome"}],"items_purged_floors":[],"is_endless":false,"potions_floor_spawned":[8,12,19,24],"killed_by":"Shelled Parasite and Fungi","ascension_level":18}