{"gold_per_floor":[115,15,15,15,31,31,50,62,86,86,104,118,118,118,118,214,214,233,16,32,52,72,72,83,114,114,39,39,54,54,71,71,173,173,190,143,143,43,43,43,143,157,182,206,228,258,270,292,304,316],"floor_reached":51,"playtime":5459,"items_purged":["Strike_B","Defend_B"],"score":593,"play_id":"096ff378-3248-48ea-9393-1232dbb56143","local_time":"20190720215447","is_ascension_mode":false,"campfire_choices":[{"data":"Reinforced Body","floor":6,"key":"SMITH"},{"data":"Coolheaded","floor":10,"key":"SMITH"},{"data":"Self Repair","floor":13,"key":"SMITH"},{"data":"Force Field","floor":15,"key":"SMITH"},{"data":"Blizzard","floor":23,"key":"SMITH"},{"floor":28,"key":"DIG"},{"floor":32,"key":"DIG"},{"floor":40,"key":"DIG"},{"floor":47,"key":"DIG"},{"floor":49,"key":"DIG"}],"neow_cost":"NONE","seed_source_timestamp":15510503361200,"circlet_count":0,"master_deck":["Defend_B+1","Defend_B","Defend_B","Zap","Dualcast+1","Capacitor+1","Cold Snap+1","Tempest","Reinforced Body+1","Coolheaded+1","FTL","Force Field+1","Self Repair+1","Electrodynamics","Coolheaded+1","Blizzard+1","Loop+1","Self Repair","Barrage","Machine Learning","Cold Snap+1","Go for the Eyes","Defragment","FTL+1"],"relics":["FrozenCore","Strawberry","War Paint","Red Mask","Shovel","Happy Flower","Anchor","Fusion Hammer","StoneCalendar","MawBank","Centennial Puzzle","Bronze Scales"],"potions_floor_usage":[12,16,16,22,25,25,25,44,45,46,50],"damage_taken":[{"damage":5,"enemies":"Small Slimes","floor":1,"turns":4},{"damage":0,"enemies":"2 Louse","floor":5,"turns":3},{"damage":0,"enemies":"Cultist","floor":7,"turns":4},{"damage":1,"enemies":"2 Fungi Beasts","floor":8,"turns":4},{"damage":0,"enemies":"Blue Slaver","floor":11,"turns":4},{"damage":0,"enemies":"Exordium Wildlife","floor":12,"turns":4},{"damage":31,"enemies":"Slime Boss","floor":16,"turns":10},{"damage":10,"enemies":"Spheric Guardian","floor":18,"turns":7},{"damage":7,"enemies":"3 Byrds","floor":20,"turns":4},{"damage":12,"enemies":"Snake Plant","floor":21,"turns":7},{"damage":11,"enemies":"Snecko","floor":22,"turns":7},{"damage":2,"enemies":"Centurion and Healer","floor":24,"turns":8},{"damage":18,"enemies":"Masked Bandits","floor":25,"turns":5},{"damage":5,"enemies":"3 Cultists","floor":29,"turns":3},{"damage":2,"enemies":"Snecko","floor":31,"turns":7},{"damage":25,"enemies":"Champ","floor":33,"turns":16},{"damage":3,"enemies":"Orb Walker","floor":35,"turns":5},{"damage":0,"enemies":"3 Shapes","floor":42,"turns":4},{"damage":2,"enemies":"Sphere and 2 Shapes","floor":44,"turns":4},{"damage":0,"enemies":"Transient","floor":45,"turns":5},{"damage":3,"enemies":"Jaw Worm Horde","floor":46,"turns":4},{"damage":8,"enemies":"Spire Growth","floor":48,"turns":6},{"damage":20,"enemies":"Time Eater","floor":50,"turns":12}],"seed_played":"-8588496869908919672","potions_obtained":[{"floor":1,"key":"FocusPotion"},{"floor":8,"key":"EssenceOfSteel"},{"floor":11,"key":"FearPotion"},{"floor":16,"key":"GamblersBrew"},{"floor":20,"key":"LiquidBronze"},{"floor":21,"key":"Dexterity Potion"},{"floor":22,"key":"PowerPotion"},{"floor":33,"key":"Weak Potion"},{"floor":35,"key":"Block Potion"},{"floor":44,"key":"SpeedPotion"},{"floor":48,"key":"Swift Potion"}],"is_trial":false,"path_per_floor":["M","$","?","?","M","R","M","M","T","R","M","M","R","?","R","B",null,"M","$","M","M","M","R","M","?","T","?","R","M","$","M","R","B",null,"M","$","?","$","?","R","?","M","T","M","M","M","R","M","R","B",null],"character_chosen":"DEFECT","items_purchased":["Cold Snap","War Paint","Blizzard","Go for the Eyes"],"campfire_rested":0,"item_purchase_floors":[2,19,19,36],"current_hp_per_floor":[70,70,55,55,55,55,55,54,61,61,61,61,61,66,66,45,87,87,87,87,85,87,87,87,86,86,86,86,87,87,87,87,79,87,87,87,87,87,87,87,87,87,87,87,87,87,87,87,87,84],"gold":328,"neow_bonus":"REMOVE_CARD","is_prod":false,"is_daily":false,"chose_seed":false,"campfire_upgraded":5,"win_rate":0,"timestamp":1563656087,"path_taken":["M","$","?","?","M","R","?","M","T","R","M","M","R","?","R","BOSS","M","$","M","M","M","R","M","?","T","?","R","M","$","M","R","BOSS","M","$","?","$","?","R","?","M","T","M","?","M","R","M","R","BOSS"],"build_version":"2019-07-17","purchased_purges":2,"victory":true,"max_hp_per_floor":[75,75,75,75,75,75,75,75,82,82,82,82,82,87,87,87,87,87,87,87,87,87,87,87,87,87,87,87,87,87,87,87,87,87,87,87,87,87,87,87,87,87,87,87,87,87,87,87,87,87],"card_choices":[{"not_picked":["Gash","Sunder"],"picked":"Capacitor","floor":1},{"not_picked":["Chaos","Hologram"],"picked":"Reinforced Body","floor":5},{"not_picked":["Redo","Aggregate"],"picked":"Coolheaded","floor":7},{"not_picked":["Darkness","Ball Lightning"],"picked":"FTL","floor":8},{"not_picked":["Steam Power","Chaos"],"picked":"Force Field","floor":11},{"not_picked":["Sweeping Beam","Compile Driver"],"picked":"Self Repair","floor":12},{"not_picked":["Amplify","Buffer"],"picked":"Electrodynamics","floor":16},{"not_picked":["Steam Power+1","Leap"],"picked":"Coolheaded+1","floor":18},{"not_picked":["Streamline","Consume"],"picked":"Loop+1","floor":20},{"not_picked":["Storm","Gash"],"picked":"Self Repair","floor":21},{"not_picked":["Barrage","Streamline+1","Stack"],"picked":"SKIP","floor":22},{"not_picked":["Turbo+1","Sweeping Beam"],"picked":"BootSequence","floor":24},{"not_picked":["Sweeping Beam","Streamline+1"],"picked":"Barrage","floor":25},{"not_picked":["Blizzard","Auto Shields","Fusion+1"],"picked":"SKIP","floor":29},{"not_picked":["Doom and Gloom","Auto Shields","Undo+1"],"picked":"SKIP","floor":31},{"not_picked":["Amplify","Electrodynamics"],"picked":"Machine Learning","floor":33},{"not_picked":["Redo+1","Hologram"],"picked":"Cold Snap+1","floor":35},{"not_picked":["Scrape","Conserve Battery+1"],"picked":"Defragment","floor":42},{"not_picked":["Rebound+1","Stack+1"],"picked":"FTL+1","floor":44},{"not_picked":["Lockon","Genetic Algorithm","Undo+1"],"picked":"SKIP","floor":45},{"not_picked":["Compile Driver","Reinforced Body","Reprogram+1"],"picked":"SKIP","floor":46},{"not_picked":["Conserve Battery","Chaos","Leap+1"],"picked":"SKIP","floor":48}],"player_experience":85548,"relics_obtained":[{"floor":9,"key":"Strawberry"},{"floor":25,"key":"Red Mask"},{"floor":26,"key":"Shovel"},{"floor":28,"key":"Happy Flower"},{"floor":32,"key":"Anchor"},{"floor":40,"key":"StoneCalendar"},{"floor":43,"key":"MawBank"},{"floor":47,"key":"Centennial Puzzle"},{"floor":49,"key":"Bronze Scales"}],"event_choices":[{"damage_healed":0,"gold_gain":0,"player_choice":"Entered Light","damage_taken":15,"max_hp_gain":0,"max_hp_loss":0,"event_name":"Shining Light","floor":3,"gold_loss":0,"cards_upgraded":["Cold Snap","Capacitor"]},{"damage_healed":0,"gold_gain":0,"cards_transformed":["Strike_B"],"player_choice":"Transformed","damage_taken":0,"max_hp_gain":0,"max_hp_loss":0,"event_name":"Transmorgrifier","floor":4,"gold_loss":0,"cards_obtained":["Tempest"]},{"damage_healed":0,"gold_gain":0,"player_choice":"Donut","damage_taken":0,"max_hp_gain":5,"max_hp_loss":0,"event_name":"Big Fish","floor":14,"gold_loss":0},{"damage_healed":0,"gold_gain":0,"player_choice":"Fought Bandits","damage_taken":0,"max_hp_gain":0,"max_hp_loss":0,"event_name":"Masked Bandits","floor":25,"gold_loss":0},{"cards_removed":["Strike_B"],"damage_healed":0,"gold_gain":0,"player_choice":"Gave Gold","damage_taken":0,"max_hp_gain":0,"max_hp_loss":0,"event_name":"Beggar","floor":27,"gold_loss":75},{"damage_healed":0,"gold_gain":0,"player_choice":"Ignored","damage_taken":0,"max_hp_gain":0,"max_hp_loss":0,"event_name":"Mysterious Sphere","floor":37,"gold_loss":0},{"cards_removed":["BootSequence"],"damage_healed":0,"gold_gain":0,"player_choice":"Removed Skill","damage_taken":0,"max_hp_gain":0,"max_hp_loss":0,"event_name":"Falling","floor":39,"gold_loss":0},{"damage_healed":0,"gold_gain":100,"player_choice":"Pray","damage_taken":0,"max_hp_gain":0,"max_hp_loss":0,"event_name":"Golden Shrine","floor":41,"gold_loss":0}],"is_beta":false,"boss_relics":[{"not_picked":["Calling Bell","Busted Crown"],"picked":"FrozenCore"},{"not_picked":["Snecko Eye","Eternal Feather"],"picked":"Fusion Hammer"}],"items_purged_floors":[2,38],"is_endless":false,"potions_floor_spawned":[1,8,11,16,20,21,22,33,35,44,48],"ascension_level":0}