{"gold_per_floor":[118,129,144,159,159,159,334,351,351,365,365,0,19,32,32,32],"floor_reached":16,"playtime":2969,"items_purged":["Doubt"],"score":96,"play_id":"af9fd49c-3542-48b9-991c-b7d3ab16dac7","local_time":"20190703204331","is_ascension_mode":false,"campfire_choices":[{"data":"Coolheaded","floor":6,"key":"SMITH"},{"floor":11,"key":"REST"},{"data":"Force Field","floor":15,"key":"SMITH"}],"neow_cost":"NONE","seed_source_timestamp":11237642618700,"circlet_count":0,"master_deck":["Strike_B","Strike_B","Strike_B","Defend_B","Defend_B","Defend_B","Defend_B","Zap","Dualcast","Force Field+1","Coolheaded+1","Force Field","Coolheaded","Storm","Hologram","Defragment+1"],"relics":["Cracked Core","Anchor","Frozen Egg 2","WingedGreaves"],"potions_floor_usage":[10,13,16],"damage_taken":[{"damage":0,"enemies":"Small Slimes","floor":1,"turns":4},{"damage":0,"enemies":"2 Louse","floor":2,"turns":2},{"damage":4,"enemies":"Cultist","floor":3,"turns":3},{"damage":6,"enemies":"2 Fungi Beasts","floor":4,"turns":6},{"damage":0,"enemies":"Blue Slaver","floor":8,"turns":6},{"damage":11,"enemies":"Large Slime","floor":10,"turns":12},{"damage":6,"enemies":"3 Louse","floor":13,"turns":3},{"damage":2,"enemies":"Red Slaver","floor":14,"turns":6},{"damage":54,"enemies":"Hexaghost","floor":16,"turns":17}],"seed_played":"-3665474140892157414","potions_obtained":[{"floor":1,"key":"GamblersBrew"},{"floor":10,"key":"Fire Potion"},{"floor":13,"key":"Block Potion"}],"is_trial":false,"path_per_floor":["M","M","M","M","?","R","?","M","T","M","R","$","M","M","R","B"],"character_chosen":"DEFECT","items_purchased":["WingedGreaves"],"campfire_rested":1,"item_purchase_floors":[12],"current_hp_per_floor":[75,75,71,65,58,58,58,58,58,47,69,69,63,61,61,7],"gold":32,"neow_bonus":"RANDOM_COMMON_RELIC","is_prod":false,"is_daily":false,"chose_seed":false,"campfire_upgraded":2,"win_rate":0,"timestamp":1562183011,"path_taken":["M","M","M","M","?","R","?","M","T","M","R","$","M","M","R","BOSS"],"build_version":"2019-07-01","purchased_purges":1,"victory":false,"max_hp_per_floor":[75,75,75,75,75,75,75,75,75,75,75,75,75,75,75,75],"card_choices":[{"not_picked":["Consume","Chaos"],"picked":"Force Field","floor":1},{"not_picked":["Auto Shields","Undo"],"picked":"Coolheaded","floor":2},{"not_picked":["Barrage","Redo"],"picked":"Force Field","floor":3},{"not_picked":["Leap","Go for the Eyes"],"picked":"Coolheaded","floor":4},{"not_picked":["Beam Cell","Auto Shields"],"picked":"Storm","floor":8},{"not_picked":["Gash","Steam"],"picked":"Hologram","floor":10},{"not_picked":["Reprogram","Melter","Hologram"],"picked":"SKIP","floor":13},{"not_picked":["Steam","Rebound"],"picked":"Defragment+1","floor":14}],"player_experience":27232,"relics_obtained":[{"floor":9,"key":"Frozen Egg 2"}],"event_choices":[{"cards_removed":["Strike_B"],"damage_healed":0,"gold_gain":0,"player_choice":"Card Removal","damage_taken":7,"max_hp_gain":0,"max_hp_loss":0,"event_name":"Golden Wing","floor":5,"gold_loss":0},{"damage_healed":0,"gold_gain":175,"player_choice":"AGREE","damage_taken":0,"max_hp_gain":0,"max_hp_loss":0,"event_name":"Liars Game","floor":7,"gold_loss":0,"cards_obtained":["Doubt"]}],"is_beta":false,"boss_relics":[],"items_purged_floors":[12],"is_endless":false,"potions_floor_spawned":[1,10,13],"killed_by":"Hexaghost","ascension_level":0}