{"gold_per_floor":[112,287,287,113,128,128,153,166,166,166,201,13,13,44,44,117,117,131,46,58,73,92,92,118,118,118,144,144,156,187,17,17,94,394,411,73,90,104,122,122,137,137,162,162,162,162,176,192,192,192],"floor_reached":50,"playtime":1468,"items_purged":["Doubt","Strike_G","Defend_G"],"score":1089,"play_id":"eb4cfeab-13ef-4e44-80a2-cf0fef0a788a","local_time":"20190918011915","is_ascension_mode":true,"campfire_choices":[{"data":"Masterful Stab","floor":6.0,"key":"SMITH"},{"data":"Noxious Fumes","floor":10.0,"key":"SMITH"},{"data":"Footwork","floor":13.0,"key":"SMITH"},{"data":"Dodge and Roll","floor":15.0,"key":"SMITH"},{"data":"Neutralize","floor":23.0,"key":"SMITH"},{"data":"Cloak And Dagger","floor":25.0,"key":"SMITH"},{"floor":32.0,"key":"REST"},{"data":"Accuracy","floor":40.0,"key":"SMITH"},{"data":"Accuracy","floor":42.0,"key":"SMITH"},{"data":"Backflip","floor":44.0,"key":"SMITH"},{"floor":49.0,"key":"REST"}],"neow_cost":"NONE","seed_source_timestamp":330563110331409,"circlet_count":0,"master_deck":["AscendersBane","Strike_G","Strike_G","Strike_G","Defend_G","Defend_G","Defend_G","Defend_G","Survivor","Neutralize+1","Quick Slash","Footwork+1","Cloak And Dagger+1","Masterful Stab+1","Accuracy+1","Noxious Fumes+1","Masterful Stab","Dodge and Roll+1","Adrenaline","Slice+1","Accuracy+1","CurseOfTheBell","Backflip+1","Dash+1","Deflect","Dodge and Roll","Deflect+1"],"special_seed":0,"relics":["Ring of the Snake","PreservedInsect","StrikeDummy","Letter Opener","Bag of Marbles","Sling","Lizard Tail","WristBlade","Pen Nib","FossilizedHelix","Molten Egg 2","Paper Crane","Meat on the Bone","Calling Bell","Smiling Mask","Ornamental Fan","Old Coin","Du-Vu Doll","Centennial Puzzle"],"potions_floor_usage":[50,50],"damage_taken":[{"damage":7.0,"enemies":"Jaw Worm","floor":1.0,"turns":5.0},{"damage":1.0,"enemies":"2 Louse","floor":5.0,"turns":4.0},{"damage":8.0,"enemies":"Gremlin Nob","floor":7.0,"turns":4.0},{"damage":0.0,"enemies":"Cultist","floor":8.0,"turns":3.0},{"damage":0.0,"enemies":"Lagavulin","floor":11.0,"turns":7.0},{"damage":0.0,"enemies":"3 Sentries","floor":14.0,"turns":4.0},{"damage":0.0,"enemies":"Hexaghost","floor":16.0,"turns":9.0},{"damage":0.0,"enemies":"Chosen","floor":18.0,"turns":4.0},{"damage":0.0,"enemies":"Shell Parasite","floor":20.0,"turns":4.0},{"damage":0.0,"enemies":"Snecko","floor":21.0,"turns":3.0},{"damage":10.0,"enemies":"3 Cultists","floor":22.0,"turns":6.0},{"damage":0.0,"enemies":"Gremlin Leader","floor":24.0,"turns":2.0},{"damage":10.0,"enemies":"Slavers","floor":27.0,"turns":5.0},{"damage":0.0,"enemies":"Shelled Parasite and Fungi","floor":29.0,"turns":4.0},{"damage":21.0,"enemies":"Gremlin Leader","floor":30.0,"turns":3.0},{"damage":9.0,"enemies":"Champ","floor":33.0,"turns":10.0},{"damage":0.0,"enemies":"Orb Walker","floor":35.0,"turns":2.0},{"damage":0.0,"enemies":"3 Shapes","floor":37.0,"turns":2.0},{"damage":10.0,"enemies":"Writhing Mass","floor":38.0,"turns":7.0},{"damage":0.0,"enemies":"4 Shapes","floor":39.0,"turns":6.0},{"damage":0.0,"enemies":"Jaw Worm Horde","floor":41.0,"turns":3.0},{"damage":0.0,"enemies":"Maw","floor":47.0,"turns":6.0},{"damage":0.0,"enemies":"Transient","floor":48.0,"turns":5.0},{"damage":125,"enemies":"Time Eater","floor":50,"turns":16}],"seed_played":"4564193703315226954","potions_obtained":[{"floor":7.0,"key":"LiquidBronze"},{"floor":14.0,"key":"SpeedPotion"},{"floor":16.0,"key":"Strength Potion"},{"floor":27.0,"key":"Weak Potion"},{"floor":33.0,"key":"AttackPotion"},{"floor":47.0,"key":"SteroidPotion"}],"is_trial":false,"path_per_floor":["M","?","?","$","M","R","E","M","T","R","E","$","R","E","R","B",null,"M","?","M","M","M","R","E","R","T","E","?","M","E","$","R","B",null,"M","$","M","M","M","R","M","R","T","R","?","?","M","M","R","B"],"character_chosen":"THE_SILENT","items_purchased":["Footwork","Cloak And Dagger","Sling","Masterful Stab","Accuracy","Du-Vu Doll"],"campfire_rested":2,"item_purchase_floors":[4,4,12,12,31,36],"current_hp_per_floor":[56,56,56,56,55,55,47,47,47,47,47,47,47,47,47,47,64,64,64,64,64,54,54,54,54,54,44,31,31,10,10,32,35,65,65,65,65,55,55,55,55,55,55,55,55,55,55,55,75,0],"gold":192,"neow_bonus":"RANDOM_COMMON_RELIC","is_prod":false,"is_daily":false,"chose_seed":false,"campfire_upgraded":9,"win_rate":0,"timestamp":1568794755,"path_taken":["M","?","?","$","M","R","E","M","T","R","E","?","R","E","R","BOSS","M","?","M","M","M","R","E","R","T","E","?","M","E","$","R","BOSS","M","$","M","M","M","R","M","R","T","R","?","?","M","?","R","BOSS"],"build_version":"2019-09-17","purchased_purges":3,"victory":false,"max_hp_per_floor":[70,70,70,70,70,70,70,70,70,70,70,70,70,70,70,70,70,70,70,70,70,70,70,70,70,70,70,75,75,75,75,75,75,75,75,75,75,75,75,75,75,75,75,75,75,75,75,75,75,75],"card_choices":[{"not_picked":["Bane","Flying Knee"],"picked":"Quick Slash","floor":1.0},{"not_picked":["Well Laid Plans","Eviscerate"],"picked":"Masterful Stab","floor":5.0},{"not_picked":["Expertise","Tactician"],"picked":"Accuracy","floor":7.0},{"not_picked":["Backflip","Cloak And Dagger"],"picked":"Noxious Fumes","floor":8.0},{"not_picked":["Bane","Dagger Throw","Deflect"],"picked":"SKIP","floor":11.0},{"not_picked":["Quick Slash","Sucker Punch"],"picked":"Dodge and Roll","floor":14.0},{"not_picked":["Burst","A Thousand Cuts"],"picked":"Adrenaline","floor":16.0},{"not_picked":["Crippling Poison","Bane","Accuracy"],"picked":"SKIP","floor":18.0},{"not_picked":["Underhanded Strike","Outmaneuver","Reflex"],"picked":"SKIP","floor":20.0},{"not_picked":["Dagger Throw","Eviscerate","Crippling Poison"],"picked":"SKIP","floor":21.0},{"not_picked":["Dagger Spray","Quick Slash"],"picked":"Slice+1","floor":22.0},{"not_picked":["Finisher","Bane+1","Acrobatics"],"picked":"SKIP","floor":24.0},{"not_picked":["Flying Knee+1","Bane+1","Concentrate"],"picked":"SKIP","floor":27.0},{"not_picked":["Heel Hook+1","Storm of Steel","Accuracy"],"picked":"SKIP","floor":29.0},{"not_picked":["Dagger Spray+1","Slice+1","Acrobatics"],"picked":"SKIP","floor":30.0},{"not_picked":["Catalyst+1","Heel Hook+1","Riddle With Holes+1"],"picked":"SKIP","floor":35.0},{"not_picked":["Deadly Poison+1","All Out Attack+1"],"picked":"Backflip","floor":37.0},{"not_picked":["Riddle With Holes+1","Acrobatics"],"picked":"Dash+1","floor":38.0},{"not_picked":["Blade Dance","Dagger Spray+1","Burst"],"picked":"SKIP","floor":39.0},{"not_picked":["Distraction","Slice+1","Deflect"],"picked":"SKIP","floor":41.0},{"not_picked":["Distraction","Slice+1"],"picked":"Deflect","floor":41.0},{"not_picked":["Dagger Throw+1","Dagger Spray+1"],"picked":"Dodge and Roll","floor":47.0},{"not_picked":["PiercingWail","Outmaneuver"],"picked":"Deflect+1","floor":48.0}],"player_experience":660857,"relics_obtained":[{"floor":7.0,"key":"StrikeDummy"},{"floor":9.0,"key":"Letter Opener"},{"floor":11.0,"key":"Bag of Marbles"},{"floor":14.0,"key":"Lizard Tail"},{"floor":24.0,"key":"FossilizedHelix"},{"floor":26.0,"key":"Molten Egg 2"},{"floor":27.0,"key":"Paper Crane"},{"floor":30.0,"key":"Meat on the Bone"},{"floor":34.0,"key":"Smiling Mask"},{"floor":34.0,"key":"Ornamental Fan"},{"floor":34.0,"key":"Old Coin"},{"floor":43.0,"key":"Centennial Puzzle"}],"event_choices":[{"damage_healed":0.0,"max_hp_gain":0.0,"max_hp_loss":0.0,"gold_gain":175.0,"event_name":"Liars Game","player_choice":"AGREE","floor":2.0,"gold_loss":0.0,"damage_taken":0.0,"cards_obtained":["Doubt"]},{"cards_removed":["Strike_G"],"damage_healed":0.0,"max_hp_gain":0.0,"max_hp_loss":0.0,"gold_gain":0.0,"event_name":"Living Wall","player_choice":"Forget","floor":3.0,"gold_loss":0.0,"damage_taken":0.0},{"damage_healed":0.0,"max_hp_gain":0.0,"max_hp_loss":0.0,"gold_gain":0.0,"event_name":"Addict","player_choice":"Obtained Relic","floor":19.0,"gold_loss":85.0,"damage_taken":0.0,"relics_obtained":["Pen Nib"]},{"damage_healed":0.0,"max_hp_gain":5.0,"max_hp_loss":0.0,"gold_gain":0.0,"event_name":"Forgotten Altar","player_choice":"Shed Blood","floor":28.0,"gold_loss":0.0,"damage_taken":18.0},{"damage_healed":0.0,"max_hp_gain":0.0,"max_hp_loss":0.0,"gold_gain":0.0,"event_name":"SensoryStone","player_choice":"Memory 1","floor":45.0,"gold_loss":0.0,"damage_taken":0.0},{"damage_healed":0.0,"max_hp_gain":0.0,"max_hp_loss":0.0,"gold_gain":0.0,"event_name":"FaceTrader","player_choice":"Leave","floor":46.0,"gold_loss":0.0,"damage_taken":0.0}],"is_beta":true,"boss_relics":[{"not_picked":["Empty Cage","Black Star"],"picked":"WristBlade"},{"not_picked":["Coffee Dripper","HoveringKite"],"picked":"Calling Bell"}],"items_purged_floors":[4,31,36],"is_endless":false,"potions_floor_spawned":[7,14,16,27,33,38,39,47],"killed_by":"Time Eater","ascension_level":13}