{"gold_per_floor":[219,21,39,57,72,72,3,3,79,22,22,22,32,42,42,140,140,160,160,75,89,89,89,89,89,89,89,108,33,53,78,78,175,175,194,194,194,18,35,35,66,82,82,94,94,128,128,128,128,128],"floor_reached":51,"playtime":3911,"items_purged":["Injury","Shame"],"score":729,"play_id":"4c34dce9-cb16-4e00-9254-11c125bea97b","local_time":"20190708200505","is_ascension_mode":true,"campfire_choices":[{"data":"Defragment","floor":6,"key":"SMITH"},{"data":"Loop","floor":8,"key":"SMITH"},{"data":"Coolheaded","floor":15,"key":"SMITH"},{"data":"Defragment","floor":23,"key":"SMITH"},{"floor":27,"key":"REST"},{"data":"Dualcast","floor":32,"key":"SMITH"},{"data":"Defragment","floor":40,"key":"SMITH"},{"data":"Defragment","floor":45,"key":"SMITH"},{"data":"Go for the Eyes","floor":47,"key":"SMITH"},{"data":"Zap","floor":49,"key":"SMITH"}],"neow_cost":"NONE","seed_source_timestamp":5126252657500,"circlet_count":0,"master_deck":["Strike_B+1","Strike_B+1","Strike_B+1","Defend_B+1","Defend_B+1","Defend_B+1","Defend_B+1","Zap+1","Dualcast+1","Go for the Eyes+1","Defragment+1","Genetic Algorithm","Loop+1","Coolheaded+1","All For One","Defragment+1","Gash","FTL","Chill","Biased Cognition","Chill","Loop","Cold Snap+1","Loop","Defragment+1","FTL+1","Defragment+1"],"relics":["Cracked Core","Tiny Chest","Ornamental Fan","Anchor","Cursed Key","Kunai","Enchiridion","Shuriken","Bag of Preparation","Orrery","Girya","Oddly Smooth Stone"],"potions_floor_usage":[5,12,22,50,50],"damage_taken":[{"damage":0,"enemies":"2 Louse","floor":1,"turns":2},{"damage":1,"enemies":"Cultist","floor":3,"turns":3},{"damage":4,"enemies":"Small Slimes","floor":4,"turns":3},{"damage":5,"enemies":"Looter","floor":5,"turns":2},{"damage":10,"enemies":"2 Fungi Beasts","floor":13,"turns":4},{"damage":0,"enemies":"3 Louse","floor":14,"turns":3},{"damage":6,"enemies":"The Guardian","floor":16,"turns":12},{"damage":12,"enemies":"Spheric Guardian","floor":18,"turns":5},{"damage":0,"enemies":"Chosen","floor":21,"turns":5},{"damage":0,"enemies":"3 Cultists","floor":22,"turns":1},{"damage":0,"enemies":"Chosen and Byrds","floor":28,"turns":5},{"damage":0,"enemies":"Sentry and Sphere","floor":30,"turns":3},{"damage":28,"enemies":"Automaton","floor":33,"turns":9},{"damage":1,"enemies":"3 Darklings","floor":35,"turns":6},{"damage":0,"enemies":"Orb Walker","floor":39,"turns":5},{"damage":3,"enemies":"Nemesis","floor":41,"turns":9},{"damage":0,"enemies":"Sphere and 2 Shapes","floor":42,"turns":6},{"damage":0,"enemies":"4 Shapes","floor":44,"turns":5},{"damage":0,"enemies":"Giant Head","floor":46,"turns":9},{"damage":2,"enemies":"Donu and Deca","floor":50,"turns":6}],"seed_played":"-1940586362608987969","potions_obtained":[{"floor":4,"key":"Poison Potion"},{"floor":5,"key":"Strength Potion"},{"floor":12,"key":"SmokeBomb"},{"floor":12,"key":"Fruit Juice"},{"floor":12,"key":"Dexterity Potion"},{"floor":13,"key":"FocusPotion"},{"floor":35,"key":"Regen Potion"}],"is_trial":false,"path_per_floor":["M","$","M","M","M","R","$","R","T","?","$","?","M","M","R","B",null,"M","?","?","M","M","R","?","?","T","R","M","$","M","T","R","B",null,"M","?","?","$","M","R","E","M","T","M","R","E","R","?","R","B",null],"character_chosen":"DEFECT","items_purchased":["Tiny Chest","Defragment","Loop","Loop"],"campfire_rested":1,"item_purchase_floors":[2,2,7,38],"current_hp_per_floor":[75,75,74,70,65,65,65,65,65,65,65,70,60,60,60,54,80,68,68,68,68,68,68,52,52,52,76,76,76,76,76,76,48,80,79,79,79,79,79,79,76,76,76,76,76,76,76,76,76,74],"gold":128,"neow_bonus":"HUNDRED_GOLD","is_prod":false,"is_daily":false,"chose_seed":false,"campfire_upgraded":9,"win_rate":0,"timestamp":1562612705,"path_taken":["M","$","M","M","M","R","$","R","T","?","?","?","M","?","R","BOSS","M","?","?","M","M","R","?","?","T","R","M","$","M","?","R","BOSS","M","?","?","$","M","R","E","M","T","M","R","E","R","?","R","BOSS"],"build_version":"2019-07-05","purchased_purges":2,"victory":true,"max_hp_per_floor":[75,75,75,75,75,75,75,75,75,75,75,80,80,80,80,80,80,80,80,80,80,80,80,80,80,80,80,80,80,80,80,80,80,80,80,80,80,80,80,80,80,80,80,80,80,80,80,76,76,76],"card_choices":[{"not_picked":["Hologram","Turbo"],"picked":"Go for the Eyes","floor":1},{"not_picked":["Streamline","Stack","Steam"],"picked":"SKIP","floor":3},{"not_picked":["Sweeping Beam","Gash","Chaos"],"picked":"SKIP","floor":4},{"not_picked":["Heatsinks","BootSequence"],"picked":"Genetic Algorithm","floor":5},{"not_picked":["Ball Lightning","Gash"],"picked":"Coolheaded","floor":13},{"not_picked":["Streamline","Rebound","Leap"],"picked":"SKIP","floor":14},{"not_picked":["Buffer","Creative AI"],"picked":"All For One","floor":16},{"not_picked":["Sweeping Beam","Scrape"],"picked":"Defragment","floor":18},{"not_picked":["Auto Shields","Sweeping Beam"],"picked":"Gash","floor":21},{"not_picked":["Turbo+1","Melter"],"picked":"FTL","floor":28},{"not_picked":["Undo","Stack"],"picked":"Chill","floor":30},{"not_picked":["Electrodynamics","Multi-Cast"],"picked":"Biased Cognition","floor":33},{"not_picked":["Sweeping Beam+1","Leap"],"picked":"Chill","floor":34},{"not_picked":["Cold Snap","Leap"],"picked":"Loop","floor":34},{"not_picked":["Fusion+1","Reinforced Body"],"picked":"Cold Snap+1","floor":35},{"not_picked":["Chill+1","Beam Cell"],"picked":"Defragment","floor":39},{"not_picked":["Meteor Strike","Sweeping Beam","Turbo+1"],"picked":"SKIP","floor":41},{"not_picked":["Compile Driver+1","Redo+1"],"picked":"FTL+1","floor":42},{"not_picked":["Stack+1","Steam+1"],"picked":"Defragment","floor":44},{"not_picked":["Chill","Fusion+1","Tempest"],"picked":"SKIP","floor":46}],"player_experience":51906,"relics_obtained":[{"floor":9,"key":"Ornamental Fan"},{"floor":24,"key":"Enchiridion"},{"floor":26,"key":"Shuriken"},{"floor":31,"key":"Bag of Preparation"},{"floor":41,"key":"Girya"},{"floor":46,"key":"Oddly Smooth Stone"}],"event_choices":[{"damage_healed":0,"gold_gain":0,"player_choice":"Paid Gold","damage_taken":0,"relics_obtained":["Anchor"],"max_hp_gain":0,"max_hp_loss":0,"event_name":"WeMeetAgain","floor":10,"gold_loss":57},{"damage_healed":0,"gold_gain":0,"player_choice":"Got Potions","damage_taken":0,"max_hp_gain":0,"max_hp_loss":0,"event_name":"Lab","floor":12,"gold_loss":0},{"damage_healed":0,"gold_gain":0,"player_choice":"Ignored","damage_taken":0,"max_hp_gain":0,"max_hp_loss":0,"event_name":"Vampires","floor":19,"gold_loss":0},{"damage_healed":0,"gold_gain":0,"player_choice":"Obtained Relic","damage_taken":0,"relics_obtained":["Kunai"],"max_hp_gain":0,"max_hp_loss":0,"event_name":"Addict","floor":20,"gold_loss":85},{"damage_healed":0,"gold_gain":0,"player_choice":"Obtained Book","damage_taken":16,"max_hp_gain":0,"max_hp_loss":0,"event_name":"Cursed Tome","floor":24,"gold_loss":0},{"damage_healed":0,"gold_gain":0,"player_choice":"Simplicity","damage_taken":0,"max_hp_gain":0,"max_hp_loss":0,"event_name":"Back to Basics","floor":25,"gold_loss":0,"cards_upgraded":["Strike_B","Strike_B","Strike_B","Strike_B","Defend_B","Defend_B","Defend_B","Defend_B"]},{"damage_healed":0,"gold_gain":0,"player_choice":"Ignored","damage_taken":0,"max_hp_gain":0,"max_hp_loss":0,"event_name":"Mysterious Sphere","floor":36,"gold_loss":0},{"cards_removed":["Strike_B"],"damage_healed":0,"gold_gain":0,"player_choice":"Removed Attack","damage_taken":0,"max_hp_gain":0,"max_hp_loss":0,"event_name":"Falling","floor":37,"gold_loss":0},{"damage_healed":0,"gold_gain":0,"player_choice":"Max HP","damage_taken":0,"max_hp_gain":0,"max_hp_loss":4,"event_name":"Winding Halls","floor":48,"gold_loss":0}],"is_beta":false,"boss_relics":[{"not_picked":["Coffee Dripper","Runic Pyramid"],"picked":"Cursed Key"},{"not_picked":["Lizard Tail","Busted Crown"],"picked":"Orrery"}],"items_purged_floors":[29,38],"is_endless":false,"potions_floor_spawned":[4,5,13,14,18,22,35],"ascension_level":1}