{"gold_per_floor":[116,66,86,104,104,104,134,134,134,134,169,179,195,270,270,373,373,373,313,313,49,49,49,49,49,49,49,49,49,49,49,49,49,49,49,49,49,49,49,49,49,49,49,49,49,49,49,49,49,49],"floor_reached":51,"playtime":2807,"items_purged":[],"score":941,"play_id":"9bccb2d2-2906-4c69-9df1-696a34efbeb6","local_time":"20180926221104","is_ascension_mode":true,"campfire_choices":[{"data":"Zap","floor":6.0,"key":"SMITH"},{"data":"Buffer","floor":8.0,"key":"SMITH"},{"data":"Go for the Eyes","floor":10.0,"key":"SMITH"},{"data":"Hologram","floor":15.0,"key":"SMITH"},{"floor":25,"key":"REST"},{"data":"Dualcast","floor":27,"key":"SMITH"},{"data":"Zap","floor":29,"key":"SMITH"},{"floor":32,"key":"REST"},{"data":"Steam Power","floor":40,"key":"SMITH"},{"data":"Steam Power","floor":42,"key":"SMITH"},{"data":"White Noise","floor":44,"key":"SMITH"},{"data":"Violence","floor":49,"key":"SMITH"}],"neow_cost":"NONE","seed_source_timestamp":0,"circlet_count":0,"master_deck":["Zap+1","Dualcast+1","Buffer+1","Steam","Go for the Eyes+1","Hologram+1","FTL","Ball Lightning+1","Self Repair","Beam Cell+1","Amplify","White Noise+1","All For One+1","Violence+1","Madness","Gash+1","BootSequence","Steam Power+1","Beam Cell+1","Hologram+1","Reboot","Blizzard+1","Compile Driver+1","Steam Power+1","Go for the Eyes+1","Streamline+1","Hologram","Gash+1","Defragment+1","Skim","Chill+1","Defragment+1","Steam"],"special_seed":0,"relics":["Cracked Core","Dodecahedron","Sundial","Molten Egg 2","Ectoplasm","Meat on the Bone","Letter Opener","Pandora\u0027s Box","Smiling Mask"],"potions_floor_usage":[19,33,38],"damage_taken":[{"damage":0.0,"enemies":"2 Louse","floor":1.0,"turns":4.0},{"damage":1.0,"enemies":"Cultist","floor":3.0,"turns":3.0},{"damage":0.0,"enemies":"Small Slimes","floor":4.0,"turns":4.0},{"damage":6.0,"enemies":"Gremlin Nob","floor":7.0,"turns":4.0},{"damage":25.0,"enemies":"3 Sentries","floor":11.0,"turns":8.0},{"damage":0.0,"enemies":"Looter","floor":12.0,"turns":2.0},{"damage":12.0,"enemies":"Lots of Slimes","floor":13.0,"turns":4.0},{"damage":20.0,"enemies":"Hexaghost","floor":16.0,"turns":9.0},{"damage":3,"enemies":"Chosen","floor":18,"turns":5},{"damage":7,"enemies":"2 Thieves","floor":19,"turns":4},{"damage":8,"enemies":"Chosen and Byrds","floor":22,"turns":5},{"damage":38,"enemies":"Gremlin Leader","floor":23,"turns":7},{"damage":15,"enemies":"3 Cultists","floor":28,"turns":5},{"damage":11,"enemies":"Sentry and Sphere","floor":30,"turns":3},{"damage":28,"enemies":"Centurion and Healer","floor":31,"turns":4},{"damage":48,"enemies":"Champ","floor":33,"turns":8},{"damage":3,"enemies":"3 Darklings","floor":35,"turns":3},{"damage":0,"enemies":"3 Shapes","floor":36,"turns":1},{"damage":3,"enemies":"Spire Growth","floor":38,"turns":2},{"damage":0,"enemies":"Jaw Worm Horde","floor":39,"turns":3},{"damage":6,"enemies":"Sphere and 2 Shapes","floor":41,"turns":3},{"damage":0,"enemies":"3 Darklings","floor":46,"turns":3},{"damage":47,"enemies":"Donu and Deca","floor":50,"turns":6}],"seed_played":"5190709763411797321","potions_obtained":[{"floor":3.0,"key":"SkillPotion"},{"floor":13.0,"key":"Block Potion"},{"floor":16.0,"key":"FearPotion"},{"floor":18,"key":"Block Potion"},{"floor":23,"key":"FearPotion"},{"floor":33,"key":"FairyPotion"},{"floor":35,"key":"Explosive Potion"},{"floor":38,"key":"Fire Potion"}],"is_trial":false,"path_per_floor":["M","?","M","M","?","R","E","R","T","R","E","M","M","?","R","B",null,"M","M","?","$","M","E","?","R","T","R","M","R","M","M","R","B",null,"M","M","?","M","M","R","M","R","T","R","$","M","?","?","R","B"],"character_chosen":"DEFECT","items_purchased":["Violence","Madness"],"campfire_rested":2,"item_purchase_floors":[21,21],"current_hp_per_floor":[68,68,67,67,72,72,66,66,66,66,41,41,36,25,25,12,63,67,60,60,60,66,28,28,52,52,52,63,63,52,43,67,38,70,80,80,80,77,77,77,78,78,78,78,78,80,80,76,76,48],"gold":49,"neow_bonus":"ONE_RANDOM_RARE_CARD","is_prod":false,"is_daily":false,"chose_seed":false,"campfire_upgraded":10,"win_rate":0,"timestamp":1538014264,"path_taken":["M","?","M","M","?","R","E","R","T","R","E","?","M","?","R","BOSS","M","M","?","$","M","E","?","R","T","R","M","R","M","M","R","BOSS","M","M","?","M","?","R","M","R","T","R","?","M","?","?","R","BOSS"],"build_version":"2018-09-25","purchased_purges":0,"victory":true,"max_hp_per_floor":[75,75,75,75,80,80,80,80,80,80,80,80,80,80,80,80,80,80,80,80,80,80,80,80,80,80,80,80,80,80,80,80,80,80,80,80,80,80,80,80,80,80,80,80,80,80,80,76,76,76],"card_choices":[{"not_picked":["Reprogram","Compile Driver"],"picked":"Steam","floor":1.0},{"not_picked":["Sweeping Beam","Loop"],"picked":"Go for the Eyes","floor":3.0},{"not_picked":["Cold Snap","Consume"],"picked":"Hologram","floor":4.0},{"not_picked":["Cold Snap","Steam"],"picked":"FTL","floor":7.0},{"not_picked":["BootSequence","Buffer"],"picked":"Ball Lightning","floor":11.0},{"not_picked":["Compile Driver+1","Turbo"],"picked":"Self Repair","floor":12.0},{"not_picked":["Leap","Doom and Gloom+1"],"picked":"Beam Cell+1","floor":13.0},{"not_picked":["Reboot","Machine Learning"],"picked":"Amplify","floor":16.0},{"not_picked":["Compile Driver+1","Stack","Turbo+1"],"picked":"SKIP","floor":18},{"not_picked":["Compile Driver+1","Cold Snap+1"],"picked":"White Noise","floor":19},{"not_picked":["Beam Cell+1","Static Discharge"],"picked":"Gash+1","floor":22},{"not_picked":["Rainbow","Go for the Eyes+1"],"picked":"BootSequence","floor":23},{"not_picked":["Conserve Battery","Ball Lightning+1"],"picked":"Steam Power","floor":28},{"not_picked":["Hologram","Self Repair"],"picked":"Beam Cell+1","floor":30},{"not_picked":["Amplify","Consume"],"picked":"Hologram+1","floor":31},{"not_picked":["Hyperbeam+1","Amplify"],"picked":"Reboot","floor":33},{"not_picked":["Barrage+1","Cold Snap+1","Beam Cell+1"],"picked":"SKIP","floor":35},{"not_picked":["Defragment+1","Turbo+1","Coolheaded+1"],"picked":"SKIP","floor":36},{"not_picked":["Turbo+1","Coolheaded+1"],"picked":"Defragment+1","floor":36},{"not_picked":["Genetic Algorithm+1","Redo+1","Turbo"],"picked":"SKIP","floor":38},{"not_picked":["Ball Lightning+1","Doom and Gloom+1"],"picked":"Chill+1","floor":39},{"not_picked":["Rip and Tear+1","Compile Driver+1"],"picked":"Defragment+1","floor":41},{"not_picked":["Steam","Doom and Gloom+1","Genetic Algorithm+1"],"picked":"SKIP","floor":46},{"not_picked":["Doom and Gloom+1","Genetic Algorithm+1"],"picked":"Steam","floor":46}],"player_experience":833878,"relics_obtained":[{"floor":7.0,"key":"Dodecahedron"},{"floor":9.0,"key":"Sundial"},{"floor":11.0,"key":"Molten Egg 2"},{"floor":23,"key":"Meat on the Bone"},{"floor":26,"key":"Letter Opener"},{"floor":43,"key":"Smiling Mask"}],"event_choices":[{"event_name":"The Cleric","player_choice":"Card Removal","floor":2.0,"damage_taken":0.0},{"event_name":"Big Fish","player_choice":"Donut","floor":5.0,"damage_taken":0.0},{"event_name":"World of Goop","player_choice":"Gather Gold","floor":14.0,"damage_taken":0.0},{"event_name":"Match and Keep!","player_choice":"2 cards matched","floor":20,"damage_taken":0},{"event_name":"Vampires","player_choice":"Ignored","floor":24,"damage_taken":0},{"event_name":"Match and Keep!","player_choice":"1 cards matched","floor":37,"damage_taken":0},{"event_name":"Falling","player_choice":"Removed Skill","floor":47,"damage_taken":0},{"event_name":"Winding Halls","player_choice":"Max HP","floor":48,"damage_taken":0}],"is_beta":true,"boss_relics":[{"not_picked":["Runic Pyramid","Tiny House"],"picked":"Ectoplasm"},{"not_picked":["Calling Bell","Velvet Choker"],"picked":"Pandora\u0027s Box"}],"items_purged_floors":[],"is_endless":false,"potions_floor_spawned":[3,13,16,18,23,33,35,38,39],"ascension_level":8}