{"gold_per_floor":[117,117,141,141,162,162,196,196,223,244,244,209,225,259,259,259],"floor_reached":16,"playtime":1576,"items_purged":[],"score":171,"play_id":"70f3b037-9e12-41c4-84b1-b34a6e5bcad1","local_time":"20180805212459","is_ascension_mode":true,"campfire_choices":[{"floor":6,"key":"REST"},{"floor":8,"key":"REST"},{"floor":15,"key":"REST"}],"neow_cost":"TEN_PERCENT_HP_LOSS","seed_source_timestamp":875676385051113,"circlet_count":0,"master_deck":["Strike_R","Strike_R","Strike_R","Strike_R","Strike_R","Defend_R","Defend_R+1","Defend_R","Defend_R","Bash","AscendersBane","Wild Strike+1","Pommel Strike","Fiend Fire","Flex","Flame Barrier","Impervious"],"relics":["Burning Blood","Turnip","Golden Idol","Lantern","Pen Nib","The Courier"],"potions_floor_usage":[16],"damage_taken":[{"damage":10,"enemies":"2 Louse","floor":1,"turns":3},{"damage":12,"enemies":"Jaw Worm","floor":3,"turns":2},{"damage":8,"enemies":"Small Slimes","floor":5,"turns":4},{"damage":48,"enemies":"Lagavulin","floor":7,"turns":8},{"damage":10,"enemies":"2 Fungi Beasts","floor":10,"turns":3},{"damage":0,"enemies":"Large Slime","floor":13,"turns":5},{"damage":16,"enemies":"Gremlin Nob","floor":14,"turns":4},{"damage":64,"enemies":"Hexaghost","floor":16,"turns":9}],"seed_played":"8166866642671198274","potions_obtained":[{"floor":3,"key":"GamblersBrew"},{"floor":10,"key":"SkillPotion"}],"is_trial":false,"path_per_floor":["M","?","M","?","M","R","E","R","T","M","?","?","M","E","R"],"character_chosen":"IRONCLAD","items_purchased":[],"campfire_rested":3,"item_purchase_floors":[],"current_hp_per_floor":[68,50,44,30,28,49,7,28,28,24,24,42,48,38,59,0],"gold":259,"neow_bonus":"ONE_RARE_RELIC","is_prod":false,"is_daily":false,"chose_seed":false,"campfire_upgraded":0,"win_rate":0,"timestamp":1533518699,"path_taken":["M","?","M","?","M","R","E","R","T","M","?","?","M","E","R","BOSS"],"build_version":"2018-08-01","purchased_purges":0,"victory":false,"max_hp_per_floor":[72,72,72,72,72,72,72,72,72,72,72,72,72,72,72,72],"card_choices":[{"not_picked":["Anger","Entrench"],"picked":"Wild Strike","floor":1},{"not_picked":["Second Wind","Rupture","Heavy Blade"],"picked":"SKIP","floor":3},{"not_picked":["Sever Soul","Havoc"],"picked":"Pommel Strike","floor":5},{"not_picked":["Second Wind","Clothesline"],"picked":"Fiend Fire","floor":7},{"not_picked":["Havoc","Intimidate"],"picked":"Flex","floor":10},{"not_picked":["Pommel Strike","Sword Boomerang"],"picked":"Flame Barrier","floor":13},{"not_picked":["Clash","Flame Barrier"],"picked":"Impervious","floor":14}],"player_experience":807260,"relics_obtained":[{"floor":7,"key":"Lantern"},{"floor":9,"key":"Pen Nib"},{"floor":14,"key":"The Courier"}],"event_choices":[{"event_name":"Golden Idol","player_choice":"Take Damage","floor":2,"damage_taken":0},{"event_name":"Shining Light","player_choice":"Entered Light","floor":4,"damage_taken":0},{"event_name":"Liars Game","player_choice":"disagreed","floor":11,"damage_taken":0},{"event_name":"The Cleric","player_choice":"Healed","floor":12,"damage_taken":0}],"is_beta":true,"boss_relics":[],"items_purged_floors":[],"is_endless":false,"potions_floor_spawned":[3,10,13],"killed_by":"Hexaghost","ascension_level":11}