{"gold_per_floor":[113,124,124,49,65,65,84,114,114,114,114,114],"floor_reached":12,"playtime":320,"items_purged":["Strike_G"],"score":148,"play_id":"f9127e7a-8511-4d55-88f7-a50250e32311","local_time":"20181018201417","is_ascension_mode":true,"campfire_choices":[{"data":"Skewer","floor":6.0,"key":"SMITH"},{"data":"Neutralize","floor":10.0,"key":"SMITH"}],"neow_cost":"NONE","seed_source_timestamp":225475387051319,"circlet_count":0,"master_deck":["Defend_G","Defend_G","Defend_G","Defend_G","Defend_G","Strike_G","Strike_G","Strike_G","Strike_G","Survivor","Neutralize+1","AscendersBane","Dodge and Roll","Skewer+1","Flying Knee","Caltrops","Blur"],"special_seed":0,"relics":["Ring of the Snake","NeowsBlessing","GremlinMask","Calipers","Meat on the Bone"],"potions_floor_usage":[12],"damage_taken":[{"damage":0.0,"enemies":"Cultist","floor":1.0,"turns":1.0},{"damage":0.0,"enemies":"2 Louse","floor":2.0,"turns":1.0},{"damage":0.0,"enemies":"Small Slimes","floor":5.0,"turns":1.0},{"damage":2.0,"enemies":"Red Slaver","floor":7.0,"turns":5.0},{"damage":31.0,"enemies":"3 Sentries","floor":8.0,"turns":11.0},{"damage":37,"enemies":"Lagavulin","floor":12,"turns":8}],"seed_played":"301230691217335348","potions_obtained":[{"floor":2.0,"key":"Strength Potion"},{"floor":5.0,"key":"Dexterity Potion"},{"floor":8.0,"key":"Weak Potion"}],"is_trial":false,"path_per_floor":["M","M","?","$","M","R","M","E","T","R","?"],"character_chosen":"THE_SILENT","items_purchased":[],"campfire_rested":0,"item_purchase_floors":[],"current_hp_per_floor":[59,59,59,59,59,59,57,26,26,26,26,0],"gold":114,"neow_bonus":"THREE_ENEMY_KILL","is_prod":false,"is_daily":false,"chose_seed":false,"campfire_upgraded":2,"win_rate":0,"timestamp":1539918857,"path_taken":["M","M","?","$","M","R","M","E","T","R","?","E"],"build_version":"2018-10-18","purchased_purges":1,"victory":false,"max_hp_per_floor":[66,66,66,66,66,66,66,66,66,66,66,66],"card_choices":[{"not_picked":["Deflect","Eviscerate"],"picked":"Dodge and Roll","floor":1.0},{"not_picked":["Choke","Dagger Spray"],"picked":"Skewer","floor":2.0},{"not_picked":["Poisoned Stab","Quick Slash"],"picked":"Flying Knee","floor":5.0},{"not_picked":["Acrobatics","Underhanded Strike"],"picked":"Caltrops","floor":7.0},{"not_picked":["All Out Attack","Leg Sweep"],"picked":"Blur","floor":8.0}],"player_experience":550927,"relics_obtained":[{"floor":8.0,"key":"Calipers"},{"floor":9.0,"key":"Meat on the Bone"}],"event_choices":[{"damage_healed":0.0,"max_hp_gain":0.0,"max_hp_loss":0.0,"gold_gain":0.0,"event_name":"FaceTrader","player_choice":"Trade","floor":3.0,"gold_loss":0.0,"damage_taken":0.0,"relics_obtained":["GremlinMask"]},{"damage_healed":0.0,"max_hp_gain":0.0,"max_hp_loss":0.0,"gold_gain":0.0,"event_name":"Shining Light","player_choice":"Ignored","floor":11.0,"gold_loss":0.0,"damage_taken":0.0}],"is_beta":true,"boss_relics":[],"items_purged_floors":[4],"is_endless":false,"potions_floor_spawned":[2,5,8],"killed_by":"Lagavulin","ascension_level":18}