{"path_per_floor":["M","?","M","?","?","E","R","E","T","M","M","$","R","M","R","B",null,"M","M","$","?","M","E","M","R","T","M","$","E","M","M","R","B",null,"M","?","M","$","M","E","M","R","T","?","E","$","?","$","R","B"],"character_chosen":"IRONCLAD","items_purchased":["Vajra","Flame Barrier","Metallicize","Bronze Scales","Twin Strike","Apotheosis","Shuriken","Ancient Tea Set","Mind Blast"],"gold_per_floor":[110,110,130,130,130,163,163,203,203,221,245,59,59,78,78,203,203,219,240,10,10,26,59,74,74,74,92,39,73,87,107,107,233,233,246,579,592,5,18,49,68,68,91,91,120,23,70,70,70,70],"floor_reached":51,"campfire_rested":2,"playtime":5283,"current_hp_per_floor":[76,76,76,60,57,22,61,21,21,26,18,18,57,65,65,26,80,70,71,71,71,80,39,44,44,44,70,70,65,71,65,65,49,80,80,80,80,80,69,46,80,80,80,70,73,73,62,62,62,65],"items_purged":[],"gold":70,"play_id":"da0d1bd6-10ff-4a90-b02a-f93425f8295b","is_prod":false,"is_daily":false,"campfire_rituals":0,"campfire_upgraded":2,"is_hardmode":false,"path_taken":["M","?","?","?","?","E","R","E","T","M","?","$","R","M","R","BOSS","M","M","$","?","M","E","M","R","T","M","$","E","M","M","R","BOSS","M","?","?","$","M","E","M","R","T","?","E","?","?","?","R","BOSS"],"build_version":"2017-12-21-BETA1","purchased_purges":0,"victory":true,"master_deck":["Strike_R","Strike_R","Strike_R","Strike_R","Strike_R","Defend_R","Defend_R","Defend_R","Defend_R","Bash","Demon Form","Uppercut","Dual Wield","Heavy Blade","Reaper","Armaments","Flex","Flame Barrier","Flex","Limit Break","Clash","Power Through","Metallicize","True Grit","Twin Strike","Iron Wave","Battle Trance","Rampage","Berserk","Spot Weakness","Battle Trance","Apotheosis","Headbutt","Disarm","Pommel Strike","Madness","Madness","Metallicize","Mind Blast","Pummel"],"max_hp_per_floor":[80,80,80,80,80,80,80,80,80,80,80,80,80,80,80,80,80,80,80,80,80,80,80,80,80,80,80,80,80,80,80,80,80,80,80,80,80,80,80,80,80,80,80,80,80,80,80,80,80,80],"relics":["Black Blood","Magic Flower","Regal Pillow","Bottled Lightning","Toxic Egg","Vajra","Bronze Scales","Meat on the Bone","Girya","Dodecahedron","Question Card","Shuriken","Ancient Tea Set","Frozen Eye","War Paint","Ginger","Red Skull"],"campfire_meditates":0,"card_choices":[{"not_picked":["Disarm","Feel No Pain"],"picked":"Uppercut"},{"not_picked":["Pommel Strike","Juggernaut"],"picked":"Dual Wield"},{"not_picked":["Wild Strike","Warcry"],"picked":"Heavy Blade"},{"not_picked":["Havoc","Dropkick"],"picked":"Reaper"},{"not_picked":["Cleave","Pommel Strike"],"picked":"Armaments"},{"not_picked":["True Grit","Iron Wave"],"picked":"Flex"},{"not_picked":["Cleave","Perfected Strike"],"picked":"Flex"},{"not_picked":["Barricade","Berserk"],"picked":"Limit Break"},{"not_picked":["Rage","Cleave"],"picked":"Clash"},{"not_picked":["Pommel Strike","Havoc"],"picked":"Power Through"},{"not_picked":["Havoc","Body Slam"],"picked":"True Grit"},{"not_picked":["Havoc","Searing Blow"],"picked":"Iron Wave"},{"not_picked":["Pommel Strike","Dropkick"],"picked":"Battle Trance"},{"not_picked":["Clothesline","Cleave"],"picked":"Rampage"},{"not_picked":["Limit Break","Offering"],"picked":"Berserk"},{"not_picked":["Shockwave","Iron Wave","Burning Pact"],"picked":"Spot Weakness"},{"not_picked":["Thunderclap","Rage","Twin Strike"],"picked":"Battle Trance"},{"not_picked":["Uppercut","Burning Pact","Body Slam"],"picked":"Headbutt"},{"not_picked":["Evolve","Burning Pact","Rage"],"picked":"Disarm"},{"not_picked":["Clash","Warcry","Blood for Blood"],"picked":"Pommel Strike"},{"not_picked":["Inflame","Shrug It Off","Hemokinesis"],"picked":"Metallicize"},{"not_picked":["Fire Breathing","Reaper","Anger"],"picked":"Pummel"}],"player_experience":289773,"potions_floor_usage":[11,14,18,29,33,35,41,45,50,50],"damage_taken":[{"damage":10,"enemies":"Jaw Worm","floor":1,"turns":4},{"damage":6,"enemies":"Blue Slaver","floor":3,"turns":6},{"damage":44,"enemies":"Lagavulin","floor":6,"turns":9},{"damage":49,"enemies":"3 Sentries","floor":8,"turns":6},{"damage":4,"enemies":"Cultist","floor":10,"turns":3},{"damage":23,"enemies":"Gremlin Gang","floor":11,"turns":6},{"damage":1,"enemies":"Exordium Thugs","floor":14,"turns":4},{"damage":77,"enemies":"Hexaghost","floor":16,"turns":10},{"damage":25,"enemies":"Chosen","floor":18,"turns":6},{"damage":14,"enemies":"Shell Parasite","floor":19,"turns":3},{"damage":10,"enemies":"Snake Plant","floor":22,"turns":4},{"damage":70,"enemies":"Book of Stabbing","floor":23,"turns":6},{"damage":36,"enemies":"Centurion and Healer","floor":24,"turns":10},{"damage":18,"enemies":"Slaver and Parasite","floor":27,"turns":7},{"damage":29,"enemies":"Slavers","floor":29,"turns":6},{"damage":12,"enemies":"Snake Plant","floor":30,"turns":4},{"damage":21,"enemies":"Centurion and Healer","floor":31,"turns":6},{"damage":85,"enemies":"Collector","floor":33,"turns":11},{"damage":21,"enemies":"Orb Walker","floor":35,"turns":5},{"damage":15,"enemies":"3 Shapes","floor":37,"turns":9},{"damage":52,"enemies":"Sphere and 2 Shapes","floor":39,"turns":7},{"damage":56,"enemies":"Giant Head","floor":40,"turns":8},{"damage":35,"enemies":"4 Shapes","floor":41,"turns":6},{"damage":44,"enemies":"Nemesis","floor":45,"turns":7},{"damage":44,"enemies":"Mysterious Sphere","floor":47,"turns":5},{"damage":101,"enemies":"Time Eater","floor":50,"turns":8}],"event_choices":[{"event_name":"The Woman in Blue","player_choice":"Bought 0 Potions","floor":2,"damage_taken":0},{"event_name":"Golden Idol","player_choice":"Take Damage","floor":4,"damage_taken":0},{"event_name":"Scrap Ooze","player_choice":"success","floor":5,"damage_taken":3},{"event_name":"Beggar","player_choice":"Ignored","floor":21,"damage_taken":0},{"event_name":"The Moai Head","player_choice":"Gave Idol","floor":36,"damage_taken":0},{"event_name":"Winding Halls","player_choice":"Embrace Madness","floor":44,"damage_taken":0},{"event_name":"Mysterious Sphere","player_choice":"Fight","floor":47,"damage_taken":0}],"boss_relics":[{"not_picked":["White Beast Statue","Black Star"],"picked":"Black Blood"},{"not_picked":["Astrolabe","Orrery"],"picked":"Question Card"}],"potions_floor_spawned":[1,3,11,14,24,27,29,30,31,37,41,45,47],"seed_played":"8872398048966892421","is_trial":false}