{"gold_per_floor":[109,129,129,7,24,50,50,60,142,142,152,77,105,105],"floor_reached":14,"playtime":475,"items_purged":["Defend_B"],"score":145,"play_id":"037adc27-2bf0-47f9-8da5-96c2da1d4d9a","local_time":"20180926225141","is_ascension_mode":true,"campfire_choices":[{"floor":10,"key":"REST"}],"neow_cost":"NONE","seed_source_timestamp":778167846325700,"circlet_count":0,"master_deck":["Strike_B","Strike_B","Strike_B","Strike_B","Defend_B","Defend_B","Defend_B","Zap","Dualcast","Consume","Undo","Leap","Genetic Algorithm","Leap","Go for the Eyes","Loop"],"special_seed":0,"relics":["Cracked Core","NeowsBlessing","Turnip","Pen Nib","Bottled Flame","Question Card"],"potions_floor_usage":[13,13],"damage_taken":[{"damage":0.0,"enemies":"Small Slimes","floor":1.0,"turns":1.0},{"damage":0.0,"enemies":"Cultist","floor":2.0,"turns":1.0},{"damage":0.0,"enemies":"Jaw Worm","floor":5.0,"turns":1.0},{"damage":35.0,"enemies":"3 Sentries","floor":6.0,"turns":7.0},{"damage":15,"enemies":"Exordium Wildlife","floor":8,"turns":6},{"damage":11,"enemies":"2 Fungi Beasts","floor":11,"turns":3},{"damage":20,"enemies":"Lagavulin","floor":13,"turns":8},{"damage":9,"enemies":"3 Louse","floor":14,"turns":1}],"seed_played":"4849572662845068030","potions_obtained":[{"floor":2.0,"key":"Swift Potion"},{"floor":3.0,"key":"EssenceOfSteel"},{"floor":3.0,"key":"Explosive Potion"},{"floor":3.0,"key":"SkillPotion"},{"floor":11,"key":"Ancient Potion"},{"floor":13,"key":"SkillPotion"}],"is_trial":false,"path_per_floor":["M","M","?","$","M","E","?","M","T","R","M","$","E"],"character_chosen":"DEFECT","items_purchased":["Leap","LiquidBronze"],"campfire_rested":1,"item_purchase_floors":[4,12],"current_hp_per_floor":[68,68,68,68,68,33,26,11,11,33,22,22,2,0],"gold":105,"neow_bonus":"THREE_ENEMY_KILL","is_prod":false,"is_daily":false,"chose_seed":false,"campfire_upgraded":0,"win_rate":0,"timestamp":1538027501,"path_taken":["M","M","?","?","?","E","?","M","T","R","M","$","E","M"],"build_version":"2018-09-20","purchased_purges":1,"victory":false,"max_hp_per_floor":[75,75,75,75,75,75,75,75,75,75,75,75,75,75],"card_choices":[{"not_picked":["Coolheaded","Leap"],"picked":"Consume","floor":1.0},{"not_picked":["Coolheaded","Reprogram"],"picked":"Undo","floor":2.0},{"not_picked":["Reprogram","Capacitor"],"picked":"Genetic Algorithm","floor":5.0},{"not_picked":["Steam Power","Thunder Strike","Stack"],"picked":"SKIP","floor":6.0},{"not_picked":["Redo","Chaos"],"picked":"Leap","floor":8},{"not_picked":["Reprogram","Auto Shields"],"picked":"Go for the Eyes","floor":11},{"not_picked":["Hologram","Sweeping Beam"],"picked":"Loop","floor":13}],"player_experience":462835,"relics_obtained":[{"floor":6.0,"key":"Turnip"},{"floor":9,"key":"Bottled Flame"},{"floor":13,"key":"Question Card"}],"event_choices":[{"event_name":"The Lab","player_choice":"Got Potions","floor":3.0,"damage_taken":0.0},{"event_name":"Scrap Ooze","player_choice":"success","floor":7.0,"damage_taken":7.0}],"is_beta":false,"boss_relics":[],"items_purged_floors":[4],"is_endless":false,"potions_floor_spawned":[2,11,13],"killed_by":"3 Louse","ascension_level":9}