{"gold_per_floor":[118,138,148,162,41,41,70,70,70,70,102,102,113,123,123,228,228,239,239,164,174,174,174,185,201,201,229,229,247,247,265,265,365,365,379,379,399,412,160,160,173,189,239,259,273,273,273,273,273,273],"floor_reached":51,"playtime":1796,"items_purged":["Strike_B","Strike_B"],"score":758,"play_id":"7b70c0cd-e115-4f26-b2f2-39ad278cc065","local_time":"20190506193820","is_ascension_mode":false,"campfire_choices":[{"data":"Streamline","floor":6,"key":"SMITH"},{"data":"Sweeping Beam","floor":8,"key":"SMITH"},{"data":"Hologram","floor":15,"key":"SMITH"},{"data":"Coolheaded","floor":23,"key":"SMITH"},{"floor":28,"key":"REST"},{"data":"Glacier","floor":30,"key":"SMITH"},{"floor":32,"key":"REST"},{"data":"Seek","floor":40,"key":"SMITH"},{"data":"Conserve Battery","floor":47,"key":"SMITH"},{"floor":49,"key":"REST"}],"neow_cost":"NONE","seed_source_timestamp":192990904789262,"circlet_count":0,"master_deck":["Defend_B+1","Defend_B+1","Zap+1","Dualcast+1","Glacier+1","Conserve Battery+1","Compile Driver+1","Hologram+1","Streamline+1","Sweeping Beam+1","Coolheaded+1","Melter+1","Electrodynamics+1","Go for the Eyes+1","Compile Driver+1","RitualDagger+1","Seek+1","Impatience+1"],"relics":["Cracked Core","Kunai","Blue Candle","Omamori","Busted Crown","Mango","Bag of Preparation","Nuclear Battery","Oddly Smooth Stone","Strawberry","Mark of the Bloom"],"potions_floor_usage":[7,16,33,50,50,50],"damage_taken":[{"damage":1,"enemies":"Small Slimes","floor":1,"turns":4},{"damage":1,"enemies":"Cultist","floor":2,"turns":3},{"damage":0,"enemies":"2 Louse","floor":3,"turns":4},{"damage":9,"enemies":"2 Fungi Beasts","floor":4,"turns":3},{"damage":9,"enemies":"Lagavulin","floor":7,"turns":7},{"damage":14,"enemies":"3 Sentries","floor":11,"turns":6},{"damage":9,"enemies":"Exordium Thugs","floor":13,"turns":4},{"damage":9,"enemies":"3 Louse","floor":14,"turns":2},{"damage":0,"enemies":"Hexaghost","floor":16,"turns":8},{"damage":19,"enemies":"2 Thieves","floor":18,"turns":4},{"damage":0,"enemies":"Spheric Guardian","floor":21,"turns":2},{"damage":5,"enemies":"Chosen and Byrds","floor":24,"turns":6},{"damage":22,"enemies":"Snake Plant","floor":25,"turns":5},{"damage":21,"enemies":"Gremlin Leader","floor":27,"turns":6},{"damage":3,"enemies":"Centurion and Healer","floor":29,"turns":5},{"damage":4,"enemies":"Snecko","floor":31,"turns":3},{"damage":39,"enemies":"Collector","floor":33,"turns":10},{"damage":0,"enemies":"3 Shapes","floor":35,"turns":3},{"damage":4,"enemies":"Orb Walker","floor":37,"turns":3},{"damage":0,"enemies":"4 Shapes","floor":38,"turns":1},{"damage":4,"enemies":"Spire Growth","floor":41,"turns":4},{"damage":4,"enemies":"3 Darklings","floor":42,"turns":2},{"damage":0,"enemies":"Jaw Worm Horde","floor":44,"turns":3},{"damage":0,"enemies":"4 Shapes","floor":45,"turns":2},{"damage":14,"enemies":"Donu and Deca","floor":50,"turns":8}],"seed_played":"5300325325244658715","potions_obtained":[{"floor":2,"key":"Swift Potion"},{"floor":4,"key":"PowerPotion"},{"floor":16,"key":"Explosive Potion"},{"floor":18,"key":"Dexterity Potion"},{"floor":25,"key":"FocusPotion"},{"floor":27,"key":"PowerPotion"},{"floor":37,"key":"Block Potion"}],"is_trial":false,"path_per_floor":["M","M","M","M","$","R","E","R","T","$","E","?","M","M","R","B",null,"M","?","?","M","?","R","M","M","T","E","R","M","R","M","R","B",null,"M","?","M","M","$","R","M","M","T","M","M","?","R","?","R","B",null],"character_chosen":"DEFECT","items_purchased":["Streamline","Oddly Smooth Stone"],"campfire_rested":3,"item_purchase_floors":[5,39],"current_hp_per_floor":[74,73,73,64,64,64,55,55,55,55,41,41,32,23,23,23,75,56,56,56,56,50,50,45,23,37,16,42,39,39,35,61,22,89,89,89,85,85,85,85,81,77,84,84,84,84,84,84,84,70],"gold":273,"neow_bonus":"REMOVE_CARD","is_prod":false,"is_daily":false,"chose_seed":false,"campfire_upgraded":7,"win_rate":0.0,"timestamp":1557196700,"path_taken":["M","M","M","M","$","R","E","R","T","$","E","?","M","?","R","BOSS","M","?","?","?","?","R","M","M","T","E","R","M","R","M","R","BOSS","M","?","?","M","$","R","M","M","T","M","M","?","R","?","R","BOSS"],"build_version":"2019-01-23","purchased_purges":2,"victory":true,"max_hp_per_floor":[75,75,75,75,75,75,75,75,75,75,75,75,75,75,75,75,75,75,75,75,75,75,75,75,75,89,89,89,89,89,89,89,89,89,89,89,89,89,89,89,89,89,96,96,96,96,96,96,96,96],"card_choices":[{"not_picked":["Stack","Coolheaded"],"picked":"Glacier","floor":1},{"not_picked":["Self Repair","Barrage"],"picked":"Conserve Battery","floor":2},{"not_picked":["Cold Snap","Go for the Eyes"],"picked":"Compile Driver","floor":3},{"not_picked":["Go for the Eyes","Gash"],"picked":"Hologram","floor":4},{"not_picked":["Loop","Steam"],"picked":"Sweeping Beam","floor":7},{"not_picked":["Scrape","Streamline"],"picked":"Coolheaded","floor":11},{"not_picked":["Redo","Scrape","Sweeping Beam"],"picked":"SKIP","floor":13},{"not_picked":["Hologram","Fusion","Leap"],"picked":"SKIP","floor":14},{"not_picked":["Machine Learning","Thunder Strike"],"picked":"Electrodynamics","floor":16},{"not_picked":[],"picked":"Go for the Eyes+1","floor":18},{"not_picked":["Compile Driver"],"picked":"SKIP","floor":21},{"not_picked":[],"picked":"Compile Driver","floor":21},{"not_picked":["Beam Cell"],"picked":"SKIP","floor":24},{"not_picked":["Barrage"],"picked":"SKIP","floor":25},{"not_picked":["Stack"],"picked":"SKIP","floor":27},{"not_picked":["Beam Cell"],"picked":"SKIP","floor":29},{"not_picked":["Beam Cell"],"picked":"SKIP","floor":31},{"not_picked":[],"picked":"Seek","floor":33},{"not_picked":["Leap"],"picked":"SKIP","floor":35},{"not_picked":["Reprogram+1"],"picked":"SKIP","floor":37},{"not_picked":["Barrage+1"],"picked":"SKIP","floor":38},{"not_picked":["Redo"],"picked":"SKIP","floor":41},{"not_picked":["Go for the Eyes+1"],"picked":"SKIP","floor":42},{"not_picked":["White Noise+1"],"picked":"SKIP","floor":44},{"not_picked":["Go for the Eyes+1"],"picked":"SKIP","floor":45},{"not_picked":[],"picked":"Impatience","floor":46}],"player_experience":321129,"relics_obtained":[{"floor":7,"key":"Kunai"},{"floor":9,"key":"Blue Candle"},{"floor":11,"key":"Omamori"},{"floor":26,"key":"Mango"},{"floor":27,"key":"Bag of Preparation"},{"floor":43,"key":"Strawberry"}],"event_choices":[{"damage_healed":0,"gold_gain":0,"cards_transformed":["Defend_B"],"player_choice":"Transformed","damage_taken":0,"max_hp_gain":0,"max_hp_loss":0,"event_name":"Transmorgrifier","floor":12,"gold_loss":0,"cards_obtained":["Melter"]},{"damage_healed":0,"gold_gain":0,"player_choice":"Ignored","damage_taken":0,"max_hp_gain":0,"max_hp_loss":0,"event_name":"Ghosts","floor":19,"gold_loss":0},{"cards_removed":["Defend_B"],"damage_healed":0,"gold_gain":0,"player_choice":"Gave Gold","damage_taken":0,"max_hp_gain":0,"max_hp_loss":0,"event_name":"Beggar","floor":20,"gold_loss":75},{"damage_healed":0,"gold_gain":0,"player_choice":"Joined the Cult","damage_taken":6,"max_hp_gain":0,"max_hp_loss":0,"event_name":"Nest","floor":22,"gold_loss":0,"cards_obtained":["RitualDagger"]},{"cards_removed":["Strike_B"],"damage_healed":0,"gold_gain":0,"player_choice":"Offered Basic","damage_taken":0,"max_hp_gain":0,"max_hp_loss":0,"event_name":"Bonfire Elementals","floor":36,"gold_loss":0},{"damage_healed":0,"gold_gain":0,"player_choice":"Memory 1","damage_taken":0,"max_hp_gain":0,"max_hp_loss":0,"event_name":"SensoryStone","floor":46,"gold_loss":0},{"damage_healed":0,"gold_gain":0,"player_choice":"Upgrade","damage_taken":0,"relics_obtained":["Mark of the Bloom"],"max_hp_gain":0,"max_hp_loss":0,"event_name":"MindBloom","floor":48,"gold_loss":0,"cards_upgraded":["Defend_B","Defend_B","Zap","Dualcast","Compile Driver","Melter","Electrodynamics","Compile Driver","RitualDagger","Impatience"]}],"is_beta":false,"boss_relics":[{"not_picked":["FrozenCore","Snecko Eye"],"picked":"Busted Crown"},{"not_picked":["Philosopher\u0027s Stone","Pandora\u0027s Box"],"picked":"Nuclear Battery"}],"items_purged_floors":[5,39],"is_endless":false,"potions_floor_spawned":[2,4,16,18,25,27,31,37,38,42,45],"ascension_level":0}