{"path_per_floor":["M","?","?","M","?","R","E","R","T","M","M","M","E","M","R","B",null],"character_chosen":"IRONCLAD","items_purchased":[],"gold_per_floor":[14,14,14,30,30,30,63,63,63,77,91,106,139,157,157,255,255],"floor_reached":18,"campfire_rested":0,"playtime":1031,"current_hp_per_floor":[94,99,99,100,80,80,69,69,69,70,73,79,70,75,75,43,101],"items_purged":[],"gold":255,"play_id":"141567c8-75e2-4dbd-b5ee-d9c09caf4e81","is_prod":false,"is_daily":false,"campfire_rituals":0,"campfire_upgraded":3,"is_hardmode":false,"path_taken":["M","?","?","M","?","R","E","R","T","M","M","?","E","M","R","BOSS","M"],"build_version":"2017-12-21-BETA1","purchased_purges":0,"victory":false,"master_deck":["Strike_R","Strike_R","Strike_R","Strike_R","Strike_R","Defend_R","Defend_R","Defend_R","Defend_R","Bash","Flame Barrier","Armaments","Evolve","Shrug It Off","Rampage","Battle Trance","Power Through","Exhume"],"max_hp_per_floor":[96,101,101,101,101,101,101,101,101,101,101,101,101,101,101,101,101],"relics":["Burning Blood","Ancient Tea Set","Lantern","Ornamental Fan","Runic Pyramid"],"campfire_meditates":0,"card_choices":[{"not_picked":["Cleave","Twin Strike"],"picked":"Flame Barrier"},{"not_picked":["Sentinel","Headbutt"],"picked":"Armaments"},{"not_picked":["Burning Pact","Feed"],"picked":"Evolve"},{"not_picked":["Iron Wave","Pummel"],"picked":"Shrug It Off"},{"not_picked":["Flex","Blood for Blood"],"picked":"Rampage"},{"not_picked":["Thunderclap","Combust"],"picked":"Battle Trance"},{"not_picked":["Shrug It Off","Rampage"],"picked":"Power Through"},{"not_picked":["Reaper","Feed"],"picked":"Exhume"}],"player_experience":239756,"potions_floor_usage":[16],"damage_taken":[{"damage":8,"enemies":"Jaw Worm","floor":1,"turns":4},{"damage":5,"enemies":"Cultist","floor":4,"turns":4},{"damage":17,"enemies":"Gremlin Nob","floor":7,"turns":4},{"damage":5,"enemies":"Looter","floor":10,"turns":3},{"damage":3,"enemies":"3 Louse","floor":11,"turns":4},{"damage":0,"enemies":"2 Fungi Beasts","floor":12,"turns":4},{"damage":15,"enemies":"3 Sentries","floor":13,"turns":6},{"damage":1,"enemies":"Red Slaver","floor":14,"turns":4},{"damage":38,"enemies":"Hexaghost","floor":16,"turns":9},{"damage":4,"enemies":"3 Byrds","floor":18,"turns":6}],"event_choices":[{"event_name":"Big Fish","player_choice":"Donut","floor":2,"damage_taken":0},{"event_name":"Living Wall","player_choice":"Grow","floor":3,"damage_taken":0},{"event_name":"Shining Light","player_choice":"Entered Light","floor":5,"damage_taken":0}],"boss_relics":[{"not_picked":["Black Star","Calling Bell"],"picked":"Runic Pyramid"}],"potions_floor_spawned":[1,7,13,16],"seed_played":"7665201697429082497","killed_by":"3 Byrds","is_trial":false}