{"gold_per_floor":[114,132,57,4,16,27,45,45,45,79,99,109,109,109,109,204],"floor_reached":16,"playtime":1722,"items_purged":["Strike_G"],"score":154,"play_id":"851e9d87-b204-4418-ab2d-5506d91f5c8f","local_time":"20190908201146","is_ascension_mode":false,"campfire_choices":[{"floor":8,"key":"REST"},{"data":"Noxious Fumes","floor":13,"key":"SMITH"},{"data":"Calculated Gamble","floor":15,"key":"SMITH"}],"neow_cost":"NONE","seed_source_timestamp":33356872152800,"circlet_count":0,"master_deck":["Strike_G","Strike_G","Strike_G","Defend_G","Defend_G","Defend_G","Defend_G","Defend_G","Survivor","Neutralize","Leg Sweep","Calculated Gamble+1","Noxious Fumes+1","Deflect","Deadly Poison","Outmaneuver","Prepared"],"relics":["Ring of the Snake","Pen Nib","Dream Catcher","Meat on the Bone","Kunai"],"potions_floor_usage":[6,6,7,16],"damage_taken":[{"damage":0,"enemies":"Cultist","floor":1,"turns":5},{"damage":4,"enemies":"Jaw Worm","floor":2,"turns":8},{"damage":0,"enemies":"2 Louse","floor":5,"turns":4},{"damage":7,"enemies":"Gremlin Gang","floor":6,"turns":7},{"damage":5,"enemies":"Lots of Slimes","floor":7,"turns":5},{"damage":17,"enemies":"Lagavulin","floor":10,"turns":14},{"damage":2,"enemies":"3 Louse","floor":11,"turns":3},{"damage":0,"enemies":"Large Slime","floor":12,"turns":9},{"damage":13,"enemies":"Hexaghost","floor":16,"turns":12}],"seed_played":"8972201900112148255","potions_obtained":[{"floor":1,"key":"GhostInAJar"},{"floor":5,"key":"Energy Potion"},{"floor":6,"key":"SpeedPotion"},{"floor":11,"key":"EssenceOfSteel"},{"floor":16,"key":"GamblersBrew"}],"is_trial":false,"path_per_floor":["M","M","$","?","M","M","M","R","T","E","M","M","R","T","R","B"],"character_chosen":"THE_SILENT","items_purchased":[],"campfire_rested":1,"item_purchase_floors":[],"current_hp_per_floor":[70,66,66,66,66,59,54,70,70,53,51,51,51,51,51,38],"gold":204,"neow_bonus":"REMOVE_CARD","is_prod":false,"is_daily":false,"chose_seed":false,"campfire_upgraded":2,"win_rate":0,"timestamp":1567969906,"path_taken":["M","?","$","?","M","M","M","R","T","E","?","M","R","?","R","BOSS"],"build_version":"2019-08-26","purchased_purges":1,"victory":false,"max_hp_per_floor":[70,70,70,70,70,70,70,70,70,70,70,70,70,70,70,70],"card_choices":[{"not_picked":["Setup","Poisoned Stab"],"picked":"Leg Sweep","floor":1},{"not_picked":["Predator","Outmaneuver"],"picked":"Calculated Gamble","floor":2},{"not_picked":["Sucker Punch","Dodge and Roll","Underhanded Strike"],"picked":"SKIP","floor":5},{"not_picked":["Cloak And Dagger","Prepared"],"picked":"Noxious Fumes","floor":6},{"not_picked":["Dagger Spray","Catalyst"],"picked":"Deflect","floor":7},{"not_picked":["Flying Knee","Underhanded Strike"],"picked":"Deadly Poison","floor":10},{"not_picked":["Deadly Poison","Sucker Punch"],"picked":"Outmaneuver","floor":11},{"not_picked":["Bane","Leg Sweep"],"picked":"Prepared","floor":12}],"player_experience":188178,"relics_obtained":[{"floor":9,"key":"Dream Catcher"},{"floor":10,"key":"Meat on the Bone"},{"floor":14,"key":"Kunai"}],"event_choices":[{"damage_healed":0,"gold_gain":0,"player_choice":"Paid Gold","damage_taken":0,"relics_obtained":["Pen Nib"],"max_hp_gain":0,"max_hp_loss":0,"event_name":"WeMeetAgain","floor":4,"gold_loss":53}],"is_beta":true,"boss_relics":[],"items_purged_floors":[3],"is_endless":false,"potions_floor_spawned":[1,5,6,11,16],"killed_by":"Hexaghost","ascension_level":0}