{"gold_per_floor":[113,113,125,125,200,200,218,218,218,231,242,262,282,50,50,150,150,163,49,49,49],"floor_reached":21,"playtime":363,"items_purged":[],"score":171,"play_id":"1ba6c7bd-dee6-4d2c-82a7-47dbccf6baa4","local_time":"20190405232722","is_ascension_mode":false,"campfire_choices":[{"floor":6.0,"key":"DIG"},{"floor":8.0,"key":"DIG"},{"data":"Shockwave","floor":15.0,"key":"SMITH"}],"neow_cost":"NONE","seed_source_timestamp":427194731175300,"circlet_count":0,"master_deck":["Strike_R+1","Strike_R","Strike_R","Strike_R","Strike_R+1","Defend_R","Defend_R","Defend_R","Defend_R","Bash","Pommel Strike","Cleave","Pommel Strike","Shockwave+1","Iron Wave","Ghostly Armor","Impervious"],"special_seed":0,"relics":["Burning Blood","NeowsBlessing","Shovel","PreservedInsect","Bird Faced Urn","The Courier","Torii","Mark of Pain","Anchor"],"potions_floor_usage":[],"damage_taken":[{"damage":0.0,"enemies":"2 Louse","floor":1.0,"turns":1.0},{"damage":0.0,"enemies":"Jaw Worm","floor":3.0,"turns":1.0},{"damage":0.0,"enemies":"Cultist","floor":7.0,"turns":1.0},{"damage":12.0,"enemies":"Blue Slaver","floor":10.0,"turns":2.0},{"damage":11.0,"enemies":"Lots of Slimes","floor":11.0,"turns":2.0},{"damage":14.0,"enemies":"3 Louse","floor":12.0,"turns":3.0},{"damage":1.0,"enemies":"Exordium Thugs","floor":13.0,"turns":4.0},{"damage":31.0,"enemies":"The Guardian","floor":16.0,"turns":13.0},{"damage":3.0,"enemies":"Chosen","floor":18.0,"turns":6.0},{"damage":0,"enemies":"2 Thieves","floor":21,"turns":1}],"seed_played":"2190420373714676462","potions_obtained":[{"floor":12.0,"key":"GamblersBrew"},{"floor":13.0,"key":"Energy Potion"}],"is_trial":false,"path_per_floor":["M","?","M","T","?","R","M","R","T","M","M","M","M","$","R","B",null,"M","$","?","M"],"character_chosen":"IRONCLAD","items_purchased":["Torii","Anchor"],"campfire_rested":0,"item_purchase_floors":[14,19],"current_hp_per_floor":[80,64,70,70,59,59,65,65,65,59,54,46,51,51,51,26,80,80,80,64,64],"gold":49,"neow_bonus":"THREE_ENEMY_KILL","is_prod":false,"is_daily":false,"chose_seed":false,"campfire_upgraded":1,"win_rate":0,"timestamp":1554532042,"path_taken":["M","?","M","?","?","R","M","R","T","M","?","M","M","$","R","BOSS","M","?","?","M"],"build_version":"2019-01-23","purchased_purges":0,"victory":false,"max_hp_per_floor":[80,80,80,80,80,80,80,80,80,80,80,80,80,80,80,80,80,80,80,80,80],"card_choices":[{"not_picked":["Armaments","Sword Boomerang"],"picked":"Pommel Strike","floor":1.0},{"not_picked":["Clothesline","Headbutt"],"picked":"Cleave","floor":3.0},{"not_picked":["Clash","Pommel Strike","Wild Strike"],"picked":"SKIP","floor":7.0},{"not_picked":["Clash","Wild Strike"],"picked":"Pommel Strike","floor":7.0},{"not_picked":["Iron Wave","Headbutt"],"picked":"Shockwave","floor":10.0},{"not_picked":["Cleave","Wild Strike","Thunderclap"],"picked":"SKIP","floor":11.0},{"not_picked":["Rage","Flex"],"picked":"Iron Wave","floor":12.0},{"not_picked":["Corruption","Hemokinesis"],"picked":"Ghostly Armor","floor":13.0},{"not_picked":["Berserk","Barricade"],"picked":"Impervious","floor":16.0},{"not_picked":["Hemokinesis","Clash","Perfected Strike+1"],"picked":"SKIP","floor":18.0}],"player_experience":1146099,"relics_obtained":[{"floor":4.0,"key":"Shovel"},{"floor":6.0,"key":"PreservedInsect"},{"floor":8.0,"key":"Bird Faced Urn"},{"floor":9.0,"key":"The Courier"}],"event_choices":[{"damage_healed":0.0,"max_hp_gain":0.0,"max_hp_loss":0.0,"gold_gain":0.0,"event_name":"Shining Light","player_choice":"Entered Light","floor":2.0,"gold_loss":0.0,"damage_taken":16.0,"cards_upgraded":["Strike_R","Strike_R"]},{"damage_healed":0.0,"max_hp_gain":0.0,"max_hp_loss":0.0,"gold_gain":75.0,"event_name":"World of Goop","player_choice":"Gather Gold","floor":5.0,"gold_loss":0.0,"damage_taken":11.0},{"damage_healed":0.0,"max_hp_gain":0.0,"max_hp_loss":0.0,"gold_gain":0.0,"event_name":"Cursed Tome","player_choice":"Obtained Book","floor":20.0,"gold_loss":0.0,"damage_taken":16.0}],"is_beta":false,"boss_relics":[{"not_picked":["Ectoplasm","White Beast Statue"],"picked":"Mark of Pain"}],"items_purged_floors":[],"is_endless":false,"potions_floor_spawned":[12,13],"killed_by":"2 Thieves","ascension_level":0}