{"gold_per_floor":[114,126,144,69,81,112,112,20,44,66,66,66,81,108,108,180,180,193,93,93,103,120,120],"floor_reached":23,"playtime":1215,"items_purged":["Strike_B","Defend_B"],"score":407,"play_id":"a16494c9-f64c-4a33-9101-5fdfa60b84eb","local_time":"20180921172148","is_ascension_mode":true,"campfire_choices":[{"data":"Hologram","floor":7,"key":"SMITH"},{"data":"Capacitor","floor":11,"key":"SMITH"},{"data":"Zap","floor":15,"key":"SMITH"}],"neow_cost":"NONE","seed_source_timestamp":74333298049617,"circlet_count":0,"master_deck":["Defend_B","Defend_B","Defend_B","Zap+1","Dualcast","AscendersBane","Glacier","Compile Driver","Gash","Hologram+1","Capacitor+1","Hologram","Rebound","Rainbow","Bite","Bite","Bite","Bite","Bite","Conserve Battery"],"relics":["Cracked Core","Anchor","Strawberry","Juzu Bracelet","Odd Mushroom","Bag of Preparation","Philosopher\u0027s Stone"],"potions_floor_usage":[5,6,16,18],"damage_taken":[{"damage":6,"enemies":"2 Louse","floor":1,"turns":3},{"damage":0,"enemies":"Cultist","floor":2,"turns":4},{"damage":3,"enemies":"Small Slimes","floor":3,"turns":3},{"damage":7,"enemies":"Exordium Wildlife","floor":5,"turns":5},{"damage":26,"enemies":"3 Sentries","floor":6,"turns":9},{"damage":16,"enemies":"The Mushroom Lair","floor":10,"turns":6},{"damage":4,"enemies":"Blue Slaver","floor":13,"turns":4},{"damage":44,"enemies":"Gremlin Nob","floor":14,"turns":5},{"damage":8,"enemies":"The Guardian","floor":16,"turns":10},{"damage":24,"enemies":"Chosen","floor":18,"turns":6},{"damage":29,"enemies":"Spheric Guardian","floor":21,"turns":6},{"damage":32,"enemies":"Chosen and Byrds","floor":22,"turns":6},{"damage":23,"enemies":"Slavers","floor":23,"turns":1}],"seed_played":"8992593495172951747","potions_obtained":[{"floor":2,"key":"Fire Potion"},{"floor":3,"key":"PowerPotion"},{"floor":13,"key":"Energy Potion"},{"floor":16,"key":"Strength Potion"}],"is_trial":false,"path_per_floor":["M","M","M","$","M","E","R","$","T","?","R","?","M","E","R","B",null,"M","$","?","M","M"],"character_chosen":"DEFECT","items_purchased":["Self Repair"],"campfire_rested":0,"item_purchase_floors":[8],"current_hp_per_floor":[58,58,55,55,48,29,29,29,29,20,20,78,74,30,30,22,64,40,40,40,29,17,0],"gold":120,"neow_bonus":"RANDOM_COMMON_RELIC","is_prod":false,"is_daily":false,"chose_seed":false,"campfire_upgraded":3,"win_rate":0,"timestamp":1537575708,"path_taken":["M","M","M","$","M","E","R","$","T","?","R","?","M","E","R","BOSS","M","$","?","M","M","E"],"build_version":"2018-09-20","purchased_purges":2,"victory":false,"max_hp_per_floor":[71,71,71,71,71,78,78,78,78,78,78,78,78,78,78,78,78,78,78,54,54,54,54],"card_choices":[{"not_picked":["Gash","Undo"],"picked":"Glacier","floor":1},{"not_picked":["Go for the Eyes","Fusion"],"picked":"Compile Driver","floor":2},{"not_picked":["Lockon","Coolheaded"],"picked":"Gash","floor":3},{"not_picked":["Redo","Stack"],"picked":"Hologram","floor":5},{"not_picked":["Ball Lightning","Sweeping Beam"],"picked":"Capacitor","floor":6},{"not_picked":["Hello World","Tempest"],"picked":"Hologram","floor":13},{"not_picked":["Darkness","Conserve Battery"],"picked":"Rebound","floor":14},{"not_picked":["Biased Cognition","All For One"],"picked":"Rainbow","floor":16},{"not_picked":["Barrage","Stack","Genetic Algorithm"],"picked":"SKIP","floor":18},{"not_picked":["Barrage","BootSequence","Static Discharge"],"picked":"SKIP","floor":21},{"not_picked":["Barrage","Gash"],"picked":"Conserve Battery","floor":22}],"player_experience":508596,"relics_obtained":[{"floor":6,"key":"Strawberry"},{"floor":9,"key":"Juzu Bracelet"},{"floor":10,"key":"Odd Mushroom"},{"floor":14,"key":"Bag of Preparation"}],"event_choices":[{"event_name":"Mushrooms","player_choice":"Fought Mushrooms","floor":10,"damage_taken":0},{"event_name":"Bonfire Elementals","player_choice":"UNCOMMON","floor":12,"damage_taken":0},{"event_name":"Vampires","player_choice":"Became a vampire","floor":20,"damage_taken":0}],"is_beta":true,"boss_relics":[{"not_picked":["Calling Bell","Runic Dome"],"picked":"Philosopher\u0027s Stone"}],"items_purged_floors":[4,19],"is_endless":false,"potions_floor_spawned":[2,3,13,16],"killed_by":"Slavers","ascension_level":18}