{"gold_per_floor":[119,119,119,294,294,319,340,340],"floor_reached":8,"playtime":1160,"items_purged":[],"score":46,"play_id":"a0f4ad8b-a0ce-4b3d-8af0-3e6fe00c2af5","local_time":"20190925213301","is_ascension_mode":false,"campfire_choices":[],"neow_cost":"NONE","seed_source_timestamp":0,"circlet_count":0,"master_deck":["Strike_R","Strike_R","Strike_R","Strike_R","Strike_R","Defend_R","Defend_R","Defend_R","Defend_R","Bash","Clothesline","Regret","Doubt","Corruption","Bloodletting"],"special_seed":0,"relics":["Burning Blood","Juzu Bracelet","GremlinMask","Golden Idol"],"potions_floor_usage":[],"damage_taken":[{"damage":6.0,"enemies":"2 Louse","floor":1.0,"turns":4.0},{"damage":0,"enemies":"Small Slimes","floor":6,"turns":3},{"damage":12,"enemies":"Cultist","floor":7,"turns":5},{"damage":68,"enemies":"3 Sentries","floor":8,"turns":9}],"seed_played":"-4447230230016876862","potions_obtained":[{"floor":6,"key":"AttackPotion"},{"floor":7,"key":"Dexterity Potion"}],"is_trial":false,"path_per_floor":["M","?","?","?","?","M","M","E"],"character_chosen":"IRONCLAD","items_purchased":[],"campfire_rested":0,"item_purchase_floors":[],"current_hp_per_floor":[88,88,88,88,66,72,66,0],"gold":340,"neow_bonus":"TEN_PERCENT_HP_BONUS","is_prod":false,"is_daily":false,"chose_seed":false,"campfire_upgraded":0,"win_rate":0.0,"timestamp":1569439981,"path_taken":["M","?","?","?","?","M","M","E"],"build_version":"2019-07-05","purchased_purges":0,"victory":false,"max_hp_per_floor":[88,88,88,88,88,88,88,88],"card_choices":[{"not_picked":["Cleave","Body Slam"],"picked":"Clothesline","floor":1.0},{"not_picked":["Ghostly Armor","Disarm"],"picked":"Corruption","floor":6},{"not_picked":["Reckless Charge","Heavy Blade"],"picked":"Bloodletting","floor":7}],"player_experience":22908,"relics_obtained":[],"event_choices":[{"damage_healed":0,"gold_gain":0,"player_choice":"Box","damage_taken":0,"relics_obtained":["Juzu Bracelet"],"max_hp_gain":0,"max_hp_loss":0,"event_name":"Big Fish","floor":2,"gold_loss":0,"cards_obtained":["Regret"]},{"damage_healed":0,"gold_gain":0,"player_choice":"Trade","damage_taken":0,"relics_obtained":["GremlinMask"],"max_hp_gain":0,"max_hp_loss":0,"event_name":"FaceTrader","floor":3,"gold_loss":0},{"damage_healed":0,"gold_gain":175,"player_choice":"AGREE","damage_taken":0,"max_hp_gain":0,"max_hp_loss":0,"event_name":"Liars Game","floor":4,"gold_loss":0,"cards_obtained":["Doubt"]},{"damage_healed":0,"gold_gain":0,"player_choice":"Take Damage","damage_taken":22,"relics_obtained":["Golden Idol"],"max_hp_gain":0,"max_hp_loss":0,"event_name":"Golden Idol","floor":5,"gold_loss":0}],"is_beta":false,"boss_relics":[],"items_purged_floors":[],"is_endless":false,"potions_floor_spawned":[6,7],"killed_by":"3 Sentries","ascension_level":0}