{"path_per_floor":["M","$","?","M","M","E","R","M","T","E","$","E","?","M","R"],"character_chosen":"DEFECT","items_purchased":["Apotheosis"],"gold_per_floor":[109,34,34,45,58,89,89,101,152,184,0,34,34,52,52,52],"floor_reached":16,"campfire_rested":1,"playtime":715,"item_purchase_floors":[11],"current_hp_per_floor":[68,68,68,68,67,51,51,51,51,27,27,17,17,17,38,0],"items_purged":["Parasite"],"gold":52,"score":162,"play_id":"9bb02edd-94e7-4a42-b9a5-0a43c1ab79da","local_time":"20180613195846","is_prod":false,"is_daily":false,"chose_seed":false,"is_ascension_mode":true,"campfire_upgraded":1,"win_rate":0,"timestamp":1528934326,"campfire_choices":[{"data":"Zap","floor":7,"key":"SMITH"},{"floor":15,"key":"REST"}],"path_taken":["M","$","?","M","M","E","R","M","T","E","$","E","?","M","R","BOSS"],"build_version":"2018-06-13","seed_source_timestamp":93722455546820,"purchased_purges":1,"victory":false,"master_deck":["Strike_B","Strike_B","Strike_B","Strike_B","Defend_B","Defend_B","Defend_B","Defend_B","Zap+1","Dualcast","BootSequence","Reinforced Body","Gash","Coolheaded","Capacitor","Cold Snap+1","Apotheosis+1","Conserve Battery","Sunder+1"],"max_hp_per_floor":[75,72,72,72,72,72,72,72,72,72,72,72,72,72,72,72],"special_seed":0,"relics":["Cracked Core","Emotion Chip","Molten Egg 2","Potion Belt","Art of War","Boot"],"card_choices":[{"not_picked":["Force Field","Chaos"],"picked":"BootSequence","floor":1},{"not_picked":["Steam","Streamline"],"picked":"Reinforced Body","floor":4},{"not_picked":["Steam","Cold Snap"],"picked":"Gash","floor":5},{"not_picked":["Cold Snap","Fusion"],"picked":"Coolheaded","floor":6},{"not_picked":["Hyperbeam+1","Stack"],"picked":"Capacitor","floor":8},{"not_picked":["Chill","Biased Cognition"],"picked":"Cold Snap+1","floor":10},{"not_picked":["Stack","Go for the Eyes+1"],"picked":"Conserve Battery","floor":12},{"not_picked":["Barrage+1","Skim"],"picked":"Sunder+1","floor":14}],"player_experience":778654,"potions_floor_usage":[10,10],"damage_taken":[{"damage":0,"enemies":"Small Slimes","floor":1,"turns":3},{"damage":0,"enemies":"Jaw Worm","floor":4,"turns":3},{"damage":1,"enemies":"Cultist","floor":5,"turns":4},{"damage":16,"enemies":"3 Sentries","floor":6,"turns":8},{"damage":0,"enemies":"Looter","floor":8,"turns":3},{"damage":24,"enemies":"Gremlin Nob","floor":10,"turns":4},{"damage":10,"enemies":"3 Sentries","floor":12,"turns":6},{"damage":0,"enemies":"Exordium Wildlife","floor":14,"turns":3},{"damage":41,"enemies":"Slime Boss","floor":16,"turns":6}],"relics_obtained":[{"floor":6,"key":"Molten Egg 2"},{"floor":9,"key":"Potion Belt"},{"floor":10,"key":"Art of War"},{"floor":12,"key":"Boot"}],"event_choices":[{"event_name":"The Cleric","player_choice":"Leave","floor":3,"damage_taken":0},{"event_name":"Accursed Blacksmith","player_choice":"Forge","floor":13,"damage_taken":0}],"boss_relics":[],"items_purged_floors":[2],"potions_floor_spawned":[4,5,6,8],"seed_played":"-2350149338863542132","killed_by":"Slime Boss","ascension_level":7,"potions_obtained":[{"floor":4,"key":"SteroidPotion"},{"floor":5,"key":"Explosive Potion"},{"floor":6,"key":"SkillPotion"}],"is_trial":false}