{"gold_per_floor":[114,124,138,138,138,138,157,176,176,23,42,60,10,25,25,124,124,142,159,159,159,159,159,172,188,188,188,199,199,213,228,228,228],"floor_reached":33,"playtime":916,"items_purged":["Strike_R"],"score":245,"play_id":"2ee40cb2-8da5-40ab-80c6-90f0dba9d056","local_time":"20190401234400","is_ascension_mode":false,"campfire_choices":[{"data":"Pommel Strike","floor":6,"key":"SMITH"},{"data":"Whirlwind","floor":15,"key":"SMITH"},{"floor":23,"key":"REST"},{"data":"Uppercut","floor":27,"key":"SMITH"},{"data":"True Grit","floor":29,"key":"SMITH"},{"floor":32,"key":"REST"}],"neow_cost":"NONE","seed_source_timestamp":82067959218400,"circlet_count":0,"master_deck":["Strike_R","Strike_R","Defend_R","Defend_R","Defend_R","Bash+1","Ghostly Armor","Cleave","Pommel Strike+1","Shrug It Off","True Grit+1","Uppercut+1","Reaper","Whirlwind+1","Feed","Ghostly Armor","Anger","Twin Strike","Headbutt","Flame Barrier"],"relics":["Burning Blood","Nunchaku","Black Star","Meat on the Bone","Sundial"],"potions_floor_usage":[16,16,30,33,33],"damage_taken":[{"damage":1,"enemies":"Cultist","floor":1,"turns":3},{"damage":3,"enemies":"2 Louse","floor":2,"turns":4},{"damage":1,"enemies":"Jaw Worm","floor":3,"turns":3},{"damage":0,"enemies":"Large Slime","floor":7,"turns":4},{"damage":14,"enemies":"Exordium Thugs","floor":8,"turns":5},{"damage":11,"enemies":"Gremlin Gang","floor":11,"turns":4},{"damage":8,"enemies":"Lots of Slimes","floor":12,"turns":3},{"damage":17,"enemies":"Looter","floor":14,"turns":3},{"damage":53,"enemies":"Hexaghost","floor":16,"turns":11},{"damage":50,"enemies":"Spheric Guardian","floor":18,"turns":8},{"damage":0,"enemies":"3 Byrds","floor":19,"turns":4},{"damage":55,"enemies":"Shelled Parasite and Fungi","floor":24,"turns":8},{"damage":8,"enemies":"Centurion and Healer","floor":25,"turns":7},{"damage":28,"enemies":"Cultist and Chosen","floor":28,"turns":8},{"damage":20,"enemies":"Shelled Parasite and Fungi","floor":30,"turns":5},{"damage":18,"enemies":"Snecko","floor":31,"turns":4},{"damage":105,"enemies":"Collector","floor":33,"turns":9}],"seed_played":"2700472624815668612","potions_obtained":[{"floor":3,"key":"Energy Potion"},{"floor":11,"key":"BloodPotion"},{"floor":14,"key":"Swift Potion"},{"floor":18,"key":"Poison Potion"},{"floor":24,"key":"EssenceOfSteel"},{"floor":25,"key":"Explosive Potion"},{"floor":30,"key":"Explosive Potion"}],"is_trial":false,"path_per_floor":["M","M","M","?","?","R","M","M","T","$","M","M","?","M","R","B",null,"M","M","?","T","?","R","M","M","T","R","M","R","M","M","R","B"],"character_chosen":"IRONCLAD","items_purchased":["Uppercut"],"campfire_rested":2,"item_purchase_floors":[10],"current_hp_per_floor":[80,80,80,85,85,85,85,77,77,77,72,70,70,59,59,26,85,44,53,53,53,44,71,40,60,60,60,60,60,61,55,83,0],"gold":228,"neow_bonus":"UPGRADE_CARD","is_prod":false,"is_daily":false,"chose_seed":false,"campfire_upgraded":4,"win_rate":0,"timestamp":1554187440,"path_taken":["M","?","M","?","?","R","M","M","T","$","M","?","?","M","R","BOSS","M","M","?","?","?","R","M","?","T","R","?","R","M","M","R","BOSS"],"build_version":"2019-01-23","purchased_purges":1,"victory":false,"max_hp_per_floor":[80,80,80,85,85,85,85,85,85,85,85,85,85,85,85,85,85,88,91,91,91,91,91,91,91,91,91,91,91,94,94,94,94],"card_choices":[{"not_picked":["Heavy Blade","True Grit"],"picked":"Ghostly Armor","floor":1},{"not_picked":["Armaments","Body Slam"],"picked":"Cleave","floor":2},{"not_picked":["Twin Strike","Dropkick"],"picked":"Pommel Strike","floor":3},{"not_picked":["Clothesline","Metallicize"],"picked":"Shrug It Off","floor":7},{"not_picked":["Clothesline","Pummel"],"picked":"True Grit","floor":8},{"not_picked":["Pommel Strike","Heavy Blade"],"picked":"Reaper","floor":11},{"not_picked":["Clash","Pommel Strike"],"picked":"Whirlwind","floor":12},{"not_picked":["Warcry","Sever Soul","Searing Blow"],"picked":"SKIP","floor":14},{"not_picked":["Reaper","Barricade"],"picked":"Feed","floor":16},{"not_picked":["Body Slam","Sentinel","Combust"],"picked":"SKIP","floor":18},{"not_picked":["Entrench+1","Second Wind"],"picked":"Ghostly Armor","floor":19},{"not_picked":["Pommel Strike","Havoc"],"picked":"Anger","floor":24},{"not_picked":["Perfected Strike","Havoc+1"],"picked":"Twin Strike","floor":25},{"not_picked":["Anger","Clothesline","Body Slam"],"picked":"SKIP","floor":28},{"not_picked":["Ghostly Armor+1","Iron Wave"],"picked":"Headbutt","floor":30},{"not_picked":["Warcry","Clash+1"],"picked":"Flame Barrier","floor":31}],"player_experience":1134174,"relics_obtained":[{"floor":9,"key":"Nunchaku"},{"floor":21,"key":"Meat on the Bone"},{"floor":26,"key":"Sundial"}],"event_choices":[{"damage_healed":0,"gold_gain":0,"player_choice":"Donut","damage_taken":0,"max_hp_gain":5,"max_hp_loss":0,"event_name":"Big Fish","floor":4,"gold_loss":0},{"cards_removed":["Strike_R"],"damage_healed":0,"gold_gain":0,"player_choice":"Purged","damage_taken":0,"max_hp_gain":0,"max_hp_loss":0,"event_name":"Purifier","floor":5,"gold_loss":0},{"cards_removed":["Strike_R"],"damage_healed":0,"gold_gain":0,"player_choice":"Card Removal","damage_taken":0,"max_hp_gain":0,"max_hp_loss":0,"event_name":"The Cleric","floor":13,"gold_loss":50},{"cards_removed":["Defend_R"],"damage_healed":0,"gold_gain":0,"player_choice":"Elegance","damage_taken":0,"max_hp_gain":0,"max_hp_loss":0,"event_name":"Back to Basics","floor":20,"gold_loss":0},{"damage_healed":0,"gold_gain":0,"player_choice":"","damage_taken":9,"max_hp_gain":0,"max_hp_loss":0,"event_name":"Knowing Skull","floor":22,"potions_obtained":[],"gold_loss":0,"cards_obtained":[]}],"is_beta":false,"boss_relics":[{"not_picked":["Tiny House","Orrery"],"picked":"Black Star"}],"items_purged_floors":[10],"is_endless":false,"potions_floor_spawned":[3,11,14,18,24,25,30],"killed_by":"Collector","ascension_level":0}