{"gold_per_floor":[17,33,48,48,48,48,75,75,100,127,127,140,140,151,151,228,228,244,263,29,29,46,46,81,0,23,23,50,69,69,104,104,180,180,198,98,112,0,0,31,31,59,132,132,151,164,184,48,48,48],"floor_reached":51,"playtime":1913,"items_purged":["Strike_G","Defend_G"],"score":1531,"play_id":"a80b70fe-5fd0-4785-8713-0d27887d237c","local_time":"20190919031706","is_ascension_mode":true,"campfire_choices":[{"data":"Quick Slash","floor":6.0,"key":"SMITH"},{"data":"Deadly Poison","floor":8.0,"key":"SMITH"},{"floor":11.0,"key":"REST"},{"data":"Neutralize","floor":15.0,"key":"SMITH"},{"data":"Footwork","floor":23.0,"key":"SMITH"},{"data":"Bouncing Flask","floor":27.0,"key":"SMITH"},{"data":"Malaise","floor":30.0,"key":"SMITH"},{"floor":32,"key":"REST"},{"floor":41,"key":"REST"},{"floor":49,"key":"REST"}],"neow_cost":"NO_GOLD","seed_source_timestamp":423745886370246,"circlet_count":0,"master_deck":["AscendersBane","Defend_G","Defend_G","Neutralize+1","Quick Slash+1","Deadly Poison+1","Backflip","Deflect","Cloak And Dagger","Bouncing Flask+1","Glass Knife","Backstab","Footwork+1","Poisoned Stab","Malaise+1","Dodge and Roll","Escape Plan+1","Corpse Explosion","Footwork","Writhe","Leg Sweep","Dash","Well Laid Plans","Backflip"],"special_seed":0,"relics":["Ring of the Snake","Ancient Tea Set","Strawberry","Paper Crane","Empty Cage","Meat on the Bone","MealTicket","InkBottle","Orichalcum","Fusion Hammer","Red Mask","Lantern","Oddly Smooth Stone","White Beast Statue"],"potions_floor_usage":[31,33,33,50,50],"damage_taken":[{"damage":0.0,"enemies":"Jaw Worm","floor":1.0,"turns":6.0},{"damage":1.0,"enemies":"2 Louse","floor":2.0,"turns":3.0},{"damage":2.0,"enemies":"Cultist","floor":3.0,"turns":4.0},{"damage":21.0,"enemies":"Lagavulin","floor":7.0,"turns":7.0},{"damage":37.0,"enemies":"3 Sentries","floor":10.0,"turns":14.0},{"damage":2.0,"enemies":"Lots of Slimes","floor":12.0,"turns":3.0},{"damage":0.0,"enemies":"3 Louse","floor":14.0,"turns":4.0},{"damage":0.0,"enemies":"The Guardian","floor":16.0,"turns":10.0},{"damage":11.0,"enemies":"3 Byrds","floor":18.0,"turns":6.0},{"damage":13.0,"enemies":"2 Thieves","floor":19.0,"turns":5.0},{"damage":6.0,"enemies":"Cultist and Chosen","floor":22.0,"turns":6.0},{"damage":0.0,"enemies":"Slavers","floor":24.0,"turns":8.0},{"damage":2.0,"enemies":"Book of Stabbing","floor":28.0,"turns":7.0},{"damage":1.0,"enemies":"Snecko","floor":29.0,"turns":4.0},{"damage":19,"enemies":"Gremlin Leader","floor":31,"turns":9},{"damage":45,"enemies":"Champ","floor":33,"turns":13},{"damage":0,"enemies":"3 Shapes","floor":35,"turns":5},{"damage":0,"enemies":"Orb Walker","floor":37,"turns":5},{"damage":29,"enemies":"Giant Head","floor":40,"turns":9},{"damage":16,"enemies":"Nemesis","floor":42,"turns":9},{"damage":0,"enemies":"4 Shapes","floor":45,"turns":4},{"damage":0,"enemies":"Writhing Mass","floor":46,"turns":9},{"damage":5,"enemies":"Transient","floor":47,"turns":5},{"damage":2,"enemies":"Donu and Deca","floor":50,"turns":10}],"seed_played":"382148888274538198","potions_obtained":[{"floor":10.0,"key":"Swift Potion"},{"floor":12.0,"key":"Explosive Potion"},{"floor":13.0,"key":"Regen Potion"},{"floor":13.0,"key":"Dexterity Potion"},{"floor":22.0,"key":"Fire Potion"},{"floor":29.0,"key":"SpeedPotion"},{"floor":31,"key":"Energy Potion"},{"floor":40,"key":"Dexterity Potion"},{"floor":42,"key":"Dexterity Potion"}],"is_trial":false,"path_per_floor":["M","M","M","?","?","R","E","R","T","E","R","M","?","M","R","B",null,"M","M","$","?","M","R","E","$","T","R","E","M","R","E","R","B",null,"M","$","M","?","?","E","R","E","T","?","M","M","M","$","R","B",null],"character_chosen":"THE_SILENT","items_purchased":["Footwork","Ancient Potion","DuplicationPotion","Well Laid Plans","Backflip"],"campfire_rested":4,"item_purchase_floors":[20,20,25,48,48],"current_hp_per_floor":[59,58,56,56,56,56,35,35,42,5,26,24,24,24,24,24,61,65,52,52,52,46,46,46,46,46,46,44,43,43,36,57,24,61,61,73,73,73,73,44,65,49,49,64,64,64,59,73,73,71],"gold":48,"neow_bonus":"REMOVE_TWO","is_prod":false,"is_daily":false,"chose_seed":false,"campfire_upgraded":6,"win_rate":0,"timestamp":1568888226,"path_taken":["M","M","M","?","?","R","E","R","T","E","R","M","?","M","R","BOSS","M","M","$","?","?","R","E","$","T","R","E","M","R","E","R","BOSS","M","$","M","?","?","E","R","E","T","?","M","?","M","$","R","BOSS"],"build_version":"2019-09-18","purchased_purges":2,"victory":true,"max_hp_per_floor":[66,66,66,66,66,66,66,66,73,73,73,73,73,73,73,73,73,73,73,73,73,73,73,73,73,73,73,73,73,73,73,73,73,73,73,73,73,73,73,73,73,73,73,73,73,73,73,73,73,73],"card_choices":[{"not_picked":["Acrobatics","Infinite Blades"],"picked":"Quick Slash","floor":1.0},{"not_picked":["Noxious Fumes","Infinite Blades"],"picked":"Deadly Poison","floor":2.0},{"not_picked":["Acrobatics","Outmaneuver"],"picked":"Backflip","floor":3.0},{"not_picked":["Finisher","Reflex"],"picked":"Deflect","floor":7.0},{"not_picked":["Bane","Flechettes","Backflip"],"picked":"SKIP","floor":10.0},{"not_picked":["Blade Dance","Concentrate"],"picked":"Cloak And Dagger","floor":12.0},{"not_picked":["Infinite Blades","Dash"],"picked":"Bouncing Flask","floor":14.0},{"not_picked":["Doppelganger","Unload"],"picked":"Glass Knife","floor":16.0},{"not_picked":["Terror+1","Dodge and Roll"],"picked":"Backstab","floor":18.0},{"not_picked":["Cloak And Dagger","Flying Knee","All Out Attack"],"picked":"SKIP","floor":19.0},{"not_picked":["Quick Slash+1","Deadly Poison"],"picked":"Poisoned Stab","floor":22.0},{"not_picked":["Flechettes","Slice"],"picked":"Malaise","floor":24.0},{"not_picked":["PiercingWail","Bouncing Flask"],"picked":"Dodge and Roll","floor":28.0},{"not_picked":["Flechettes","Cloak And Dagger","Prepared"],"picked":"SKIP","floor":29.0},{"not_picked":["Poisoned Stab+1","Quick Slash+1"],"picked":"Escape Plan+1","floor":31},{"not_picked":["Malaise","Bullet Time"],"picked":"Corpse Explosion","floor":33},{"not_picked":["Dagger Throw+1","Outmaneuver","Flechettes"],"picked":"SKIP","floor":35},{"not_picked":["Dagger Spray","Cloak And Dagger","Underhanded Strike"],"picked":"SKIP","floor":37},{"not_picked":["Flechettes","Poisoned Stab+1"],"picked":"Footwork","floor":40},{"not_picked":["Slice","Masterful Stab","Poisoned Stab+1"],"picked":"SKIP","floor":42},{"not_picked":["Blade Dance+1","Finisher"],"picked":"Leg Sweep","floor":45},{"not_picked":["Outmaneuver","Acrobatics","Reflex"],"picked":"SKIP","floor":46},{"not_picked":["Outmaneuver","Underhanded Strike+1"],"picked":"Dash","floor":47}],"player_experience":670685,"relics_obtained":[{"floor":7.0,"key":"Ancient Tea Set"},{"floor":9.0,"key":"Strawberry"},{"floor":10.0,"key":"Paper Crane"},{"floor":24.0,"key":"Meat on the Bone"},{"floor":26.0,"key":"MealTicket"},{"floor":28.0,"key":"InkBottle"},{"floor":31,"key":"Orichalcum"},{"floor":40,"key":"Lantern"},{"floor":42,"key":"Oddly Smooth Stone"},{"floor":43,"key":"White Beast Statue"}],"event_choices":[{"cards_removed":["Strike_G"],"damage_healed":0.0,"max_hp_gain":0.0,"max_hp_loss":0.0,"gold_gain":0.0,"event_name":"Living Wall","player_choice":"Forget","floor":4.0,"gold_loss":0.0,"damage_taken":0.0},{"damage_healed":0.0,"max_hp_gain":0.0,"max_hp_loss":0.0,"gold_gain":0.0,"event_name":"Golden Idol","player_choice":"Ignored","floor":5.0,"gold_loss":0.0,"damage_taken":0.0},{"damage_healed":0.0,"max_hp_gain":0.0,"max_hp_loss":0.0,"gold_gain":0.0,"event_name":"Lab","player_choice":"Got Potions","floor":13.0,"gold_loss":0.0,"damage_taken":0.0},{"cards_removed":["Defend_G"],"damage_healed":0.0,"max_hp_gain":0.0,"max_hp_loss":0.0,"gold_gain":0.0,"event_name":"Bonfire Elementals","player_choice":"Offered Basic","floor":21.0,"gold_loss":0.0,"damage_taken":0.0},{"damage_healed":0,"gold_gain":0,"player_choice":"Paid","damage_taken":0,"relics_obtained":["Red Mask"],"max_hp_gain":0,"max_hp_loss":0,"event_name":"Tomb of Lord Red Mask","floor":38,"gold_loss":112},{"cards_removed":["Survivor"],"damage_healed":0,"gold_gain":0,"player_choice":"Removed Skill","damage_taken":0,"max_hp_gain":0,"max_hp_loss":0,"event_name":"Falling","floor":39,"gold_loss":0},{"damage_healed":15,"gold_gain":0,"player_choice":"Writhe","damage_taken":0,"max_hp_gain":0,"max_hp_loss":0,"event_name":"Winding Halls","floor":44,"gold_loss":0,"cards_obtained":["Writhe"]}],"is_beta":true,"boss_relics":[{"not_picked":["SacredBark","Ring of the Serpent"],"picked":"Empty Cage"},{"not_picked":["Astrolabe","Tiny House"],"picked":"Fusion Hammer"}],"items_purged_floors":[20,36],"is_endless":false,"potions_floor_spawned":[10,12,16,22,29,31,40,42,45,46,47],"ascension_level":16}