{"path_per_floor":["M","$","?","M","?","R","E","R","T","?","M","R","E","?","R","B",null,"M"],"character_chosen":"IRONCLAD","items_purchased":[],"gold_per_floor":[117,117,117,136,136,136,176,176,176,176,195,195,236,236,236,366,366,382,382],"floor_reached":19,"campfire_rested":2,"playtime":2270,"current_hp_per_floor":[80,80,64,58,38,62,45,45,45,50,49,49,30,23,48,28,85,64,46],"items_purged":[],"gold":382,"score":208,"play_id":"99608096-ae60-438d-a12f-2e164a69bcce","local_time":"20180329112454","is_prod":false,"is_daily":false,"is_ascension_mode":true,"campfire_upgraded":2,"timestamp":1522337094,"path_taken":["M","?","?","?","?","R","E","R","T","?","?","R","E","?","R","BOSS","M","?"],"build_version":"2018-03-28","purchased_purges":0,"victory":false,"master_deck":["Strike_R","Strike_R","Strike_R","Strike_R+1","Strike_R+1","Defend_R","Defend_R","Defend_R","Defend_R","Bash+1","Berserk","Dropkick","Metallicize","Searing Blow+1","Headbutt","Brutality","Doubt","Parasite","Writhe","Armaments+1"],"max_hp_per_floor":[80,80,80,80,80,80,80,80,80,85,85,85,85,85,85,85,85,85,85],"relics":["Burning Blood","Golden Idol","Ancient Tea Set","Bird Faced Urn","Oddly Smooth Stone","Bronze Scales","Calling Bell","Girya","The Courier","Magic Flower"],"card_choices":[{"not_picked":["Clothesline","Cleave"],"picked":"Dropkick","floor":1},{"not_picked":["True Grit","Armaments"],"picked":"Metallicize","floor":4},{"not_picked":["Flex","Reckless Charge"],"picked":"Searing Blow","floor":7},{"not_picked":["Searing Blow","True Grit"],"picked":"Headbutt","floor":11},{"not_picked":["Feed","Impervious"],"picked":"Brutality","floor":16},{"not_picked":["Heavy Blade","Thunderclap"],"picked":"Armaments","floor":18}],"player_experience":624228,"potions_floor_usage":[7],"damage_taken":[{"damage":6,"enemies":"Cultist","floor":1,"turns":3},{"damage":12,"enemies":"Jaw Worm","floor":4,"turns":2},{"damage":23,"enemies":"Gremlin Nob","floor":7,"turns":4},{"damage":7,"enemies":"Small Slimes","floor":11,"turns":2},{"damage":29,"enemies":"Lagavulin","floor":13,"turns":5},{"damage":30,"enemies":"Hexaghost","floor":16,"turns":8},{"damage":36,"enemies":"Chosen","floor":18,"turns":6},{"damage":24,"enemies":"Shell Parasite","floor":19,"turns":4}],"event_choices":[{"event_name":"Shining Light","player_choice":"Entered Light","floor":3,"damage_taken":0},{"event_name":"Golden Idol","player_choice":"Take Damage","floor":5,"damage_taken":0},{"event_name":"Big Fish","player_choice":"Donut","floor":10,"damage_taken":0},{"event_name":"Scrap Ooze","player_choice":"success","floor":14,"damage_taken":7}],"boss_relics":[{"not_picked":["Lizard Tail","Snecko Eye"],"picked":"Calling Bell"}],"potions_floor_spawned":[4,7],"seed_played":"110428930203658910","killed_by":"Shell Parasite","ascension_level":4,"is_trial":false}