{"gold_per_floor":[118,16,35,52,64,64,78,96,96,96,96,96,109,122,122,122],"floor_reached":16,"playtime":1378,"items_purged":["Strike_R"],"score":106,"play_id":"62f304ad-f50a-4301-b6c5-678ea5241a7c","local_time":"20190709191853","is_ascension_mode":true,"campfire_choices":[{"data":"Armaments","floor":6,"key":"SMITH"},{"data":"Shockwave","floor":12,"key":"SMITH"},{"data":"Inflame","floor":15,"key":"SMITH"}],"neow_cost":"NONE","seed_source_timestamp":3566773674900,"circlet_count":0,"master_deck":["Strike_R","Strike_R","Defend_R","Defend_R","Defend_R","Defend_R","Bash+1","Armaments+1","Shockwave+1","Shrug It Off","Entrench","True Grit","Sentinel","Flame Barrier+1","Shockwave","Clothesline","Inflame+1","Body Slam"],"relics":["Burning Blood","Shuriken"],"potions_floor_usage":[13,14,16],"damage_taken":[{"damage":3,"enemies":"Jaw Worm","floor":1,"turns":6},{"damage":1,"enemies":"Small Slimes","floor":3,"turns":5},{"damage":2,"enemies":"Cultist","floor":4,"turns":4},{"damage":11,"enemies":"Looter","floor":5,"turns":4},{"damage":1,"enemies":"Large Slime","floor":7,"turns":7},{"damage":2,"enemies":"Exordium Wildlife","floor":8,"turns":5},{"damage":6,"enemies":"Looter","floor":13,"turns":3},{"damage":4,"enemies":"Blue Slaver","floor":14,"turns":4},{"damage":7,"enemies":"Slime Boss","floor":16,"turns":10}],"seed_played":"-8505219136045649852","potions_obtained":[{"floor":8,"key":"Swift Potion"},{"floor":13,"key":"Ancient Potion"},{"floor":14,"key":"Block Potion"}],"is_trial":false,"path_per_floor":["M","$","M","M","M","R","M","M","T","?","?","R","M","M","R","B"],"character_chosen":"IRONCLAD","items_purchased":["Shrug It Off"],"campfire_rested":0,"item_purchase_floors":[2],"current_hp_per_floor":[80,80,80,80,75,75,80,80,80,80,64,64,64,66,66,59],"gold":122,"neow_bonus":"TRANSFORM_CARD","is_prod":false,"is_daily":false,"chose_seed":false,"campfire_upgraded":3,"win_rate":0,"timestamp":1562696333,"path_taken":["M","$","M","M","M","R","M","M","T","?","?","R","M","M","R","BOSS"],"build_version":"2019-07-05","purchased_purges":1,"victory":false,"max_hp_per_floor":[80,80,80,80,80,80,80,80,80,80,80,80,80,80,80,80],"card_choices":[{"not_picked":["Headbutt","Ghostly Armor"],"picked":"Shockwave","floor":1},{"not_picked":["Flex","Shrug It Off"],"picked":"Entrench","floor":3},{"not_picked":["Dual Wield","Iron Wave"],"picked":"True Grit","floor":4},{"not_picked":["Clash","Searing Blow"],"picked":"Sentinel","floor":5},{"not_picked":["Entrench","Cleave"],"picked":"Flame Barrier","floor":7},{"not_picked":["Infernal Blade","Anger"],"picked":"Shockwave","floor":8},{"not_picked":["Iron Wave","Anger"],"picked":"Inflame","floor":13},{"not_picked":["Searing Blow","Disarm"],"picked":"Body Slam","floor":14}],"player_experience":61579,"relics_obtained":[{"floor":9,"key":"Shuriken"}],"event_choices":[{"damage_healed":0,"gold_gain":0,"cards_transformed":["Strike_R"],"player_choice":"Change","damage_taken":0,"max_hp_gain":0,"max_hp_loss":0,"event_name":"Living Wall","floor":10,"gold_loss":0,"cards_obtained":["Clothesline"]},{"damage_healed":0,"gold_gain":0,"player_choice":"Entered Light","damage_taken":16,"max_hp_gain":0,"max_hp_loss":0,"event_name":"Shining Light","floor":11,"gold_loss":0,"cards_upgraded":["Flame Barrier","Bash"]}],"is_beta":false,"boss_relics":[],"items_purged_floors":[2],"is_endless":false,"potions_floor_spawned":[8,13,14],"killed_by":"Slime Boss","ascension_level":2}