{"gold_per_floor":[15,15,33,51,51,77,77,102,150,150,165,178,57,74,74,74],"floor_reached":16,"playtime":687,"items_purged":[],"score":179,"play_id":"d9d9248c-a972-46bd-9a3f-89bc0144a100","local_time":"20181001174752","is_ascension_mode":true,"campfire_choices":[{"data":"True Grit","floor":7,"key":"SMITH"},{"floor":10,"key":"REST"},{"floor":15,"key":"REST"}],"neow_cost":"NO_GOLD","seed_source_timestamp":3026031095330,"circlet_count":0,"master_deck":["Strike_R","Strike_R","Strike_R","Strike_R","Strike_R","Defend_R","Defend_R","Defend_R","Bash","AscendersBane","True Grit+1","Havoc","Clash","Clash","Feel No Pain","Battle Trance"],"relics":["Burning Blood","Charon\u0027s Ashes","The Courier","Boot","Omamori"],"potions_floor_usage":[],"damage_taken":[{"damage":7,"enemies":"2 Louse","floor":1,"turns":3},{"damage":0,"enemies":"Small Slimes","floor":3,"turns":3},{"damage":5,"enemies":"Jaw Worm","floor":4,"turns":3},{"damage":25,"enemies":"Lagavulin","floor":6,"turns":5},{"damage":32,"enemies":"3 Sentries","floor":8,"turns":7},{"damage":18,"enemies":"Exordium Thugs","floor":11,"turns":4},{"damage":4,"enemies":"Blue Slaver","floor":12,"turns":3},{"damage":2,"enemies":"Exordium Wildlife","floor":14,"turns":3},{"damage":71,"enemies":"The Guardian","floor":16,"turns":16}],"seed_played":"-5026040478406370263","potions_obtained":[{"floor":3,"key":"Swift Potion"},{"floor":8,"key":"SmokeBomb"},{"floor":11,"key":"Block Potion"}],"is_trial":false,"path_per_floor":["M","?","M","M","$","E","R","E","T","R","M","M","$","M","R"],"character_chosen":"IRONCLAD","items_purchased":["Feel No Pain","Battle Trance"],"campfire_rested":2,"item_purchase_floors":[13,13],"current_hp_per_floor":[71,64,70,71,71,52,52,26,26,50,38,40,40,44,68,0],"gold":74,"neow_bonus":"ONE_RARE_RELIC","is_prod":false,"is_daily":false,"chose_seed":false,"campfire_upgraded":1,"win_rate":0,"timestamp":1538430472,"path_taken":["M","?","M","M","?","E","R","E","T","R","M","M","$","?","R","BOSS"],"build_version":"2018-09-27","purchased_purges":0,"victory":false,"max_hp_per_floor":[80,80,80,80,80,80,80,80,80,80,80,80,80,80,80,80],"card_choices":[{"not_picked":["Pommel Strike","Twin Strike"],"picked":"True Grit","floor":1},{"not_picked":["Warcry","Spot Weakness"],"picked":"Havoc","floor":3},{"not_picked":["Barricade","True Grit"],"picked":"Clash","floor":4},{"not_picked":["Bloodletting","Feed","Anger"],"picked":"SKIP","floor":6},{"not_picked":["Flex","Twin Strike","Whirlwind"],"picked":"SKIP","floor":8},{"not_picked":["Flame Barrier","Sword Boomerang"],"picked":"Clash","floor":11},{"not_picked":["Anger","Metallicize","Perfected Strike"],"picked":"SKIP","floor":12},{"not_picked":["Perfected Strike","Flex","Thunderclap"],"picked":"SKIP","floor":14}],"player_experience":841115,"relics_obtained":[{"floor":6,"key":"The Courier"},{"floor":8,"key":"Boot"},{"floor":9,"key":"Omamori"}],"event_choices":[{"event_name":"Golden Wing","player_choice":"Card Removal","floor":2,"damage_taken":0}],"is_beta":true,"boss_relics":[],"items_purged_floors":[],"is_endless":false,"potions_floor_spawned":[3,8,11],"killed_by":"The Guardian","ascension_level":12}