{"gold_per_floor":[11,28,28,28,38,38,63,63,63,63,63,96,21,36,36,114,114,133,161,171,22,35,35,47,47,95,95,95,95,125,0,0,76,76,86,96,96,28,28,28,28,28,40,52,104,116,128,191,203,215],"floor_reached":51,"playtime":1929,"items_purged":["Strike_G","Strike_G","Injury"],"score":1198,"play_id":"7e305f47-12bf-4866-a946-71e03b57d494","local_time":"20190918162209","is_ascension_mode":true,"campfire_choices":[{"data":"Neutralize","floor":6.0,"key":"SMITH"},{"data":"Deadly Poison","floor":8.0,"key":"SMITH"},{"floor":10.0,"key":"DIG"},{"data":"Footwork","floor":15.0,"key":"SMITH"},{"floor":23.0,"key":"DIG"},{"floor":25.0,"key":"REST"},{"floor":29.0,"key":"DIG"},{"floor":32.0,"key":"REST"},{"floor":40.0,"key":"DIG"},{"floor":41.0,"key":"DIG"},{"floor":42.0,"key":"DIG"},{"floor":46.0,"key":"DIG"},{"floor":49,"key":"REST"}],"neow_cost":"NO_GOLD","seed_source_timestamp":384254278878850,"circlet_count":0,"master_deck":["AscendersBane","Strike_G","Strike_G","Defend_G","Defend_G","Defend_G","Defend_G","Defend_G","Survivor","Neutralize+1","Footwork+1","Riddle With Holes+1","Deadly Poison+1","Sucker Punch","Terror","Dagger Spray","Venomology","Setup","Flying Knee+1","Well Laid Plans","Backflip","J.A.X.","Dagger Throw+1","Tools of the Trade","Footwork","Dash","Footwork","HandOfGreed","Regret","Well Laid Plans+1"],"special_seed":0,"relics":["Ring of the Snake","Shovel","Sundial","Ancient Tea Set","Bottled Tornado","Thread and Needle","Cursed Key","Red Mask","StrikeDummy","Potion Belt","Regal Pillow","WingedGreaves","SlaversCollar","Paper Crane","Pantograph","MawBank","Mercury Hourglass","Vajra"],"potions_floor_usage":[48,48,50,50,50],"damage_taken":[{"damage":8.0,"enemies":"2 Louse","floor":1.0,"turns":4.0},{"damage":0.0,"enemies":"Jaw Worm","floor":2.0,"turns":7.0},{"damage":0.0,"enemies":"Cultist","floor":5.0,"turns":5.0},{"damage":18.0,"enemies":"3 Sentries","floor":7.0,"turns":9.0},{"damage":8.0,"enemies":"Gremlin Nob","floor":12.0,"turns":4.0},{"damage":4.0,"enemies":"Exordium Wildlife","floor":14.0,"turns":7.0},{"damage":0.0,"enemies":"The Guardian","floor":16.0,"turns":10.0},{"damage":10.0,"enemies":"2 Thieves","floor":18.0,"turns":3.0},{"damage":19.0,"enemies":"Masked Bandits","floor":19.0,"turns":8.0},{"damage":12.0,"enemies":"Spheric Guardian","floor":20.0,"turns":6.0},{"damage":32.0,"enemies":"Cultist and Chosen","floor":22.0,"turns":9.0},{"damage":1.0,"enemies":"Snake Plant","floor":24.0,"turns":5.0},{"damage":0.0,"enemies":"Shelled Parasite and Fungi","floor":27.0,"turns":2.0},{"damage":3.0,"enemies":"Book of Stabbing","floor":30.0,"turns":4.0},{"damage":19.0,"enemies":"Champ","floor":33.0,"turns":9.0},{"damage":6.0,"enemies":"Orb Walker","floor":35.0,"turns":5.0},{"damage":11.0,"enemies":"3 Shapes","floor":36.0,"turns":11.0},{"damage":9.0,"enemies":"Maw","floor":45.0,"turns":6.0},{"damage":25,"enemies":"Sphere and 2 Shapes","floor":48,"turns":7},{"damage":92,"enemies":"Donu and Deca","floor":50,"turns":12}],"seed_played":"5813049406364047448","potions_obtained":[{"floor":1.0,"key":"Explosive Potion"},{"floor":2.0,"key":"Block Potion"},{"floor":12.0,"key":"LiquidBronze"},{"floor":16.0,"key":"Strength Potion"},{"floor":18.0,"key":"Dexterity Potion"},{"floor":22.0,"key":"Dexterity Potion"},{"floor":30.0,"key":"GhostInAJar"},{"floor":45.0,"key":"Fire Potion"}],"is_trial":false,"path_per_floor":["M","M","?","?","M","R","E","R","T","R","?","E","$","M","R","B",null,"M","?","M","$","M","R","M","R","T","M","?","R","E","$","R","B",null,"M","M","?","$","?","R","R","R","T","$","M","R","$","M","R","B",null],"character_chosen":"THE_SILENT","items_purchased":["Strength Potion","Footwork"],"campfire_rested":3,"item_purchase_floors":[21,38],"current_hp_per_floor":[55,55,55,55,55,55,37,37,37,37,37,29,29,25,25,25,59,49,30,18,18,21,21,20,41,41,41,41,41,38,38,70,51,65,59,48,48,48,48,48,48,48,48,48,39,39,39,14,50,5],"gold":227,"neow_bonus":"ONE_RARE_RELIC","is_prod":false,"is_daily":false,"chose_seed":false,"campfire_upgraded":3,"win_rate":0,"timestamp":1568848929,"path_taken":["M","M","?","?","?","R","E","R","T","R","?","E","$","M","R","BOSS","M","?","M","$","M","R","M","R","T","M","?","R","E","?","R","BOSS","M","M","?","$","?","R","R","R","T","?","M","R","$","?","R","BOSS"],"build_version":"2019-09-18","purchased_purges":3,"victory":true,"max_hp_per_floor":[70,70,70,70,70,70,70,70,70,70,70,70,70,70,70,70,70,70,70,70,70,70,70,70,70,70,70,70,70,70,70,70,70,70,70,70,70,70,70,70,70,70,70,70,70,70,70,70,70,70],"card_choices":[{"not_picked":["PiercingWail","Accuracy"],"picked":"Footwork","floor":1.0},{"not_picked":["Tactician","Acrobatics"],"picked":"Riddle With Holes","floor":2.0},{"not_picked":["Prepared","Crippling Poison"],"picked":"Deadly Poison","floor":5.0},{"not_picked":["Underhanded Strike","Deadly Poison"],"picked":"Sucker Punch","floor":7.0},{"not_picked":["Well Laid Plans","Outmaneuver"],"picked":"Terror","floor":12.0},{"not_picked":["Concentrate","Noxious Fumes"],"picked":"Dagger Spray","floor":14.0},{"not_picked":["Wraith Form v2","Night Terror"],"picked":"Venomology","floor":16.0},{"not_picked":["PiercingWail","Finisher"],"picked":"Setup","floor":18.0},{"not_picked":["Infinite Blades+1","Acrobatics"],"picked":"Flying Knee+1","floor":19.0},{"not_picked":["Heel Hook","Predator"],"picked":"Well Laid Plans","floor":20.0},{"not_picked":["Cloak And Dagger","PiercingWail","Catalyst"],"picked":"SKIP","floor":22.0},{"not_picked":["Dagger Throw","Crippling Poison"],"picked":"Backflip","floor":24.0},{"not_picked":["Choke","Slice"],"picked":"Dagger Throw+1","floor":30.0},{"not_picked":["Burst","Unload"],"picked":"Tools of the Trade","floor":33.0},{"not_picked":["Crippling Poison","Poisoned Stab"],"picked":"Footwork","floor":35.0},{"not_picked":["Blade Dance","Backstab"],"picked":"Dash","floor":36.0},{"not_picked":["Discovery","Swift Strike"],"picked":"HandOfGreed","floor":39.0},{"not_picked":["Deadly Poison","Bouncing Flask"],"picked":"Well Laid Plans+1","floor":45.0},{"not_picked":["Prepared","Sucker Punch+1","PiercingWail"],"picked":"SKIP","floor":48}],"player_experience":664658,"relics_obtained":[{"floor":7.0,"key":"Sundial"},{"floor":9.0,"key":"Ancient Tea Set"},{"floor":10.0,"key":"Bottled Tornado"},{"floor":12.0,"key":"Thread and Needle"},{"floor":19.0,"key":"Red Mask"},{"floor":23.0,"key":"StrikeDummy"},{"floor":26.0,"key":"Potion Belt"},{"floor":29.0,"key":"Regal Pillow"},{"floor":30.0,"key":"WingedGreaves"},{"floor":40.0,"key":"Paper Crane"},{"floor":41.0,"key":"Pantograph"},{"floor":42.0,"key":"MawBank"},{"floor":43.0,"key":"Mercury Hourglass"},{"floor":46.0,"key":"Vajra"}],"event_choices":[{"damage_healed":0.0,"max_hp_gain":0.0,"max_hp_loss":0.0,"gold_gain":0.0,"event_name":"Living Wall","player_choice":"Grow","floor":3.0,"gold_loss":0.0,"damage_taken":0.0,"cards_upgraded":["Riddle With Holes"]},{"cards_removed":["Strike_G"],"damage_healed":0.0,"max_hp_gain":0.0,"max_hp_loss":0.0,"gold_gain":0.0,"event_name":"Bonfire Elementals","player_choice":"Offered Basic","floor":4.0,"gold_loss":0.0,"damage_taken":0.0},{"damage_healed":0.0,"max_hp_gain":0.0,"max_hp_loss":0.0,"gold_gain":0.0,"event_name":"Golden Idol","player_choice":"Ignored","floor":11.0,"gold_loss":0.0,"damage_taken":0.0},{"damage_healed":0.0,"max_hp_gain":0.0,"max_hp_loss":0.0,"gold_gain":0.0,"event_name":"Masked Bandits","player_choice":"Fought Bandits","floor":19.0,"gold_loss":0.0,"damage_taken":0.0},{"damage_healed":0.0,"max_hp_gain":0.0,"max_hp_loss":0.0,"gold_gain":0.0,"event_name":"Drug Dealer","player_choice":"Obtain J.A.X.","floor":28.0,"gold_loss":0.0,"damage_taken":0.0,"cards_obtained":["J.A.X."]},{"damage_healed":0.0,"max_hp_gain":0.0,"max_hp_loss":0.0,"gold_gain":0.0,"event_name":"Mysterious Sphere","player_choice":"Ignored","floor":37.0,"gold_loss":0.0,"damage_taken":0.0},{"damage_healed":0.0,"max_hp_gain":0.0,"max_hp_loss":0.0,"gold_gain":0.0,"event_name":"SensoryStone","player_choice":"Memory 1","floor":39.0,"gold_loss":0.0,"damage_taken":0.0}],"is_beta":true,"boss_relics":[{"not_picked":["Runic Pyramid","Tiny House"],"picked":"Cursed Key"},{"not_picked":["Black Star","Ring of the Serpent"],"picked":"SlaversCollar"}],"items_purged_floors":[13,21,31],"is_endless":false,"potions_floor_spawned":[1,2,12,16,18,22,27,30,45],"ascension_level":13}