{"gold_per_floor":[11,30,40,52,69,69,104,104,128,175,197,243,255,291,303,420,432,470,682,667,253,280,280,280],"floor_reached":24,"playtime":1105,"items_purged":["Strike_P"],"score":306,"play_id":"c6c3850b-a0e3-4515-91a9-6b52270a7564","local_time":"20190913090629","is_ascension_mode":true,"campfire_choices":[{"data":"Nirvana","floor":6.0,"key":"SMITH"},{"floor":8.0,"key":"REST"},{"floor":15.0,"key":"REST"},{"floor":23.0,"key":"REST"}],"neow_cost":"NO_GOLD","seed_source_timestamp":45584081643425,"circlet_count":0,"master_deck":["Strike_P","Strike_P","Strike_P","Defend_P","Defend_P","Defend_P","Defend_P","Eruption","Vigilance","Nirvana+1","DeceiveReality","Perseverance","CrushJoints","Establishment","FlyingSleeves","WindmillStrike","Prostrate","CutThroughFate","FlyingSleeves","BattleHymn","Protect","ThirdEye"],"special_seed":0,"relics":["PureWater","Vajra","MawBank","Potion Belt","Juzu Bracelet","CeramicFish","SacredBark","Regal Pillow","Bronze Scales"],"potions_floor_usage":[],"damage_taken":[{"damage":0.0,"enemies":"Cultist","floor":1.0,"turns":2.0},{"damage":2.0,"enemies":"Jaw Worm","floor":2.0,"turns":7.0},{"damage":0.0,"enemies":"2 Louse","floor":3.0,"turns":3.0},{"damage":0.0,"enemies":"Looter","floor":4.0,"turns":4.0},{"damage":16.0,"enemies":"3 Louse","floor":5.0,"turns":4.0},{"damage":10.0,"enemies":"Gremlin Nob","floor":7.0,"turns":3.0},{"damage":21.0,"enemies":"3 Sentries","floor":10.0,"turns":8.0},{"damage":9.0,"enemies":"Blue Slaver","floor":11.0,"turns":4.0},{"damage":0.0,"enemies":"Lagavulin","floor":12.0,"turns":3.0},{"damage":10.0,"enemies":"Large Slime","floor":14.0,"turns":4.0},{"damage":15.0,"enemies":"Slime Boss","floor":16.0,"turns":6.0},{"damage":25.0,"enemies":"Spheric Guardian","floor":18.0,"turns":6.0},{"damage":17.0,"enemies":"2 Thieves","floor":20.0,"turns":5.0},{"damage":5.0,"enemies":"Sentry and Sphere","floor":22.0,"turns":6.0},{"damage":43,"enemies":"3 Cultists","floor":24,"turns":5}],"seed_played":"-2543085623925920277","potions_obtained":[{"floor":3.0,"key":"DuplicationPotion"},{"floor":4.0,"key":"FearPotion"},{"floor":7.0,"key":"PowerPotion"},{"floor":11.0,"key":"Explosive Potion"},{"floor":16.0,"key":"Strength Potion"},{"floor":18.0,"key":"Block Potion"},{"floor":20.0,"key":"Poison Potion"}],"is_trial":false,"path_per_floor":["M","M","M","M","M","R","E","R","T","E","M","E","?","M","R","B",null,"M","?","M","$","M","R","M"],"character_chosen":"WATCHER","items_purchased":["Regal Pillow","Bronze Scales","Poison Potion"],"campfire_rested":3,"item_purchase_floors":[21,21,21],"current_hp_per_floor":[65,63,63,63,47,47,37,56,56,35,26,26,26,16,35,20,54,29,29,12,12,7,41,0],"gold":280,"neow_bonus":"THREE_RARE_CARDS","is_prod":false,"is_daily":false,"chose_seed":false,"campfire_upgraded":1,"win_rate":0,"timestamp":1568333189,"path_taken":["M","M","M","M","M","R","E","R","T","E","?","E","?","M","R","BOSS","M","?","M","$","M","R","M"],"build_version":"2019-09-11v2","purchased_purges":1,"victory":false,"max_hp_per_floor":[65,65,65,65,65,65,65,65,65,65,65,65,65,65,65,65,65,65,65,65,65,65,65,65],"card_choices":[{"not_picked":["Blasphemy","Wallop"],"picked":"Nirvana","floor":0.0},{"not_picked":["EmptyFist","FollowUp"],"picked":"DeceiveReality","floor":1.0},{"not_picked":["EmptyMind","Consecrate"],"picked":"Perseverance","floor":2.0},{"not_picked":["Consecrate","Scrawl"],"picked":"CrushJoints","floor":3.0},{"not_picked":["Wallop","EmptyMind"],"picked":"Establishment","floor":4.0},{"not_picked":["Crescendo","WreathOfFlame"],"picked":"FlyingSleeves","floor":5.0},{"not_picked":["Nirvana","Crescendo"],"picked":"WindmillStrike","floor":7.0},{"not_picked":["CrushJoints","BowlingBash"],"picked":"Prostrate","floor":10.0},{"not_picked":["FollowUp","Consecrate","EmptyMind"],"picked":"SKIP","floor":11.0},{"not_picked":["Sanctity","FollowUp"],"picked":"CutThroughFate","floor":12.0},{"not_picked":["EmptyBody","JustLucky"],"picked":"FlyingSleeves","floor":14.0},{"not_picked":["Alpha","SignatureMove"],"picked":"BattleHymn","floor":16.0},{"not_picked":["EmptyBody+1","FlyingSleeves"],"picked":"Protect","floor":18.0},{"not_picked":["Vengeance","FollowUp","EmptyFist"],"picked":"SKIP","floor":20.0},{"not_picked":["Weave+1","Meditate"],"picked":"ThirdEye","floor":22.0}],"player_experience":615537,"relics_obtained":[{"floor":7.0,"key":"Vajra"},{"floor":9.0,"key":"MawBank"},{"floor":10.0,"key":"Potion Belt"},{"floor":12.0,"key":"Juzu Bracelet"}],"event_choices":[{"damage_healed":0.0,"max_hp_gain":0.0,"max_hp_loss":0.0,"gold_gain":0.0,"event_name":"Dead Adventurer","player_choice":"Searched \u00271\u0027 times","floor":13.0,"gold_loss":0.0,"damage_taken":0.0,"relics_obtained":["CeramicFish"]},{"damage_healed":0.0,"max_hp_gain":0.0,"max_hp_loss":0.0,"gold_gain":250.0,"event_name":"The Joust","player_choice":"Bet on Owner","floor":19.0,"gold_loss":50.0,"damage_taken":0.0}],"is_beta":true,"boss_relics":[{"not_picked":["Tiny House","Black Star"],"picked":"SacredBark"}],"items_purged_floors":[21],"is_endless":false,"potions_floor_spawned":[3,4,7,11,16,18,20],"killed_by":"3 Cultists","ascension_level":5}