{"gold_per_floor":[111,111,33,44,44,75,75,88,88,88,28,20,52,69,69,169,169,188,50,63,63,81,114,53,53,53,53,53],"floor_reached":28,"playtime":633,"items_purged":["Regret","Defend_G"],"score":352,"play_id":"3a5146f9-08fe-49a9-b1cc-992e096cb02a","local_time":"20190212173149","is_ascension_mode":true,"campfire_choices":[{"data":"Footwork","floor":7,"key":"SMITH"},{"data":"Neutralize","floor":10,"key":"SMITH"},{"data":"Poisoned Stab","floor":15,"key":"SMITH"},{"floor":25,"key":"REST"}],"neow_cost":"NONE","seed_source_timestamp":777866594196253,"circlet_count":0,"master_deck":["Defend_G","Defend_G","Defend_G","Defend_G","Strike_G","Strike_G","Strike_G","Strike_G","Survivor","Neutralize+1","Dagger Throw","Footwork+1","Dagger Spray","Poisoned Stab","Poisoned Stab+1","Blade Dance","Terror","Malaise","Backstab+1","Well Laid Plans","Blade Dance","Footwork","Cloak And Dagger","Accuracy"],"relics":["Ring of the Snake","NeowsBlessing","StoneCalendar","The Courier","Singing Bowl","The Specimen","WristBlade","Snake Skull","Strawberry"],"potions_floor_usage":[13,13,22,23,28],"damage_taken":[{"damage":0,"enemies":"Jaw Worm","floor":1,"turns":1},{"damage":0,"enemies":"Cultist","floor":4,"turns":1},{"damage":0,"enemies":"Lagavulin","floor":6,"turns":1},{"damage":11,"enemies":"Small Slimes","floor":8,"turns":4},{"damage":9,"enemies":"Exordium Thugs","floor":12,"turns":4},{"damage":1,"enemies":"3 Sentries","floor":13,"turns":7},{"damage":7,"enemies":"Large Slime","floor":14,"turns":7},{"damage":19,"enemies":"Slime Boss","floor":16,"turns":7},{"damage":3,"enemies":"3 Byrds","floor":18,"turns":5},{"damage":9,"enemies":"2 Thieves","floor":20,"turns":3},{"damage":24,"enemies":"Snake Plant","floor":22,"turns":2},{"damage":18,"enemies":"Gremlin Leader","floor":23,"turns":5},{"damage":24,"enemies":"Colosseum Slavers","floor":27,"turns":4},{"damage":11,"enemies":"Slavers","floor":28,"turns":3}],"seed_played":"-4957877246848828723","potions_obtained":[{"floor":4,"key":"EssenceOfSteel"},{"floor":12,"key":"Regen Potion"},{"floor":16,"key":"AttackPotion"},{"floor":20,"key":"SteroidPotion"},{"floor":23,"key":"Explosive Potion"}],"is_trial":false,"path_per_floor":["M","?","$","M","?","E","R","M","T","R","$","M","E","M","R","B",null,"M","$","M","?","M","E","$","R","T","?","E"],"character_chosen":"THE_SILENT","items_purchased":["Footwork","Well Laid Plans","Accuracy"],"campfire_rested":1,"item_purchase_floors":[3,19,24],"current_hp_per_floor":[63,63,63,63,63,63,63,52,52,52,52,43,59,52,52,33,62,59,59,50,50,26,8,8,29,36,12,1],"gold":53,"neow_bonus":"THREE_ENEMY_KILL","is_prod":false,"is_daily":false,"chose_seed":false,"campfire_upgraded":3,"win_rate":0,"timestamp":1550017909,"path_taken":["M","?","$","?","?","E","R","M","T","R","?","M","E","M","R","BOSS","M","$","M","?","?","E","?","R","T","?","E"],"build_version":"2019-01-23","purchased_purges":2,"victory":false,"max_hp_per_floor":[70,70,70,70,70,70,70,70,70,70,70,70,72,72,72,72,72,72,72,72,72,72,72,72,72,79,79,79],"card_choices":[{"not_picked":["Slice","Eviscerate"],"picked":"Dagger Throw","floor":1},{"not_picked":["Underhanded Strike","PiercingWail"],"picked":"Dagger Spray","floor":4},{"not_picked":["Calculated Gamble","Distraction"],"picked":"Poisoned Stab","floor":6},{"not_picked":["Dagger Spray","Glass Knife"],"picked":"Poisoned Stab","floor":8},{"not_picked":["Underhanded Strike","Dagger Throw"],"picked":"Blade Dance","floor":12},{"not_picked":["Backflip","All Out Attack","Flying Knee"],"picked":"Singing Bowl","floor":13},{"not_picked":["PiercingWail","Endless Agony"],"picked":"Terror","floor":14},{"not_picked":["Burst","Bullet Time"],"picked":"Malaise","floor":16},{"not_picked":["Deflect+1","Outmaneuver"],"picked":"Backstab+1","floor":18},{"not_picked":["Calculated Gamble+1","Quick Slash"],"picked":"Blade Dance","floor":20},{"not_picked":["Crippling Poison","Sucker Punch"],"picked":"Footwork","floor":22},{"not_picked":["Setup","Quick Slash"],"picked":"Cloak And Dagger","floor":23}],"player_experience":355735,"relics_obtained":[{"floor":6,"key":"The Courier"},{"floor":9,"key":"Singing Bowl"},{"floor":13,"key":"The Specimen"},{"floor":23,"key":"Snake Skull"},{"floor":26,"key":"Strawberry"}],"event_choices":[{"cards_removed":["Strike_G"],"damage_healed":0,"gold_gain":0,"player_choice":"Purged","damage_taken":0,"max_hp_gain":0,"max_hp_loss":0,"event_name":"Purifier","floor":2,"gold_loss":0},{"damage_healed":0,"gold_gain":0,"player_choice":"Box","damage_taken":0,"relics_obtained":["StoneCalendar"],"max_hp_gain":0,"max_hp_loss":0,"event_name":"Big Fish","floor":5,"gold_loss":0,"cards_obtained":["Regret"]},{"damage_healed":0,"gold_gain":0,"player_choice":"Bought 0 Potions","damage_taken":0,"max_hp_gain":0,"max_hp_loss":0,"event_name":"The Woman in Blue","floor":21,"gold_loss":0},{"damage_healed":0,"gold_gain":0,"player_choice":"Fight","damage_taken":0,"max_hp_gain":0,"max_hp_loss":0,"event_name":"Colosseum","floor":27,"gold_loss":0},{"damage_healed":0,"gold_gain":0,"player_choice":"Fled From Nobs","damage_taken":0,"max_hp_gain":0,"max_hp_loss":0,"event_name":"Colosseum","floor":27,"gold_loss":0}],"is_beta":false,"boss_relics":[{"not_picked":["Snecko Eye","Runic Dome"],"picked":"WristBlade"}],"items_purged_floors":[11,19],"is_endless":false,"potions_floor_spawned":[4,12,16,20,23],"killed_by":"Slavers","ascension_level":6}