{"path_per_floor":["M","M","M","M","M","R","?","R","T","$","?","E","M","?","R","B",null,"M","?","M","T","$","M","R","?","T","M","E","M","R","M","R","B",null,"M","?"],"character_chosen":"DEFECT","items_purchased":["BootSequence","Mind Blast"],"gold_per_floor":[114,129,144,159,174,174,174,174,174,138,138,168,183,183,183,283,283,298,298,313,363,260,275,275,275,355,370,400,415,415,430,430,530,530,545,545,545],"floor_reached":37,"campfire_rested":0,"playtime":1778,"current_hp_per_floor":[73,72,66,66,58,58,58,58,58,58,70,60,60,60,60,32,64,63,62,61,60,59,58,57,56,55,54,53,52,51,50,49,48,47,46,45,0],"items_purged":[],"gold":545,"score":466,"play_id":"770f8fc3-bddb-4e19-b7d4-6761c9bf7286","local_time":"20180506171637","daily_mods":["Shiny","Uncertain Future","Terminal"],"is_prod":false,"is_daily":true,"chose_seed":false,"is_ascension_mode":false,"campfire_upgraded":6,"timestamp":1525641397,"path_taken":["M","M","M","M","M","R","?","R","T","$","?","E","M","?","R","BOSS","M","?","M","?","$","M","R","?","T","M","E","M","R","M","R","BOSS","M","?","BOSS"],"build_version":"2018-05-03","seed_source_timestamp":0,"purchased_purges":0,"victory":false,"master_deck":["Hyperbeam+1","Thunder Strike","Biased Cognition","Machine Learning+1","Rainbow","Prime","Seek","Meteor Strike","Echo Form","All For One","Reboot","Nova","Amplify","Fusion","Redo","Creative AI","Fission","Ball Lightning","Beam Cell+1","Go for the Eyes+1","Beam Cell+1","Conserve Battery","BootSequence+1","Genetic Algorithm+1","Seek+1","Leap+1","Steam Power+1","Mind Blast+1","Bandage Up+1","Rip and Tear","Ball Lightning+1"],"max_hp_per_floor":[73,72,71,70,69,68,74,73,72,71,70,69,68,67,66,65,64,63,62,61,60,59,58,57,56,55,54,53,52,51,50,49,48,47,46,45,45],"relics":["Cracked Core","Strawberry","Toxic Egg 2","Dodecahedron","Sozu","Bag of Preparation","Tiny Chest","Blood Vial"],"card_choices":[{"not_picked":["Reinforced Body","Stack"],"picked":"Ball Lightning","floor":1},{"not_picked":["Buffer","Hologram"],"picked":"Beam Cell","floor":2},{"not_picked":["Scrape","Aggregate"],"picked":"Go for the Eyes","floor":3},{"not_picked":["Go for the Eyes","Leap"],"picked":"Beam Cell","floor":4},{"not_picked":["Tempest","Loop"],"picked":"Conserve Battery","floor":5},{"not_picked":["Reinforced Body","Cold Snap"],"picked":"Genetic Algorithm","floor":13},{"not_picked":["Fission","Machine Learning"],"picked":"Seek","floor":16},{"not_picked":["Turbo","Rebound"],"picked":"Leap","floor":18},{"not_picked":["Axe Kick","Sweeping Beam"],"picked":"Steam Power","floor":20},{"not_picked":["Prime","Gash"],"picked":"Rip and Tear","floor":28},{"not_picked":["Skim","Beam Cell"],"picked":"Ball Lightning","floor":35}],"player_experience":723896,"potions_floor_usage":[12,37,37],"damage_taken":[{"damage":0,"enemies":"Small Slimes","floor":1,"turns":1},{"damage":0,"enemies":"Cultist","floor":2,"turns":3},{"damage":6,"enemies":"Jaw Worm","floor":3,"turns":2},{"damage":0,"enemies":"Large Slime","floor":4,"turns":3},{"damage":8,"enemies":"Red Slaver","floor":5,"turns":2},{"damage":10,"enemies":"Gremlin Nob","floor":12,"turns":4},{"damage":0,"enemies":"2 Fungi Beasts","floor":13,"turns":2},{"damage":28,"enemies":"Hexaghost","floor":16,"turns":7},{"damage":0,"enemies":"3 Byrds","floor":18,"turns":3},{"damage":0,"enemies":"Chosen","floor":20,"turns":3},{"damage":0,"enemies":"Snake Plant","floor":23,"turns":3},{"damage":0,"enemies":"Chosen and Byrds","floor":27,"turns":2},{"damage":0,"enemies":"Gremlin Leader","floor":28,"turns":5},{"damage":0,"enemies":"Sentry and Sphere","floor":29,"turns":4},{"damage":0,"enemies":"Snake Plant","floor":31,"turns":2},{"damage":0,"enemies":"Champ","floor":33,"turns":6},{"damage":0,"enemies":"Flame Bruiser 1 Orb","floor":35,"turns":4},{"damage":58,"enemies":"Awakened One","floor":37,"turns":8}],"event_choices":[{"event_name":"Scrap Ooze","player_choice":"success","floor":7,"damage_taken":7},{"event_name":"Big Fish","player_choice":"Banana","floor":11,"damage_taken":0},{"event_name":"Liars Game","player_choice":"disagreed","floor":14,"damage_taken":0},{"event_name":"Back to Basics","player_choice":"Elegance","floor":19,"damage_taken":0},{"event_name":"Match and Keep!","player_choice":"1 cards matched","floor":25,"damage_taken":0},{"event_name":"SecretPortal","player_choice":"Took Portal.","floor":36,"damage_taken":0}],"boss_relics":[{"not_picked":["Eternal Feather","Pandora\u0027s Box"],"picked":"Sozu"},{"not_picked":["Snecko Eye","Lizard Tail","Velvet Choker"]}],"potions_floor_spawned":[1,3,4,13,18,23,29,35],"seed_played":"-5471539698624743704","killed_by":"Awakened One","ascension_level":0,"is_trial":false}