{"gold_per_floor":[110,285,285,285,62,62,81,98,98,98,52,52,85,98,98,201,201,219,236,254,254,353,380,380,394,473,92,92,118,118,133,133,237,237,247,247,228,243,82,82,82,82,106,137,137,148,182,182,182,182],"floor_reached":50,"playtime":2455,"items_purged":["Strike_G"],"score":959,"play_id":"d0d19c60-0ca9-4f71-8782-788d16ce2f2b","local_time":"20190405232741","is_ascension_mode":true,"campfire_choices":[{"data":"Crippling Poison","floor":6,"key":"SMITH"},{"floor":12,"key":"REST"},{"data":"Footwork","floor":15,"key":"SMITH"},{"data":"Malaise","floor":24,"key":"SMITH"},{"data":"Well Laid Plans","floor":28,"key":"SMITH"},{"data":"Dodge and Roll","floor":30,"key":"SMITH"},{"floor":32,"key":"REST"},{"floor":40,"key":"RECALL"},{"data":"Wraith Form v2","floor":42,"key":"SMITH"},{"floor":45,"key":"DIG"},{"floor":49,"key":"REST"}],"neow_cost":"NONE","seed_source_timestamp":4835772270778,"circlet_count":0,"master_deck":["AscendersBane","Survivor","Neutralize","Quick Slash","Footwork+1","Crippling Poison+1","Acrobatics","Deflect","Dodge and Roll","Backflip","Endless Agony","Wraith Form v2+1","Unload","Underhanded Strike","Poisoned Stab","Reflex","Malaise+1","Predator","Grand Finale","Concentrate","Backstab","Leg Sweep","Deadly Poison","Dagger Throw","Dodge and Roll+1","Escape Plan","Well Laid Plans+1","After Image","Backflip","Bouncing Flask","Dodge and Roll","Dagger Throw+1","PiercingWail+1","Parasite","Flechettes+1","Backstab+1","Discovery"],"relics":["Ring of the Serpent","Omamori","Pocketwatch","Happy Flower","FossilizedHelix","Thread and Needle","Pandora\u0027s Box","PreservedInsect","Molten Egg 2","Membership Card","Tingsha","Bag of Marbles","PrismaticShard","Anchor","Shovel","Mummified Hand","Ancient Tea Set"],"potions_floor_usage":[13,13,13,33,38,50,50],"damage_taken":[{"damage":23,"enemies":"Jaw Worm","floor":1,"turns":7},{"damage":0,"enemies":"2 Louse","floor":7,"turns":2},{"damage":5,"enemies":"Small Slimes","floor":8,"turns":3},{"damage":0,"enemies":"3 Sentries","floor":13,"turns":11},{"damage":0,"enemies":"Looter","floor":14,"turns":4},{"damage":8,"enemies":"The Guardian","floor":16,"turns":18},{"damage":0,"enemies":"Chosen","floor":18,"turns":5},{"damage":5,"enemies":"3 Byrds","floor":19,"turns":3},{"damage":3,"enemies":"Snake Plant","floor":20,"turns":7},{"damage":12,"enemies":"Gremlin Leader","floor":23,"turns":7},{"damage":0,"enemies":"Sentry and Sphere","floor":25,"turns":6},{"damage":18,"enemies":"Slavers","floor":29,"turns":5},{"damage":0,"enemies":"3 Cultists","floor":31,"turns":6},{"damage":16,"enemies":"Collector","floor":33,"turns":11},{"damage":0,"enemies":"Orb Walker","floor":35,"turns":4},{"damage":16,"enemies":"3 Darklings","floor":38,"turns":3},{"damage":16,"enemies":"Reptomancer","floor":44,"turns":6},{"damage":5,"enemies":"Writhing Mass","floor":46,"turns":5},{"damage":0,"enemies":"Nemesis","floor":47,"turns":10},{"damage":28,"enemies":"Time Eater","floor":50,"turns":15}],"seed_played":"3014050841907945537","potions_obtained":[{"floor":1,"key":"PowerPotion"},{"floor":8,"key":"EntropicBrew"},{"floor":16,"key":"EssenceOfSteel"},{"floor":23,"key":"GhostInAJar"},{"floor":33,"key":"SpeedPotion"},{"floor":35,"key":"Fruit Juice"}],"is_trial":false,"path_per_floor":["M","?","?","?","$","R","M","M","T","T","$","R","E","M","R","B",null,"M","M","M","T","?","E","R","M","T","$","R","E","R","M","R","B",null,"M","?","$","M","$","R","$","R","T","E","R","M","E","?","R","B"],"character_chosen":"THE_SILENT","items_purchased":["Footwork","Crippling Poison","Dodge and Roll","Membership Card","Well Laid Plans","Tingsha","Bouncing Flask","Dagger Throw+1","PrismaticShard","GhostInAJar"],"campfire_rested":3,"item_purchase_floors":[5,5,11,27,27,27,37,39,39,39],"current_hp_per_floor":[40,40,40,26,26,26,26,21,21,21,21,42,42,42,42,34,61,61,56,53,53,53,41,41,41,41,41,41,23,23,23,44,28,60,60,60,60,44,44,44,44,44,44,28,28,23,23,23,44,21],"gold":182,"neow_bonus":"RANDOM_COMMON_RELIC","is_prod":false,"is_daily":false,"chose_seed":false,"campfire_upgraded":6,"win_rate":0,"timestamp":1554528461,"path_taken":["M","?","?","?","?","R","?","M","T","?","$","R","E","M","R","BOSS","M","?","M","?","?","E","R","M","T","$","R","E","R","M","R","BOSS","M","?","$","?","$","R","?","R","T","E","R","M","E","?","R","BOSS"],"build_version":"2019-01-23","purchased_purges":1,"victory":false,"max_hp_per_floor":[70,70,70,70,70,70,70,70,70,70,70,70,70,70,70,70,70,70,70,70,70,70,70,70,70,70,70,70,70,70,70,70,70,70,70,70,70,70,70,70,70,70,70,70,70,70,70,70,70,75],"card_choices":[{"not_picked":["All Out Attack","Underhanded Strike"],"picked":"Quick Slash","floor":1},{"not_picked":["Skewer","Sucker Punch"],"picked":"Acrobatics","floor":7},{"not_picked":["Flechettes","Terror"],"picked":"Deflect","floor":8},{"not_picked":["Terror","Blade Dance"],"picked":"Backflip","floor":13},{"not_picked":["Blade Dance","Slice"],"picked":"Endless Agony","floor":14},{"not_picked":["Glass Knife","Die Die Die"],"picked":"Wraith Form v2","floor":16},{"not_picked":["Accuracy","Caltrops"],"picked":"Leg Sweep","floor":18},{"not_picked":["Expertise","Bane"],"picked":"Deadly Poison","floor":19},{"not_picked":["PiercingWail+1","Outmaneuver"],"picked":"Dagger Throw","floor":20},{"not_picked":["Skewer","Bane"],"picked":"Dodge and Roll","floor":23},{"not_picked":["Backflip","Slice"],"picked":"Escape Plan","floor":25},{"not_picked":["Corpse Explosion","Deflect","Finisher+1"],"picked":"SKIP","floor":29},{"not_picked":["Deflect+1","Dash+1","Terror"],"picked":"SKIP","floor":31},{"not_picked":["Malaise","Burst"],"picked":"After Image","floor":33},{"not_picked":["Cloak And Dagger","Underhanded Strike+1"],"picked":"Backflip","floor":35},{"not_picked":["Cloak And Dagger","Underhanded Strike+1"],"picked":"Dodge and Roll","floor":38},{"not_picked":["Barrage+1","Conserve Battery"],"picked":"PiercingWail+1","floor":44},{"not_picked":["Genetic Algorithm","Sword Boomerang+1"],"picked":"Flechettes+1","floor":46},{"not_picked":["Corruption","Entrench+1"],"picked":"Backstab+1","floor":47},{"not_picked":["Trip","Blind"],"picked":"Discovery","floor":48}],"player_experience":498338,"relics_obtained":[{"floor":9,"key":"Happy Flower"},{"floor":10,"key":"FossilizedHelix"},{"floor":13,"key":"Thread and Needle"},{"floor":23,"key":"PreservedInsect"},{"floor":26,"key":"Molten Egg 2"},{"floor":29,"key":"Bag of Marbles"},{"floor":43,"key":"Anchor"},{"floor":44,"key":"Shovel"},{"floor":45,"key":"Mummified Hand"},{"floor":47,"key":"Ancient Tea Set"}],"event_choices":[{"damage_healed":0,"gold_gain":175,"player_choice":"AGREE","damage_taken":0,"max_hp_gain":0,"max_hp_loss":0,"event_name":"Liars Game","floor":2,"gold_loss":0,"cards_obtained":["Doubt"]},{"damage_healed":0,"gold_gain":0,"player_choice":"Box","damage_taken":0,"relics_obtained":["Pocketwatch"],"max_hp_gain":0,"max_hp_loss":0,"event_name":"Big Fish","floor":3,"gold_loss":0,"cards_obtained":["Regret"]},{"damage_healed":0,"gold_gain":0,"player_choice":"Entered Light","damage_taken":14,"max_hp_gain":0,"max_hp_loss":0,"event_name":"Shining Light","floor":4,"gold_loss":0,"cards_upgraded":["Strike_G","Strike_G"]},{"damage_healed":0,"gold_gain":99,"player_choice":"Stole From Cult","damage_taken":0,"max_hp_gain":0,"max_hp_loss":0,"event_name":"Nest","floor":22,"gold_loss":0},{"damage_healed":0,"gold_gain":0,"player_choice":"Got Potions","damage_taken":0,"max_hp_gain":0,"max_hp_loss":0,"event_name":"Lab","floor":36,"gold_loss":0},{"damage_healed":0,"gold_gain":0,"player_choice":"Memory 1","damage_taken":0,"max_hp_gain":0,"max_hp_loss":0,"event_name":"SensoryStone","floor":48,"gold_loss":0}],"is_beta":false,"boss_relics":[{"not_picked":["Velvet Choker","WristBlade"],"picked":"Pandora\u0027s Box"},{"not_picked":["Empty Cage","Philosopher\u0027s Stone"],"picked":"Ring of the Serpent"}],"items_purged_floors":[5],"is_endless":false,"potions_floor_spawned":[1,8,16,19,20,23,33,35,46],"killed_by":"Time Eater","ascension_level":12}