{"gold_per_floor":[114,114,389,59,69,69,104,104,104,117,145,156,156],"floor_reached":13,"playtime":333,"items_purged":["Regret"],"score":149,"play_id":"cc9abde1-c8b0-41b4-9d19-844975d0a700","local_time":"20190407233323","is_ascension_mode":true,"campfire_choices":[{"data":"Deadly Poison","floor":6,"key":"SMITH"},{"data":"Neutralize","floor":8,"key":"SMITH"}],"neow_cost":"NONE","seed_source_timestamp":180111930830785,"circlet_count":0,"master_deck":["AscendersBane","Defend_G","Defend_G","Defend_G","Defend_G","Defend_G+1","Strike_G+1","Strike_G","Strike_G","Strike_G","Strike_G","Survivor","Neutralize+1","Deadly Poison+1","PiercingWail","Acrobatics","Poisoned Stab","Die Die Die","Prepared"],"relics":["Ring of the Snake","Ninja Scroll","Dodecahedron","Bottled Flame","Smiling Mask"],"potions_floor_usage":[7,11,13],"damage_taken":[{"damage":0,"enemies":"2 Louse","floor":1,"turns":3},{"damage":0,"enemies":"Jaw Worm","floor":5,"turns":3},{"damage":26,"enemies":"Gremlin Nob","floor":7,"turns":4},{"damage":0,"enemies":"Cultist","floor":10,"turns":3},{"damage":26,"enemies":"3 Sentries","floor":11,"turns":9},{"damage":0,"enemies":"Exordium Wildlife","floor":12,"turns":2},{"damage":26,"enemies":"Gremlin Nob","floor":13,"turns":3}],"seed_played":"440646470489847364","potions_obtained":[{"floor":5,"key":"Swift Potion"},{"floor":7,"key":"PowerPotion"},{"floor":10,"key":"PowerPotion"},{"floor":12,"key":"LiquidBronze"}],"is_trial":false,"path_per_floor":["M","?","?","$","M","R","E","R","T","M","E","M","E"],"character_chosen":"THE_SILENT","items_purchased":["Ninja Scroll"],"campfire_rested":0,"item_purchase_floors":[4],"current_hp_per_floor":[70,55,55,55,55,55,29,29,29,29,3,3,0],"gold":156,"neow_bonus":"TEN_PERCENT_HP_BONUS","is_prod":false,"is_daily":false,"chose_seed":false,"campfire_upgraded":2,"win_rate":0,"timestamp":1554701603,"path_taken":["M","?","?","$","M","R","E","R","T","?","E","M","E"],"build_version":"2019-01-23","purchased_purges":1,"victory":false,"max_hp_per_floor":[77,77,77,77,77,77,77,77,77,77,77,77,77],"card_choices":[{"not_picked":["Cloak And Dagger","Bane"],"picked":"Deadly Poison","floor":1},{"not_picked":["Acrobatics","Dagger Spray"],"picked":"PiercingWail","floor":5},{"not_picked":["PiercingWail","Concentrate"],"picked":"Acrobatics","floor":7},{"not_picked":["Bane","Dagger Spray"],"picked":"Poisoned Stab","floor":10},{"not_picked":["Deadly Poison","Deflect"],"picked":"Die Die Die","floor":11},{"not_picked":["Flechettes","Finisher"],"picked":"Prepared","floor":12}],"player_experience":501567,"relics_obtained":[{"floor":7,"key":"Dodecahedron"},{"floor":9,"key":"Bottled Flame"},{"floor":11,"key":"Smiling Mask"}],"event_choices":[{"damage_healed":0,"gold_gain":0,"player_choice":"Entered Light","damage_taken":15,"max_hp_gain":0,"max_hp_loss":0,"event_name":"Shining Light","floor":2,"gold_loss":0,"cards_upgraded":["Defend_G","Strike_G"]},{"damage_healed":0,"gold_gain":275,"player_choice":"Desecrate","damage_taken":0,"max_hp_gain":0,"max_hp_loss":0,"event_name":"Golden Shrine","floor":3,"gold_loss":0,"cards_obtained":["Regret"]}],"is_beta":false,"boss_relics":[],"items_purged_floors":[4],"is_endless":false,"potions_floor_spawned":[5,7,10,12],"killed_by":"Gremlin Nob","ascension_level":12}