{"gold_per_floor":[16,16,16,30,43,43,77,77,100,131,176,176,32,43,43,145,145,155,141,141,66,66,66,78,103,130,35,35],"floor_reached":28,"playtime":2156,"items_purged":[],"score":390,"play_id":"fe4bf3e9-c58a-4980-8e8b-a1bfc16a436a","local_time":"20180917155728","is_ascension_mode":true,"campfire_choices":[{"data":"Bash","floor":6.0,"key":"SMITH"},{"data":"True Grit","floor":8.0,"key":"SMITH"},{"floor":15.0,"key":"REST"},{"floor":23,"key":"REST"}],"neow_cost":"NO_GOLD","seed_source_timestamp":0,"circlet_count":0,"master_deck":["Strike_R","Strike_R+1","Strike_R","Strike_R","Strike_R+1","Defend_R","Defend_R","Bash+1","AscendersBane","Heavy Blade","True Grit+1","Inflame+1","Cleave","Demon Form","True Grit+1","Fiend Fire","Wild Strike+1","Heavy Blade","Pommel Strike"],"special_seed":0,"relics":["Black Blood","Champion Belt","Art of War","Whetstone","Vajra","Blood Vial","Red Skull","Anchor","Omamori"],"potions_floor_usage":[25],"damage_taken":[{"damage":6.0,"enemies":"Cultist","floor":1.0,"turns":4.0},{"damage":8.0,"enemies":"Jaw Worm","floor":4.0,"turns":4.0},{"damage":1.0,"enemies":"Small Slimes","floor":5.0,"turns":3.0},{"damage":42.0,"enemies":"3 Sentries","floor":7.0,"turns":12.0},{"damage":30.0,"enemies":"Lagavulin","floor":10.0,"turns":6.0},{"damage":1.0,"enemies":"Exordium Thugs","floor":14.0,"turns":4.0},{"damage":52.0,"enemies":"Hexaghost","floor":16.0,"turns":8.0},{"damage":25.0,"enemies":"Spheric Guardian","floor":18.0,"turns":4.0},{"damage":21.0,"enemies":"2 Thieves","floor":19.0,"turns":4.0},{"damage":24,"enemies":"Cultist and Chosen","floor":24,"turns":6},{"damage":57,"enemies":"Slavers","floor":25,"turns":6},{"damage":16,"enemies":"Snake Plant","floor":28,"turns":2}],"seed_played":"6854695034510738179","potions_obtained":[{"floor":4.0,"key":"Dexterity Potion"},{"floor":7.0,"key":"SpeedPotion"},{"floor":10.0,"key":"Strength Potion"},{"floor":19.0,"key":"SpeedPotion"},{"floor":25,"key":"Regen Potion"}],"is_trial":false,"path_per_floor":["M","?","$","M","M","R","E","R","T","E","T","?","$","M","R","B",null,"M","M","?","?","$","R","M","E","T","$"],"character_chosen":"IRONCLAD","items_purchased":["Red Skull","Heavy Blade","Pommel Strike"],"campfire_rested":2,"item_purchase_floors":[13,27,27],"current_hp_per_floor":[72,77,77,75,80,80,44,44,44,20,20,20,20,27,52,8,66,53,44,44,44,44,69,57,12,12,12,0],"gold":35,"neow_bonus":"ONE_RARE_RELIC","is_prod":false,"is_daily":false,"chose_seed":false,"campfire_upgraded":2,"win_rate":0,"timestamp":1537214248,"path_taken":["M","?","?","M","M","R","E","R","T","E","?","?","?","M","R","BOSS","M","M","?","?","$","R","M","E","T","?","?"],"build_version":"2018-09-12","purchased_purges":0,"victory":false,"max_hp_per_floor":[80,85,85,85,85,85,85,85,85,85,85,85,85,85,85,85,85,85,85,85,85,85,85,85,85,85,85,85],"card_choices":[{"not_picked":["Body Slam","Bloodletting","Rupture"],"picked":"SKIP","floor":1.0},{"not_picked":["Fire Breathing","Dropkick"],"picked":"Heavy Blade","floor":4.0},{"not_picked":["Shrug It Off","Body Slam"],"picked":"True Grit","floor":5.0},{"not_picked":["Dual Wield","True Grit","Body Slam"],"picked":"SKIP","floor":7.0},{"not_picked":["Whirlwind","Flex"],"picked":"Inflame","floor":10.0},{"not_picked":["Rupture","Entrench"],"picked":"Cleave","floor":14.0},{"not_picked":["Exhume","Barricade"],"picked":"Demon Form","floor":16.0},{"not_picked":["Evolve","Warcry"],"picked":"True Grit+1","floor":18.0},{"not_picked":["Body Slam","Shrug It Off+1","Perfected Strike"],"picked":"SKIP","floor":19.0},{"not_picked":["Shrug It Off","Pommel Strike"],"picked":"Fiend Fire","floor":24},{"not_picked":["Perfected Strike","Carnage"],"picked":"Wild Strike+1","floor":25}],"player_experience":825259,"relics_obtained":[{"floor":7.0,"key":"Art of War"},{"floor":9.0,"key":"Whetstone"},{"floor":10.0,"key":"Vajra"},{"floor":11.0,"key":"Blood Vial"},{"floor":25,"key":"Anchor"},{"floor":26,"key":"Omamori"}],"event_choices":[{"event_name":"Big Fish","player_choice":"Donut","floor":2.0,"damage_taken":0.0},{"event_name":"Accursed Blacksmith","player_choice":"Forge","floor":12.0,"damage_taken":0.0},{"event_name":"Purifier","player_choice":"One Purge","floor":20.0,"damage_taken":0.0},{"event_name":"Beggar","player_choice":"Gave Gold","floor":21.0,"damage_taken":0.0}],"is_beta":true,"boss_relics":[{"not_picked":["Snecko Eye","Runic Dome"],"picked":"Black Blood"}],"items_purged_floors":[],"is_endless":false,"potions_floor_spawned":[4,7,10,19,25],"killed_by":"Snake Plant","ascension_level":12}