{"path_per_floor":["M","M","M","M","M","R","E","?","T","R","M","M","M","M","R","B",null,"M","M","M","M","$","R","M","R","T","E","?","?","E","?","R","B",null,"M","M","?","M","?","E","R","M","T","M","E","R","?","$","R","B"],"character_chosen":"DEFECT","items_purchased":["Mango","Symbiotic Virus","Buffer","Go for the Eyes"],"gold_per_floor":[114,129,144,159,174,174,204,169,194,194,209,224,239,254,254,354,354,369,384,399,414,64,64,79,79,104,134,134,134,164,214,214,314,314,329,344,344,359,388,418,418,433,483,498,528,528,528,70,70,70],"floor_reached":51,"campfire_rested":3,"playtime":2079,"current_hp_per_floor":[74,74,72,65,52,52,37,55,61,61,60,59,59,51,51,38,105,96,93,80,72,86,86,81,81,87,71,71,71,56,56,110,106,138,124,123,106,97,96,103,148,142,142,141,142,142,142,142,148,114],"items_purged":["Writhe"],"gold":70,"score":1003,"play_id":"e0838224-141e-4a6c-9761-a6c1d1248c05","local_time":"20180515130907","daily_mods":["Heirloom","Cursed Run","Vintage"],"is_prod":false,"is_daily":true,"chose_seed":false,"is_ascension_mode":false,"campfire_upgraded":5,"timestamp":1526404147,"path_taken":["M","M","M","M","M","R","E","?","T","R","?","M","M","M","R","BOSS","M","M","M","M","$","R","?","R","T","E","?","?","E","?","R","BOSS","M","M","?","M","?","E","R","M","T","?","E","R","?","$","R","BOSS"],"build_version":"2018-05-14v2","seed_source_timestamp":63361435672650,"purchased_purges":1,"victory":true,"master_deck":["Strike_B+1","Strike_B","Strike_B","Strike_B","Defend_B+1","Defend_B+1","Defend_B","Zap+1","Dualcast+1","Reinforced Body+1","Injury","All For One+1","Parasite","Clumsy","Clumsy","Undo+1","Scrape+1","Auto Shields+1","Injury","Echo Form+1","Madness+1","Madness+1","Go for the Eyes+1","Meteor Strike+1","Turbo+1","Buffer+1","Go for the Eyes","Static Discharge+1"],"max_hp_per_floor":[75,75,75,75,75,75,75,75,81,81,81,81,81,81,81,87,105,105,105,105,105,119,119,126,126,132,132,132,132,132,132,132,138,138,138,138,138,138,138,148,148,148,148,148,148,148,148,148,148,148],"relics":["Cursed Key","Darkstone Periapt","Du-Vu Doll","Ice Cream","Bronze Scales","Blue Candle","Orichalcum","Dodecahedron","Dead Branch","Oddly Smooth Stone","Pen Nib","Bag of Marbles","Mummified Hand","Singing Bowl","Smiling Mask","Toxic Egg 2","Calling Bell","Regal Pillow","Peace Pipe","Potion Belt","Shuriken","Thread and Needle","Pantograph","Mango","Strawberry","Blood Vial","Bag of Preparation","Nloth\u0027s Gift","Frozen Egg 2","War Paint","Nuclear Battery","Omamori","Calipers","Anchor","Gambling Chip","Pear","Happy Flower","Whetstone","Ancient Tea Set","Dream Catcher","Symbiotic Virus"],"card_choices":[{"not_picked":["Genetic Algorithm","Axe Kick"],"picked":"Reinforced Body","floor":7},{"not_picked":["Fission","Buffer"],"picked":"All For One","floor":16},{"not_picked":["Cold Snap+1","Heatsinks"],"picked":"Undo+1","floor":27},{"not_picked":["Ball Lightning+1","Rebound"],"picked":"Auto Shields+1","floor":30},{"not_picked":["Hyperbeam","Seek+1"],"picked":"Echo Form+1","floor":33},{"not_picked":["Auto Shields+1","Axe Kick"],"picked":"Go for the Eyes+1","floor":39},{"not_picked":["Heatsinks+1","Sweeping Beam"],"picked":"Meteor Strike","floor":40},{"not_picked":["Amplify+1","Sweeping Beam"],"picked":"Turbo+1","floor":45},{"not_picked":["Coolheaded+1","Stack+1"],"picked":"Static Discharge+1","floor":49}],"player_experience":763129,"potions_floor_usage":[4,20,33,50],"damage_taken":[{"damage":1,"enemies":"2 Louse","floor":1,"turns":3},{"damage":0,"enemies":"Small Slimes","floor":2,"turns":2},{"damage":2,"enemies":"Jaw Worm","floor":3,"turns":3},{"damage":7,"enemies":"Gremlin Gang","floor":4,"turns":4},{"damage":13,"enemies":"3 Louse","floor":5,"turns":3},{"damage":15,"enemies":"Gremlin Nob","floor":7,"turns":4},{"damage":1,"enemies":"Lots of Slimes","floor":11,"turns":4},{"damage":1,"enemies":"Looter","floor":12,"turns":2},{"damage":0,"enemies":"3 Louse","floor":13,"turns":3},{"damage":8,"enemies":"Exordium Thugs","floor":14,"turns":4},{"damage":19,"enemies":"Hexaghost","floor":16,"turns":11},{"damage":9,"enemies":"2 Thieves","floor":18,"turns":3},{"damage":3,"enemies":"Chosen","floor":19,"turns":3},{"damage":13,"enemies":"Slaver and Parasite","floor":20,"turns":5},{"damage":8,"enemies":"Snake Plant","floor":21,"turns":3},{"damage":12,"enemies":"Centurion and Healer","floor":24,"turns":6},{"damage":18,"enemies":"Gremlin Leader","floor":27,"turns":6},{"damage":17,"enemies":"Slavers","floor":30,"turns":4},{"damage":32,"enemies":"Collector","floor":33,"turns":7},{"damage":14,"enemies":"3 Darklings","floor":35,"turns":3},{"damage":3,"enemies":"Orb Walker","floor":36,"turns":3},{"damage":11,"enemies":"Spire Growth","floor":38,"turns":4},{"damage":3,"enemies":"Mysterious Sphere","floor":39,"turns":2},{"damage":5,"enemies":"Giant Head","floor":40,"turns":8},{"damage":6,"enemies":"Flame Bruiser 2 Orb","floor":42,"turns":4},{"damage":3,"enemies":"4 Shapes","floor":44,"turns":1},{"damage":1,"enemies":"2 Orb Walkers","floor":45,"turns":2},{"damage":34,"enemies":"Awakened One","floor":50,"turns":10}],"relics_obtained":[{"floor":1,"key":"Bronze Scales"},{"floor":2,"key":"Blue Candle"},{"floor":3,"key":"Orichalcum"},{"floor":4,"key":"Dodecahedron"},{"floor":5,"key":"Dead Branch"},{"floor":7,"key":"Oddly Smooth Stone"},{"floor":9,"key":"Pen Nib"},{"floor":11,"key":"Bag of Marbles"},{"floor":12,"key":"Mummified Hand"},{"floor":13,"key":"Singing Bowl"},{"floor":14,"key":"Smiling Mask"},{"floor":16,"key":"Toxic Egg 2"},{"floor":17,"key":"Regal Pillow"},{"floor":17,"key":"Molten Egg 2"},{"floor":17,"key":"Peace Pipe"},{"floor":18,"key":"Potion Belt"},{"floor":19,"key":"Shuriken"},{"floor":20,"key":"Thread and Needle"},{"floor":21,"key":"Pantograph"},{"floor":24,"key":"Strawberry"},{"floor":26,"key":"Blood Vial"},{"floor":27,"key":"Bag of Preparation"},{"floor":30,"key":"Frozen Egg 2"},{"floor":33,"key":"War Paint"},{"floor":35,"key":"Omamori"},{"floor":36,"key":"Calipers"},{"floor":38,"key":"Anchor"},{"floor":39,"key":"Gambling Chip"},{"floor":40,"key":"Pear"},{"floor":42,"key":"Happy Flower"},{"floor":43,"key":"Whetstone"},{"floor":44,"key":"Ancient Tea Set"},{"floor":45,"key":"Dream Catcher"}],"event_choices":[{"event_name":"The Cleric","player_choice":"Healed","floor":8,"damage_taken":0},{"event_name":"N\u0027loth","player_choice":"Traded a Molten Egg 2","floor":28,"damage_taken":0},{"event_name":"Transmorgrifier","player_choice":"Transform","floor":29,"damage_taken":0},{"event_name":"The Joust","player_choice":"Bet on Murderer","floor":31,"damage_taken":0},{"event_name":"Winding Halls","player_choice":"Embrace Madness","floor":37,"damage_taken":0},{"event_name":"Mysterious Sphere","player_choice":"Fight","floor":39,"damage_taken":0},{"event_name":"Tomb of Lord Red Mask","player_choice":"Ignored","floor":47,"damage_taken":0}],"boss_relics":[{"not_picked":["Snecko Eye","Runic Pyramid"],"picked":"Calling Bell"},{"not_picked":["Astrolabe","Orrery"],"picked":"Nuclear Battery"}],"potions_floor_spawned":[1,2,11,12,13,16,19,21,27,30,33,36,40,42],"seed_played":"-7038820787724177597","ascension_level":0,"potions_obtained":[{"floor":1,"key":"Weak Potion"},{"floor":2,"key":"SteroidPotion"},{"floor":11,"key":"Explosive Potion"},{"floor":12,"key":"Fire Potion"},{"floor":19,"key":"Swift Potion"},{"floor":21,"key":"PowerPotion"},{"floor":33,"key":"EntropicBrew"}],"is_trial":false}