{"gold_per_floor":[115,133,133,56,70,102,102,137,162,182,202,202,51,71,71,176,176,189,189,189,189,189,214,214,18,18,28,28,46,46,63,63,167,167,177,177,192,202,219,219],"floor_reached":40,"playtime":1093,"items_purged":["Strike_G"],"score":648,"play_id":"3b9a2a61-3576-4cd3-a58d-23c0a4f4dfbd","local_time":"20190328202224","is_ascension_mode":true,"campfire_choices":[{"data":"Infinite Blades","floor":7,"key":"SMITH"},{"floor":12,"key":"REST"},{"floor":15,"key":"REST"},{"data":"Noxious Fumes","floor":24,"key":"SMITH"},{"data":"Blade Dance","floor":30,"key":"SMITH"},{"floor":32,"key":"REST"}],"neow_cost":"NONE","seed_source_timestamp":178210027058771,"circlet_count":0,"master_deck":["AscendersBane","Defend_G+1","Defend_G+1","Defend_G+1","Defend_G+1","Defend_G+1","Strike_G+1","Strike_G+1","Strike_G+1","Strike_G+1","Survivor+1","Neutralize","Finisher","Blade Dance+1","Infinite Blades+1","All Out Attack","Accuracy","Accuracy","Blade Dance+1","Poisoned Stab","Noxious Fumes+1","Die Die Die","Wraith Form v2","Finisher","Dagger Spray","Noxious Fumes+1","Accuracy+1","Cloak And Dagger+1","After Image","Endless Agony+1","Prepared+1","Storm of Steel","Footwork"],"relics":["Ring of the Serpent","Bronze Scales","Pen Nib","Omamori","Happy Flower","Gremlin Horn","Blood Vial","DollysMirror","Mummified Hand","Sozu","War Paint"],"potions_floor_usage":[10,10,23,33,39,40],"damage_taken":[{"damage":3,"enemies":"Jaw Worm","floor":1,"turns":5},{"damage":0,"enemies":"Cultist","floor":2,"turns":3},{"damage":0,"enemies":"2 Louse","floor":5,"turns":2},{"damage":32,"enemies":"Gremlin Nob","floor":6,"turns":4},{"damage":25,"enemies":"3 Sentries","floor":8,"turns":4},{"damage":2,"enemies":"2 Fungi Beasts","floor":10,"turns":3},{"damage":0,"enemies":"Looter","floor":11,"turns":2},{"damage":0,"enemies":"Exordium Wildlife","floor":14,"turns":2},{"damage":19,"enemies":"The Guardian","floor":16,"turns":9},{"damage":11,"enemies":"Spheric Guardian","floor":18,"turns":3},{"damage":31,"enemies":"Book of Stabbing","floor":23,"turns":5},{"damage":4,"enemies":"Chosen","floor":27,"turns":4},{"damage":24,"enemies":"Snake Plant","floor":29,"turns":3},{"damage":10,"enemies":"Sentry and Sphere","floor":31,"turns":4},{"damage":24,"enemies":"Automaton","floor":33,"turns":6},{"damage":3,"enemies":"3 Darklings","floor":35,"turns":3},{"damage":12,"enemies":"3 Shapes","floor":37,"turns":4},{"damage":32,"enemies":"Writhing Mass","floor":38,"turns":6},{"damage":12,"enemies":"Maw","floor":39,"turns":6},{"damage":0,"enemies":"Nemesis","floor":40,"turns":1}],"seed_played":"-6881527781959488314","potions_obtained":[{"floor":6,"key":"GamblersBrew"},{"floor":8,"key":"GhostInAJar"},{"floor":10,"key":"Ancient Potion"},{"floor":11,"key":"Fire Potion"},{"floor":16,"key":"Dexterity Potion"},{"floor":18,"key":"Regen Potion"},{"floor":29,"key":"Poison Potion"},{"floor":33,"key":"SkillPotion"}],"is_trial":false,"path_per_floor":["M","M","?","$","M","E","R","E","T","M","M","R","$","M","R","B",null,"M","?","?","?","T","E","R","$","T","M","?","M","R","M","R","B",null,"M","?","M","M","M","E"],"character_chosen":"THE_SILENT","items_purchased":["Infinite Blades","Noxious Fumes","DollysMirror"],"campfire_rested":3,"item_purchase_floors":[4,13,25],"current_hp_per_floor":[60,60,60,60,60,28,28,3,3,1,1,22,22,22,43,24,59,48,48,48,48,48,29,29,29,29,27,50,28,28,20,41,19,57,56,56,46,16,6,8],"gold":219,"neow_bonus":"RANDOM_COMMON_RELIC","is_prod":false,"is_daily":false,"chose_seed":false,"campfire_upgraded":3,"win_rate":0,"timestamp":1553826144,"path_taken":["M","M","?","$","M","E","R","E","T","M","?","R","?","?","R","BOSS","M","?","?","?","?","E","R","$","T","?","?","M","R","M","R","BOSS","M","?","M","?","?","E"],"build_version":"2019-01-23","purchased_purges":1,"victory":false,"max_hp_per_floor":[70,70,70,70,70,70,70,70,70,70,70,70,70,70,70,70,70,70,70,70,70,70,70,70,70,70,70,70,70,70,70,70,70,70,70,70,70,70,70,70],"card_choices":[{"not_picked":["Underhanded Strike","Acrobatics"],"picked":"Finisher","floor":1},{"not_picked":["PiercingWail","Flying Knee"],"picked":"Blade Dance","floor":2},{"not_picked":["Underhanded Strike","Bane"],"picked":"All Out Attack","floor":5},{"not_picked":["Poisoned Stab","Blade Dance"],"picked":"Accuracy","floor":6},{"not_picked":["Slice","Flechettes"],"picked":"Accuracy","floor":8},{"not_picked":["Concentrate","Deflect"],"picked":"Blade Dance","floor":10},{"not_picked":["Backflip","Distraction"],"picked":"Poisoned Stab","floor":11},{"not_picked":["Concentrate","Dagger Spray"],"picked":"Die Die Die","floor":14},{"not_picked":["Corpse Explosion","Venomology"],"picked":"Wraith Form v2","floor":16},{"not_picked":["Bane","Sucker Punch"],"picked":"Finisher","floor":18},{"not_picked":["Slice+1","Outmaneuver"],"picked":"Dagger Spray","floor":23},{"not_picked":["Concentrate","Underhanded Strike+1","Outmaneuver"],"picked":"SKIP","floor":27},{"not_picked":["Flying Knee","Dodge and Roll"],"picked":"Accuracy+1","floor":29},{"not_picked":["Bane","Deadly Poison"],"picked":"Cloak And Dagger+1","floor":31},{"not_picked":["Die Die Die","Unload"],"picked":"After Image","floor":33},{"not_picked":["Quick Slash","Dagger Spray"],"picked":"Endless Agony+1","floor":35},{"not_picked":["Sucker Punch+1","Dagger Throw"],"picked":"Prepared+1","floor":37},{"not_picked":["Flechettes+1","Deadly Poison"],"picked":"Storm of Steel","floor":38},{"not_picked":["All Out Attack+1","Deadly Poison"],"picked":"Footwork","floor":39}],"player_experience":471932,"relics_obtained":[{"floor":6,"key":"Pen Nib"},{"floor":8,"key":"Omamori"},{"floor":9,"key":"Happy Flower"},{"floor":22,"key":"Gremlin Horn"},{"floor":23,"key":"Blood Vial"},{"floor":26,"key":"Mummified Hand"},{"floor":36,"key":"War Paint"}],"event_choices":[{"damage_healed":0,"gold_gain":0,"player_choice":"Upgraded","damage_taken":0,"max_hp_gain":0,"max_hp_loss":0,"event_name":"Upgrade Shrine","floor":3,"gold_loss":0,"cards_upgraded":["Blade Dance"]},{"damage_healed":0,"gold_gain":0,"player_choice":"Ignored","damage_taken":0,"max_hp_gain":0,"max_hp_loss":0,"event_name":"Ghosts","floor":19,"gold_loss":0},{"damage_healed":0,"gold_gain":0,"player_choice":"Simplicity","damage_taken":0,"max_hp_gain":0,"max_hp_loss":0,"event_name":"Back to Basics","floor":20,"gold_loss":0,"cards_upgraded":["Defend_G","Defend_G","Defend_G","Defend_G","Defend_G","Strike_G","Strike_G","Strike_G","Strike_G"]},{"damage_healed":0,"gold_gain":0,"player_choice":"Ignored","damage_taken":0,"max_hp_gain":0,"max_hp_loss":0,"event_name":"Vampires","floor":21,"gold_loss":0},{"damage_healed":23,"gold_gain":0,"player_choice":"Heal","damage_taken":0,"max_hp_gain":0,"max_hp_loss":0,"event_name":"The Library","floor":28,"gold_loss":0},{"damage_healed":0,"gold_gain":0,"player_choice":"Relic","damage_taken":0,"max_hp_gain":0,"max_hp_loss":0,"event_name":"Wheel of Change","floor":36,"gold_loss":0}],"is_beta":false,"boss_relics":[{"not_picked":["Busted Crown","Ectoplasm"],"picked":"Ring of the Serpent"},{"not_picked":["Coffee Dripper","Velvet Choker"],"picked":"Sozu"}],"items_purged_floors":[13],"is_endless":false,"potions_floor_spawned":[6,8,10,11,16,18,29,33,37,38],"killed_by":"Nemesis","ascension_level":11}