{"gold_per_floor":[119,135,135,154,79,106,106,117,195,195,215,215,230,249,249,326,326,340,357,357,357,372,372],"floor_reached":23,"playtime":2326,"items_purged":[],"score":390,"play_id":"02c7bd8d-2651-41c0-b137-0471f0606d9b","local_time":"20190927201105","is_ascension_mode":true,"campfire_choices":[{"floor":10.0,"key":"REST"},{"data":"Cold Snap","floor":12.0,"key":"SMITH"},{"floor":15.0,"key":"REST"}],"neow_cost":"NONE","seed_source_timestamp":1634005393953838,"circlet_count":0,"master_deck":["AscendersBane","Defend_B","Defend_B","Defend_B","Defend_B","Zap","Dualcast","Cold Snap+1","Defragment","Conserve Battery","Coolheaded","Blizzard","Buffer","Lockon","Glacier","Undo","Thunder Strike","Self Repair+1"],"special_seed":0,"relics":["Cracked Core","Boot","Dead Branch","Singing Bowl","Inserter","CultistMask"],"potions_floor_usage":[18,19],"damage_taken":[{"damage":12.0,"enemies":"Small Slimes","floor":1.0,"turns":3.0},{"damage":1.0,"enemies":"2 Louse","floor":2.0,"turns":3.0},{"damage":0.0,"enemies":"Cultist","floor":4.0,"turns":3.0},{"damage":34.0,"enemies":"Lagavulin","floor":6.0,"turns":7.0},{"damage":13.0,"enemies":"3 Louse","floor":8.0,"turns":3.0},{"damage":4.0,"enemies":"Looter","floor":11.0,"turns":4.0},{"damage":0.0,"enemies":"Gremlin Gang","floor":13.0,"turns":3.0},{"damage":1.0,"enemies":"Large Slime","floor":14.0,"turns":5.0},{"damage":24,"enemies":"The Guardian","floor":16,"turns":15},{"damage":14,"enemies":"Chosen","floor":18,"turns":7},{"damage":28,"enemies":"Shell Parasite","floor":19,"turns":10},{"damage":6,"enemies":"Centurion and Healer","floor":22,"turns":11},{"damage":17,"enemies":"Book of Stabbing","floor":23,"turns":3}],"seed_played":"9037273772064296218","potions_obtained":[{"floor":2.0,"key":"GamblersBrew"},{"floor":8.0,"key":"Explosive Potion"},{"floor":11.0,"key":"Fire Potion"},{"floor":16,"key":"Swift Potion"},{"floor":18,"key":"FearPotion"},{"floor":19,"key":"FearPotion"}],"is_trial":false,"path_per_floor":["M","M","?","M","?","E","?","M","T","R","M","R","M","M","R","B",null,"M","M","?","?","M","E"],"character_chosen":"DEFECT","items_purchased":[],"campfire_rested":2,"item_purchase_floors":[],"current_hp_per_floor":[52,51,51,51,51,17,17,4,4,25,21,21,21,22,43,19,60,46,18,18,18,12,0],"gold":372,"neow_bonus":"RANDOM_COMMON_RELIC","is_prod":false,"is_daily":false,"chose_seed":false,"campfire_upgraded":1,"win_rate":0,"timestamp":1569629465,"path_taken":["M","M","?","M","?","E","?","M","T","R","M","R","M","M","R","BOSS","M","?","?","?","M","E"],"build_version":"2019-07-17","purchased_purges":0,"victory":false,"max_hp_per_floor":[71,71,71,71,71,71,71,71,71,71,71,71,71,73,73,73,73,73,73,73,73,73,73],"card_choices":[{"not_picked":["Coolheaded","Barrage"],"picked":"Cold Snap","floor":1.0},{"not_picked":["Barrage","Rebound","Gash"],"picked":"SKIP","floor":2.0},{"not_picked":["Storm","Turbo"],"picked":"Defragment","floor":4.0},{"not_picked":["Compile Driver","Barrage","Hello World"],"picked":"SKIP","floor":6.0},{"not_picked":["Beam Cell","Go for the Eyes"],"picked":"Conserve Battery","floor":8.0},{"not_picked":["Barrage","Conserve Battery"],"picked":"Coolheaded","floor":11.0},{"not_picked":["Beam Cell","Stack"],"picked":"Blizzard","floor":13.0},{"not_picked":["Barrage","Reboot","Rebound"],"picked":"Singing Bowl","floor":14.0},{"not_picked":["Meteor Strike","Fission"],"picked":"Buffer","floor":16},{"not_picked":["Leap","Go for the Eyes"],"picked":"Lockon","floor":18},{"not_picked":["Conserve Battery","Auto Shields+1"],"picked":"Glacier","floor":19},{"not_picked":["Static Discharge","Scrape"],"picked":"Self Repair+1","floor":22}],"player_experience":489689,"relics_obtained":[{"floor":6.0,"key":"Dead Branch"},{"floor":9.0,"key":"Singing Bowl"}],"event_choices":[{"damage_healed":0.0,"max_hp_gain":0.0,"max_hp_loss":0.0,"gold_gain":0.0,"event_name":"Liars Game","player_choice":"Ignored","floor":3.0,"gold_loss":0.0,"damage_taken":0.0},{"cards_removed":["Strike_B"],"damage_healed":0.0,"max_hp_gain":0.0,"max_hp_loss":0.0,"gold_gain":0.0,"event_name":"The Cleric","player_choice":"Card Removal","floor":5.0,"gold_loss":75.0,"damage_taken":0.0},{"cards_removed":["Strike_B"],"damage_healed":0.0,"max_hp_gain":0.0,"max_hp_loss":0.0,"gold_gain":0.0,"event_name":"Purifier","player_choice":"Purged","floor":7.0,"gold_loss":0.0,"damage_taken":0.0},{"damage_healed":0,"gold_gain":0,"cards_transformed":["Strike_B","Strike_B"],"player_choice":"Became Test Subject","damage_taken":0,"max_hp_gain":0,"max_hp_loss":0,"event_name":"Drug Dealer","floor":20,"gold_loss":0,"cards_obtained":["Undo","Thunder Strike"]},{"damage_healed":0,"gold_gain":0,"player_choice":"Trade","damage_taken":0,"relics_obtained":["CultistMask"],"max_hp_gain":0,"max_hp_loss":0,"event_name":"FaceTrader","floor":21,"gold_loss":0}],"is_beta":false,"boss_relics":[{"not_picked":["Cursed Key","Philosopher\u0027s Stone"],"picked":"Inserter"}],"items_purged_floors":[],"is_endless":false,"potions_floor_spawned":[2,8,11,16,18,19],"killed_by":"Book of Stabbing","ascension_level":20}