{"gold_per_floor":[115,290,365,379,391,391,147,163,163,8,8,18,18,33,33,132,132,148,182,182,182,182,182,194,205,205,205,205,13,23,35,35,35],"floor_reached":33,"playtime":4379,"items_purged":["Doubt","Strike_P"],"score":237,"play_id":"d09cbbeb-1e0e-4fa4-bf4c-1be46cc1b427","local_time":"20190910131317","is_ascension_mode":false,"campfire_choices":[{"data":"Eruption","floor":6.0,"key":"SMITH"},{"data":"Conclude","floor":13.0,"key":"SMITH"},{"data":"Devotion","floor":15,"key":"SMITH"},{"floor":23,"key":"REST"},{"floor":27,"key":"REST"},{"floor":32,"key":"REST"}],"neow_cost":"NONE","seed_source_timestamp":622364563000,"circlet_count":0,"master_deck":["Strike_P","Defend_P","Defend_P","Defend_P","Defend_P","Eruption+1","Vigilance","ReachHeaven","EmptyFist","Evaluate","EmptyBody","Devotion+1","ThirdEye","Protect","Protect","EmptyMind","Conclude+1","Weave","Judgement","FollowUp","DeceiveReality","Judgement","WreathOfFlame+1","Halt","Crescendo","Fasting","DeceiveReality","ForeignInfluence"],"special_seed":0,"relics":["PureWater","Happy Flower","Oddly Smooth Stone","VioletLotus","Red Mask","Gremlin Horn","White Beast Statue"],"potions_floor_usage":[16,16,31,31,33,33],"damage_taken":[{"damage":0.0,"enemies":"Cultist","floor":1.0,"turns":2.0},{"damage":0.0,"enemies":"Small Slimes","floor":4.0,"turns":3.0},{"damage":0.0,"enemies":"Jaw Worm","floor":5.0,"turns":3.0},{"damage":0.0,"enemies":"Red Slaver","floor":8.0,"turns":4.0},{"damage":0.0,"enemies":"Blue Slaver","floor":12.0,"turns":4.0},{"damage":0.0,"enemies":"2 Fungi Beasts","floor":14.0,"turns":3.0},{"damage":49,"enemies":"The Guardian","floor":16,"turns":14},{"damage":17,"enemies":"Chosen","floor":18,"turns":6},{"damage":2,"enemies":"Masked Bandits","floor":19,"turns":3},{"damage":0,"enemies":"Spheric Guardian","floor":24,"turns":2},{"damage":30,"enemies":"Snake Plant","floor":25,"turns":3},{"damage":20,"enemies":"Centurion and Healer","floor":30,"turns":8},{"damage":10,"enemies":"Snecko","floor":31,"turns":10},{"damage":24,"enemies":"Collector","floor":33,"turns":9}],"seed_played":"5979878649718381629","potions_obtained":[{"floor":4.0,"key":"Fire Potion"},{"floor":8.0,"key":"Energy Potion"},{"floor":19,"key":"Strength Potion"},{"floor":25,"key":"AttackPotion"},{"floor":30,"key":"Swift Potion"},{"floor":31,"key":"Strength Potion"}],"is_trial":false,"path_per_floor":["M","?","?","M","M","R","$","M","T","$","?","M","R","M","R","B",null,"M","?","?","?","?","R","M","M","T","R","?","$","M","M","R","B"],"character_chosen":"WATCHER","items_purchased":["Devotion","ThirdEye","Protect","Oddly Smooth Stone","Crescendo","Fasting"],"campfire_rested":3,"item_purchase_floors":[7,7,7,10,29,29],"current_hp_per_floor":[65,65,54,54,54,54,54,54,54,54,54,54,54,54,54,5,65,48,46,35,35,35,56,56,26,26,47,47,47,27,17,38,14],"gold":35,"neow_bonus":"ONE_RANDOM_RARE_CARD","is_prod":false,"is_daily":false,"chose_seed":false,"campfire_upgraded":3,"win_rate":0.0,"timestamp":1568117597,"path_taken":["M","?","?","M","M","R","$","M","T","$","?","M","R","?","R","BOSS","M","?","?","?","?","R","M","?","T","R","?","$","?","M","R","BOSS"],"build_version":"2019-09-09v2","purchased_purges":2,"victory":false,"max_hp_per_floor":[65,65,65,65,65,65,65,65,65,65,65,65,65,65,65,65,65,65,65,70,70,70,70,70,70,70,70,70,70,70,70,70,70],"card_choices":[{"not_picked":["Tantrum","ClearTheMind"],"picked":"EmptyFist","floor":1.0},{"not_picked":["ClearTheMind","TalkToTheHand"],"picked":"Evaluate","floor":4.0},{"not_picked":["FlyingSleeves","FollowUp"],"picked":"EmptyBody","floor":5.0},{"not_picked":["EmptyBody","SandsOfTime"],"picked":"Protect","floor":8.0},{"not_picked":["InnerPeace","Protect"],"picked":"Conclude","floor":12.0},{"not_picked":["Protect","Sanctity"],"picked":"Weave","floor":14.0},{"not_picked":["Pray","Omniscience"],"picked":"Judgement","floor":16},{"not_picked":["EmptyFist","Consecrate"],"picked":"FollowUp","floor":18},{"not_picked":["Consecrate","Crescendo"],"picked":"DeceiveReality","floor":19},{"not_picked":["EmptyFist","Conclude"],"picked":"WreathOfFlame+1","floor":24},{"not_picked":["Crescendo","EmptyBody+1"],"picked":"Halt","floor":25},{"not_picked":["CarveReality","Devotion"],"picked":"DeceiveReality","floor":30},{"not_picked":["CutThroughFate+1","EmptyBody+1"],"picked":"ForeignInfluence","floor":31}],"player_experience":198766,"relics_obtained":[{"floor":9.0,"key":"Happy Flower"},{"floor":19,"key":"Red Mask"},{"floor":26,"key":"Gremlin Horn"},{"floor":28,"key":"White Beast Statue"}],"event_choices":[{"damage_healed":0.0,"max_hp_gain":0.0,"max_hp_loss":0.0,"gold_gain":175.0,"event_name":"Liars Game","player_choice":"AGREE","floor":2.0,"gold_loss":0.0,"damage_taken":0.0,"cards_obtained":["Doubt"]},{"damage_healed":0.0,"max_hp_gain":0.0,"max_hp_loss":0.0,"gold_gain":75.0,"event_name":"World of Goop","player_choice":"Gather Gold","floor":3.0,"gold_loss":0.0,"damage_taken":11.0},{"damage_healed":0.0,"max_hp_gain":0.0,"max_hp_loss":0.0,"gold_gain":0.0,"cards_transformed":["Strike_P"],"event_name":"Transmorgrifier","player_choice":"Transformed","floor":11.0,"gold_loss":0.0,"damage_taken":0.0,"cards_obtained":["EmptyMind"]},{"damage_healed":0,"gold_gain":0,"player_choice":"Fought Bandits","damage_taken":0,"max_hp_gain":0,"max_hp_loss":0,"event_name":"Masked Bandits","floor":19,"gold_loss":0},{"damage_healed":0,"gold_gain":0,"player_choice":"Shed Blood","damage_taken":16,"max_hp_gain":5,"max_hp_loss":0,"event_name":"Forgotten Altar","floor":20,"gold_loss":0},{"damage_healed":0,"gold_gain":0,"player_choice":"Ignored","damage_taken":0,"max_hp_gain":0,"max_hp_loss":0,"event_name":"The Mausoleum","floor":21,"gold_loss":0},{"damage_healed":0,"gold_gain":0,"cards_transformed":["Strike_P"],"player_choice":"Transformed","damage_taken":0,"max_hp_gain":0,"max_hp_loss":0,"event_name":"Transmorgrifier","floor":22,"gold_loss":0,"cards_obtained":["Judgement"]},{"damage_healed":0,"gold_gain":0,"player_choice":"Relic","damage_taken":0,"max_hp_gain":0,"max_hp_loss":0,"event_name":"Wheel of Change","floor":28,"gold_loss":0}],"is_beta":true,"boss_relics":[{"not_picked":["SacredBark","Velvet Choker"],"picked":"VioletLotus"}],"items_purged_floors":[7,29],"is_endless":false,"potions_floor_spawned":[4,8,19,25,30,31],"killed_by":"Collector","ascension_level":0}