{"gold_per_floor":[118,132,142,31,51,76,76,91,159,159,178,178,213,223,223,327,327,337,337,337,357,63,63,78,78,151,179,179,194,26,26,26,122,122,140,160,35,47,61,61,74,74,74,414,414,431,444,466,466,466],"floor_reached":50,"playtime":2151,"items_purged":["Strike_P","Strike_P","Defend_P"],"score":692,"play_id":"98dbff33-6079-4b6e-9770-c65a2bfdeeb7","local_time":"20190911211716","is_ascension_mode":true,"campfire_choices":[{"floor":7.0,"key":"REST"},{"data":"Devotion","floor":10.0,"key":"SMITH"},{"floor":12.0,"key":"REST"},{"floor":15.0,"key":"REST"},{"data":"Blind","floor":23.0,"key":"SMITH"},{"data":"CleanseEvil","floor":25.0,"key":"SMITH"},{"data":"SandsOfTime","floor":28.0,"key":"SMITH"},{"floor":32.0,"key":"REST"},{"floor":40.0,"key":"REST"},{"floor":42.0,"key":"REST"},{"floor":45,"key":"REST"},{"floor":49,"key":"REST"}],"neow_cost":"NONE","seed_source_timestamp":131169063130815,"circlet_count":0,"master_deck":["Defend_P","Defend_P","Eruption","Vigilance","BowlingBash","Weave","FollowUp","Devotion+1","SandsOfTime+1","EmptyFist","Tantrum","Devotion","Wallop","CutThroughFate","Vault","JustLucky+1","EmptyFist+1","Halt+1","Conclude+1","StepAndStrike+1","Blind+1","CleanseEvil+1","SandsOfTime","Ragnarok","Worship+1","WreathOfFlame+1","ClearTheMind+1","ThirdEye+1","StepAndStrike+1","ThirdEye+1","Establishment"],"special_seed":0,"relics":["PureWater","Ancient Tea Set","Ginger","Bottled Tornado","Mango","Astrolabe","Pear","Orichalcum","Toxic Egg 2","Fusion Hammer","CeramicFish","Old Coin"],"potions_floor_usage":[46,50],"damage_taken":[{"damage":0.0,"enemies":"Cultist","floor":1.0,"turns":2.0},{"damage":9.0,"enemies":"2 Louse","floor":2.0,"turns":2.0},{"damage":0.0,"enemies":"Small Slimes","floor":3.0,"turns":2.0},{"damage":16.0,"enemies":"Red Slaver","floor":5.0,"turns":4.0},{"damage":25.0,"enemies":"Lagavulin","floor":6.0,"turns":7.0},{"damage":0.0,"enemies":"Large Slime","floor":8.0,"turns":2.0},{"damage":15.0,"enemies":"Gremlin Gang","floor":11.0,"turns":3.0},{"damage":15.0,"enemies":"3 Sentries","floor":13.0,"turns":4.0},{"damage":6.0,"enemies":"2 Fungi Beasts","floor":14.0,"turns":3.0},{"damage":0.0,"enemies":"Slime Boss","floor":16.0,"turns":5.0},{"damage":19.0,"enemies":"2 Thieves","floor":18.0,"turns":4.0},{"damage":2.0,"enemies":"Chosen","floor":21.0,"turns":4.0},{"damage":10.0,"enemies":"Centurion and Healer","floor":24.0,"turns":5.0},{"damage":17.0,"enemies":"Book of Stabbing","floor":27.0,"turns":4.0},{"damage":12.0,"enemies":"Snake Plant","floor":29.0,"turns":4.0},{"damage":30.0,"enemies":"Collector","floor":33.0,"turns":5.0},{"damage":20.0,"enemies":"Orb Walker","floor":35.0,"turns":4.0},{"damage":0.0,"enemies":"3 Shapes","floor":36.0,"turns":4.0},{"damage":6.0,"enemies":"Sphere and 2 Shapes","floor":38.0,"turns":3.0},{"damage":6.0,"enemies":"Writhing Mass","floor":39.0,"turns":3.0},{"damage":17.0,"enemies":"Maw","floor":41.0,"turns":5.0},{"damage":61,"enemies":"Nemesis","floor":44,"turns":7},{"damage":35,"enemies":"Sphere and 2 Shapes","floor":46,"turns":6},{"damage":17,"enemies":"4 Shapes","floor":47,"turns":3},{"damage":13,"enemies":"3 Darklings","floor":48,"turns":4},{"damage":40,"enemies":"Awakened One","floor":50,"turns":6}],"seed_played":"-6844142619655358112","potions_obtained":[{"floor":5.0,"key":"Swift Potion"},{"floor":6.0,"key":"EssenceOfSteel"},{"floor":11.0,"key":"PowerPotion"},{"floor":13.0,"key":"Explosive Potion"},{"floor":24.0,"key":"Ancient Potion"},{"floor":36.0,"key":"StancePotion"},{"floor":38.0,"key":"Poison Potion"},{"floor":44,"key":"Regen Potion"},{"floor":47,"key":"EssenceOfSteel"}],"is_trial":false,"path_per_floor":["M","M","M","$","M","E","R","M","T","R","M","R","E","M","R","B",null,"M","?","?","M","$","R","M","R","T","E","R","M","$","?","R","B",null,"M","M","$","M","M","R","M","R","T","E","R","M","M","M","R","B"],"character_chosen":"WATCHER","items_purchased":["Devotion","SandsOfTime","Blind","CleanseEvil","PowerPotion","SandsOfTime"],"campfire_rested":8,"item_purchase_floors":[4,4,22,22,22,30],"current_hp_per_floor":[65,56,56,56,40,15,34,34,34,34,19,38,37,31,54,54,79,60,60,60,58,58,58,48,48,58,41,41,29,29,29,55,25,89,69,69,69,63,57,83,66,89,89,28,54,34,17,4,30,0],"gold":466,"neow_bonus":"RANDOM_COMMON_RELIC","is_prod":false,"is_daily":false,"chose_seed":false,"campfire_upgraded":4,"win_rate":0,"timestamp":1568204236,"path_taken":["M","M","M","$","M","E","R","?","T","R","M","R","E","M","R","BOSS","M","?","?","?","$","R","M","R","T","E","R","M","?","?","R","BOSS","M","M","$","M","M","R","M","R","T","E","R","M","M","M","R","BOSS"],"build_version":"2019-09-10","purchased_purges":3,"victory":false,"max_hp_per_floor":[65,65,65,65,65,65,65,65,65,65,65,65,79,79,79,79,79,79,79,79,79,79,79,79,79,89,89,89,89,89,89,89,89,89,89,89,89,89,89,89,89,89,89,89,89,89,89,89,89,89],"card_choices":[{"not_picked":["FollowUp","Crescendo"],"picked":"BowlingBash","floor":1.0},{"not_picked":["Vengeance","ThirdEye"],"picked":"Weave","floor":2.0},{"not_picked":["Scrawl","Collect"],"picked":"FollowUp","floor":3.0},{"not_picked":["FlyingSleeves","Prostrate"],"picked":"EmptyFist","floor":5.0},{"not_picked":["EmptyBody","SpiritShield"],"picked":"Tantrum","floor":6.0},{"not_picked":["ThirdEye","Consecrate"],"picked":"Devotion","floor":8.0},{"not_picked":["Fasting","Halt","Vengeance"],"picked":"SKIP","floor":11.0},{"not_picked":["WindmillStrike","EmptyFist"],"picked":"Wallop","floor":13.0},{"not_picked":["WaveOfTheHand","FollowUp"],"picked":"CutThroughFate","floor":14.0},{"not_picked":["DevaForm","Judgement"],"picked":"Vault","floor":16.0},{"not_picked":["Tantrum","BowlingBash"],"picked":"Conclude+1","floor":18.0},{"not_picked":["Halt","Consecrate"],"picked":"StepAndStrike+1","floor":21.0},{"not_picked":["Weave","JustLucky","Conclude"],"picked":"SKIP","floor":24.0},{"not_picked":["Perseverance+1","Prostrate","FlurryOfBlows"],"picked":"SKIP","floor":27.0},{"not_picked":["Wish","JustLucky","Sanctity"],"picked":"SKIP","floor":29.0},{"not_picked":["Blasphemy+1","DevaForm"],"picked":"Ragnarok","floor":33.0},{"not_picked":["Sanctity+1","JustLucky+1"],"picked":"Worship+1","floor":35.0},{"not_picked":["EmptyMind+1","FollowUp"],"picked":"WreathOfFlame+1","floor":36.0},{"not_picked":["BowlingBash","SpiritShield+1"],"picked":"ClearTheMind+1","floor":38.0},{"not_picked":["Halt+1","Evaluate+1"],"picked":"ThirdEye+1","floor":39.0},{"not_picked":["Sanctity+1","LessonLearned"],"picked":"StepAndStrike+1","floor":41.0},{"not_picked":["BowlingBash","EmptyBody+1"],"picked":"ThirdEye+1","floor":44},{"not_picked":["TalkToTheHand+1","Fasting+1","CarveReality"],"picked":"SKIP","floor":46},{"not_picked":["Brilliance+1","Consecrate","Weave"],"picked":"SKIP","floor":47},{"not_picked":["FlyingSleeves","EmptyBody+1"],"picked":"Establishment","floor":48}],"player_experience":598179,"relics_obtained":[{"floor":6.0,"key":"Ginger"},{"floor":9.0,"key":"Bottled Tornado"},{"floor":13.0,"key":"Mango"},{"floor":26.0,"key":"Pear"},{"floor":27.0,"key":"Orichalcum"},{"floor":43.0,"key":"CeramicFish"},{"floor":44,"key":"Old Coin"}],"event_choices":[{"damage_healed":0.0,"max_hp_gain":0.0,"max_hp_loss":0.0,"gold_gain":0.0,"event_name":"Vampires","player_choice":"Ignored","floor":19.0,"gold_loss":0.0,"damage_taken":0.0},{"damage_healed":0.0,"max_hp_gain":0.0,"max_hp_loss":0.0,"gold_gain":0.0,"event_name":"N\u0027loth","player_choice":"Ignored","floor":20.0,"gold_loss":0.0,"damage_taken":0.0},{"damage_healed":0.0,"max_hp_gain":0.0,"max_hp_loss":0.0,"gold_gain":0.0,"event_name":"WeMeetAgain","player_choice":"Gave Potion","floor":31.0,"gold_loss":0.0,"damage_taken":0.0,"relics_obtained":["Toxic Egg 2"]}],"is_beta":true,"boss_relics":[{"not_picked":["Calling Bell","Runic Pyramid"],"picked":"Astrolabe"},{"not_picked":["Black Star","HolyWater"],"picked":"Fusion Hammer"}],"items_purged_floors":[22,30,37],"is_endless":false,"potions_floor_spawned":[5,6,11,13,24,36,38,44,47],"killed_by":"Awakened One","ascension_level":3}