{"gold_per_floor":[219,233,245,262,262,262,277,28,54,54,129,129,143,163,163,267,267,267,26,26,26,26,11,11,11,11,11,11,11,11,11,11,11,11,11,11,11,11,11,11,11,11,11,11,11,11,11,11,11,11],"floor_reached":51,"playtime":2622,"items_purged":[],"score":697,"play_id":"43fa4386-09f9-4a7e-8dd7-5a7634b32e6c","local_time":"20190706182730","is_ascension_mode":false,"campfire_choices":[{"data":"Inflame","floor":6.0,"key":"SMITH"},{"data":"Inflame","floor":10.0,"key":"SMITH"},{"data":"Whirlwind","floor":15.0,"key":"SMITH"},{"data":"Barricade","floor":24,"key":"SMITH"},{"data":"True Grit","floor":29,"key":"SMITH"},{"data":"Heavy Blade","floor":32,"key":"SMITH"},{"floor":40,"key":"REST"},{"floor":44,"key":"REST"},{"floor":49,"key":"REST"}],"neow_cost":"NONE","seed_source_timestamp":0,"circlet_count":0,"master_deck":["Strike_R+1","Strike_R+1","Strike_R+1","Defend_R+1","Defend_R+1","Defend_R+1","Defend_R+1","Bash","Inflame+1","Burning Pact","Disarm","Inflame+1","Impervious","Whirlwind+1","Hemokinesis","Intimidate","Rage","Barricade+1","True Grit+1","RitualDagger","Necronomicurse","Heavy Blade+1","Seeing Red+1","Flame Barrier+1","Reaper","Body Slam+1","Inflame+1","Limit Break","Carnage+1","Inflame+1","Metallicize+1","Entrench+1"],"special_seed":0,"relics":["Burning Blood","Happy Flower","Ectoplasm","Chemical X","Necronomicon","Centennial Puzzle","Mark of Pain","Bronze Scales"],"potions_floor_usage":[27,33,41,45,50,50],"damage_taken":[{"damage":6.0,"enemies":"Cultist","floor":1.0,"turns":3.0},{"damage":9.0,"enemies":"Jaw Worm","floor":2.0,"turns":4.0},{"damage":2.0,"enemies":"Small Slimes","floor":3.0,"turns":4.0},{"damage":18.0,"enemies":"Gremlin Gang","floor":4.0,"turns":7.0},{"damage":15.0,"enemies":"Large Slime","floor":7.0,"turns":8.0},{"damage":5.0,"enemies":"Exordium Wildlife","floor":13.0,"turns":3.0},{"damage":9.0,"enemies":"3 Louse","floor":14.0,"turns":3.0},{"damage":33.0,"enemies":"Hexaghost","floor":16.0,"turns":7.0},{"damage":5.0,"enemies":"Chosen","floor":18.0,"turns":5.0},{"damage":10,"enemies":"2 Thieves","floor":23,"turns":2},{"damage":0,"enemies":"Shelled Parasite and Fungi","floor":27,"turns":4},{"damage":4,"enemies":"Chosen and Byrds","floor":30,"turns":2},{"damage":1,"enemies":"Centurion and Healer","floor":31,"turns":3},{"damage":17,"enemies":"Collector","floor":33,"turns":9},{"damage":10,"enemies":"3 Darklings","floor":35,"turns":3},{"damage":25,"enemies":"3 Shapes","floor":37,"turns":2},{"damage":2,"enemies":"3 Darklings","floor":38,"turns":3},{"damage":25,"enemies":"Spire Growth","floor":39,"turns":3},{"damage":34,"enemies":"Jaw Worm Horde","floor":41,"turns":3},{"damage":25,"enemies":"Sphere and 2 Shapes","floor":42,"turns":5},{"damage":20,"enemies":"Transient","floor":45,"turns":5},{"damage":14,"enemies":"4 Shapes","floor":46,"turns":1},{"damage":12,"enemies":"Writhing Mass","floor":47,"turns":5},{"damage":42,"enemies":"Donu and Deca","floor":50,"turns":6}],"seed_played":"-4805384174172878428","potions_obtained":[{"floor":4.0,"key":"Regen Potion"},{"floor":7.0,"key":"FearPotion"},{"floor":14.0,"key":"LiquidBronze"},{"floor":16.0,"key":"EssenceOfSteel"},{"floor":23,"key":"Ancient Potion"},{"floor":37,"key":"SteroidPotion"},{"floor":42,"key":"Explosive Potion"},{"floor":45,"key":"Fire Potion"},{"floor":47,"key":"Explosive Potion"}],"is_trial":false,"path_per_floor":["M","M","M","M","?","R","M","$","T","R","?","?","M","M","R","B",null,"M","$","?","?","?","M","R","?","T","M","?","R","M","M","R","B",null,"M","?","M","M","M","R","M","M","T","R","M","M","M","$","R","B",null],"character_chosen":"IRONCLAD","items_purchased":["Inflame","Impervious","Whirlwind","True Grit","Chemical X"],"campfire_rested":3,"item_purchase_floors":[8,8,8,19,19],"current_hp_per_floor":[80,77,80,68,61,61,67,67,67,67,56,56,57,54,54,27,80,80,80,74,74,74,70,70,54,54,60,60,60,62,67,67,56,80,76,76,57,61,42,66,52,49,49,73,59,51,45,45,69,80],"gold":11,"neow_bonus":"HUNDRED_GOLD","is_prod":false,"is_daily":false,"chose_seed":false,"campfire_upgraded":6,"win_rate":0,"timestamp":1562434050,"path_taken":["M","M","M","M","?","R","M","$","T","R","?","?","?","M","R","BOSS","M","$","?","?","?","M","R","?","T","M","?","R","M","M","R","BOSS","M","?","M","M","?","R","M","M","T","R","?","M","M","$","R","BOSS"],"build_version":"2019-07-05","purchased_purges":0,"victory":true,"max_hp_per_floor":[80,80,80,80,80,80,80,80,80,80,80,80,80,80,80,80,80,80,80,80,80,80,80,80,80,80,80,80,80,80,80,80,80,80,80,80,80,80,80,80,80,80,80,80,80,80,80,80,80,80],"card_choices":[{"not_picked":["Sword Boomerang","Iron Wave","Cleave"],"picked":"SKIP","floor":1.0},{"not_picked":["Thunderclap","Blood for Blood","Dual Wield"],"picked":"SKIP","floor":2.0},{"not_picked":["Pommel Strike","Corruption"],"picked":"Inflame","floor":3.0},{"not_picked":["Sword Boomerang","Corruption"],"picked":"Burning Pact","floor":4.0},{"not_picked":["Sever Soul","Clash"],"picked":"Disarm","floor":7.0},{"not_picked":["Cleave","Wild Strike"],"picked":"Intimidate","floor":13.0},{"not_picked":["Corruption","Twin Strike"],"picked":"Rage","floor":14.0},{"not_picked":["Double Tap","Immolate"],"picked":"Barricade","floor":16.0},{"not_picked":["Thunderclap","Anger","Headbutt"],"picked":"SKIP","floor":18.0},{"not_picked":["Clash","Pummel+1","Anger"],"picked":"SKIP","floor":23},{"not_picked":["Headbutt","Disarm+1"],"picked":"Heavy Blade","floor":27},{"not_picked":["Anger","Searing Blow"],"picked":"Seeing Red+1","floor":30},{"not_picked":["Perfected Strike","Evolve+1"],"picked":"Flame Barrier+1","floor":31},{"not_picked":["Juggernaut","Offering"],"picked":"Reaper","floor":33},{"not_picked":["Heavy Blade","Thunderclap+1","Armaments"],"picked":"SKIP","floor":35},{"not_picked":["Blood for Blood","Thunderclap+1"],"picked":"Body Slam+1","floor":37},{"not_picked":["Blood for Blood+1","Perfected Strike"],"picked":"Inflame+1","floor":38},{"not_picked":["Iron Wave+1","Flex+1","Armaments+1"],"picked":"SKIP","floor":39},{"not_picked":["Anger","Perfected Strike"],"picked":"Limit Break","floor":41},{"not_picked":["Twin Strike","Second Wind+1"],"picked":"Carnage+1","floor":42},{"not_picked":["Cleave+1","Corruption"],"picked":"Inflame+1","floor":45},{"not_picked":["Perfected Strike","Twin Strike"],"picked":"Metallicize+1","floor":46},{"not_picked":["Twin Strike+1","Perfected Strike+1"],"picked":"Entrench+1","floor":47}],"player_experience":37853,"relics_obtained":[{"floor":9.0,"key":"Happy Flower"},{"floor":25,"key":"Necronomicon"},{"floor":26,"key":"Centennial Puzzle"},{"floor":43,"key":"Bronze Scales"}],"event_choices":[{"cards_removed":["Strike_R"],"damage_healed":0.0,"max_hp_gain":0.0,"max_hp_loss":0.0,"gold_gain":0.0,"event_name":"Golden Wing","player_choice":"Card Removal","floor":5.0,"gold_loss":0.0,"damage_taken":7.0},{"damage_healed":0.0,"max_hp_gain":0.0,"max_hp_loss":0.0,"gold_gain":75.0,"event_name":"World of Goop","player_choice":"Gather Gold","floor":11.0,"gold_loss":0.0,"damage_taken":11.0},{"damage_healed":0.0,"max_hp_gain":0.0,"max_hp_loss":0.0,"gold_gain":0.0,"cards_transformed":["Strike_R"],"event_name":"Transmorgrifier","player_choice":"Transformed","floor":12.0,"gold_loss":0.0,"damage_taken":0.0,"cards_obtained":["Hemokinesis"]},{"damage_healed":0.0,"max_hp_gain":0.0,"max_hp_loss":0.0,"gold_gain":0.0,"event_name":"Nest","player_choice":"Joined the Cult","floor":20.0,"gold_loss":0.0,"damage_taken":6.0,"cards_obtained":["RitualDagger"]},{"damage_healed":0,"gold_gain":0,"player_choice":"Simplicity","damage_taken":0,"max_hp_gain":0,"max_hp_loss":0,"event_name":"Back to Basics","floor":21,"gold_loss":0,"cards_upgraded":["Strike_R","Strike_R","Strike_R","Defend_R","Defend_R","Defend_R","Defend_R"]},{"damage_healed":0,"gold_gain":0,"player_choice":"Ignored","damage_taken":0,"max_hp_gain":0,"max_hp_loss":0,"event_name":"The Mausoleum","floor":22,"gold_loss":0},{"damage_healed":0,"gold_gain":0,"player_choice":"Obtained Book","damage_taken":16,"max_hp_gain":0,"max_hp_loss":0,"event_name":"Cursed Tome","floor":25,"gold_loss":0},{"damage_healed":0,"gold_gain":0,"player_choice":"0 cards matched","damage_taken":0,"max_hp_gain":0,"max_hp_loss":0,"event_name":"Match and Keep!","floor":36,"gold_loss":0,"cards_obtained":[]}],"is_beta":false,"boss_relics":[{"not_picked":["Runic Pyramid","Black Star"],"picked":"Ectoplasm"},{"not_picked":["Cursed Key","White Beast Statue"],"picked":"Mark of Pain"}],"items_purged_floors":[],"is_endless":false,"potions_floor_spawned":[4,7,14,16,23,37,42,45,47],"ascension_level":0}