{"gold_per_floor":[109,119,394,406,426,426,461,461,461,472,472],"floor_reached":11,"playtime":294,"items_purged":[],"score":120,"play_id":"f2d88d89-86fb-4679-adef-08629f365a14","local_time":"20190404223318","is_ascension_mode":true,"campfire_choices":[{"data":"Riddle With Holes","floor":6,"key":"SMITH"}],"neow_cost":"NONE","seed_source_timestamp":791691169349658,"circlet_count":0,"master_deck":["AscendersBane","Defend_G","Defend_G","Defend_G","Defend_G","Defend_G","Strike_G","Strike_G","Strike_G","Strike_G","Strike_G","Survivor","Neutralize","Riddle With Holes+1","Acrobatics","Regret","Caltrops","Infinite Blades","A Thousand Cuts","Parasite","Deadly Poison"],"relics":["Philosopher\u0027s Stone","Du-Vu Doll","Turnip"],"potions_floor_usage":[7,11,11],"damage_taken":[{"damage":3,"enemies":"2 Louse","floor":1,"turns":3},{"damage":0,"enemies":"Cultist","floor":2,"turns":3},{"damage":13,"enemies":"Small Slimes","floor":4,"turns":4},{"damage":8,"enemies":"Looter","floor":5,"turns":3},{"damage":24,"enemies":"Gremlin Nob","floor":7,"turns":4},{"damage":10,"enemies":"Exordium Thugs","floor":10,"turns":5},{"damage":18,"enemies":"Lagavulin","floor":11,"turns":3}],"seed_played":"-7944094566637963121","potions_obtained":[{"floor":2,"key":"PowerPotion"},{"floor":7,"key":"Strength Potion"},{"floor":10,"key":"GamblersBrew"}],"is_trial":false,"path_per_floor":["M","M","?","M","M","R","E","?","T","M","E"],"character_chosen":"THE_SILENT","items_purchased":[],"campfire_rested":0,"item_purchase_floors":[],"current_hp_per_floor":[60,60,60,47,39,39,15,32,32,22,4],"gold":472,"neow_bonus":"BOSS_RELIC","is_prod":false,"is_daily":false,"chose_seed":false,"campfire_upgraded":1,"win_rate":0,"timestamp":1554438798,"path_taken":["M","M","?","?","?","R","E","?","T","M","E"],"build_version":"2019-01-23","purchased_purges":0,"victory":false,"max_hp_per_floor":[70,70,70,70,70,70,70,70,70,70,70],"card_choices":[{"not_picked":["Underhanded Strike","Deflect"],"picked":"Riddle With Holes","floor":1},{"not_picked":["Accuracy","Riddle With Holes"],"picked":"Acrobatics","floor":2},{"not_picked":["Deflect","Slice"],"picked":"Caltrops","floor":4},{"not_picked":["Calculated Gamble","Dagger Spray"],"picked":"Infinite Blades","floor":5},{"not_picked":["Cloak And Dagger","Venomology"],"picked":"A Thousand Cuts","floor":7},{"not_picked":["Calculated Gamble","Backflip"],"picked":"Deadly Poison","floor":10}],"player_experience":496691,"relics_obtained":[{"floor":7,"key":"Du-Vu Doll"},{"floor":9,"key":"Turnip"}],"event_choices":[{"damage_healed":0,"gold_gain":275,"player_choice":"Desecrate","damage_taken":0,"max_hp_gain":0,"max_hp_loss":0,"event_name":"Golden Shrine","floor":3,"gold_loss":0,"cards_obtained":["Regret"]},{"damage_healed":17,"gold_gain":0,"player_choice":"Healed and dodged fight","damage_taken":0,"max_hp_gain":0,"max_hp_loss":0,"event_name":"Mushrooms","floor":8,"gold_loss":0,"cards_obtained":["Parasite"]}],"is_beta":false,"boss_relics":[],"items_purged_floors":[],"is_endless":false,"potions_floor_spawned":[2,7,10],"killed_by":"Lagavulin","ascension_level":12}