{"gold_per_floor":[111,122,122,72,72,72,101,5,5,16,29,29,42,52,52,150,150,161,44,44,44,56,56,56,56,56,56,81,100,120,137,137,236,236,252,1,11,25,25],"floor_reached":39,"playtime":3760,"items_purged":["Strike_R","Strike_R"],"score":498,"play_id":"84df67e9-3cf0-4bb3-9084-8b17e1e19b5b","local_time":"20190710112450","is_ascension_mode":true,"campfire_choices":[{"data":"Bash","floor":6,"key":"SMITH"},{"data":"Bludgeon","floor":12,"key":"SMITH"},{"data":"True Grit","floor":15,"key":"SMITH"},{"data":"Demon Form","floor":23,"key":"SMITH"},{"data":"Shrug It Off","floor":27,"key":"SMITH"},{"floor":32,"key":"REST"}],"neow_cost":"NONE","seed_source_timestamp":2615518720700,"circlet_count":0,"master_deck":["Strike_R+1","Strike_R+1","Defend_R+1","Defend_R+1","Defend_R+1","Defend_R+1","Bash+1","Body Slam+1","Dark Embrace","Shrug It Off+1","True Grit+1","Bludgeon+1","Iron Wave","Demon Form+1","Flame Barrier+1","Reaper","Shrug It Off+1","Evolve","Shockwave+1","Burning Pact+1","Shrug It Off+1","Reaper","True Grit+1","Disarm","Feel No Pain","Inflame","Ghostly Armor+1","Double Tap+1"],"relics":["Burning Blood","NeowsBlessing","Smiling Mask","Dodecahedron","Omamori","Runic Cube","Juzu Bracelet","Orichalcum","Orrery","Toxic Egg 2"],"potions_floor_usage":[16,18,28,28,28,28,29,38,38],"damage_taken":[{"damage":0,"enemies":"Jaw Worm","floor":1,"turns":1},{"damage":0,"enemies":"Cultist","floor":2,"turns":1},{"damage":0,"enemies":"Gremlin Nob","floor":7,"turns":1},{"damage":0,"enemies":"2 Louse","floor":10,"turns":2},{"damage":10,"enemies":"Red Slaver","floor":11,"turns":3},{"damage":12,"enemies":"3 Louse","floor":13,"turns":4},{"damage":8,"enemies":"Large Slime","floor":14,"turns":6},{"damage":52,"enemies":"Hexaghost","floor":16,"turns":8},{"damage":7,"enemies":"3 Byrds","floor":18,"turns":4},{"damage":23,"enemies":"Shell Parasite","floor":22,"turns":11},{"damage":12,"enemies":"Book of Stabbing","floor":28,"turns":5},{"damage":1,"enemies":"Shelled Parasite and Fungi","floor":29,"turns":13},{"damage":15,"enemies":"Sentry and Sphere","floor":30,"turns":7},{"damage":11,"enemies":"Snecko","floor":31,"turns":5},{"damage":67,"enemies":"Champ","floor":33,"turns":12},{"damage":7,"enemies":"Orb Walker","floor":35,"turns":4},{"damage":17,"enemies":"3 Shapes","floor":37,"turns":7},{"damage":38,"enemies":"Spire Growth","floor":38,"turns":8},{"damage":58,"enemies":"Transient","floor":39,"turns":3}],"seed_played":"258180464344507676","potions_obtained":[{"floor":2,"key":"LiquidBronze"},{"floor":11,"key":"Ancient Potion"},{"floor":13,"key":"LiquidBronze"},{"floor":14,"key":"PowerPotion"},{"floor":18,"key":"Ancient Potion"},{"floor":21,"key":"EntropicBrew"},{"floor":31,"key":"Dexterity Potion"},{"floor":37,"key":"Explosive Potion"}],"is_trial":false,"path_per_floor":["M","M","?","?","?","R","E","$","T","M","M","R","M","M","R","B",null,"M","$","?","?","M","R","?","?","T","R","E","M","M","M","R","B",null,"M","$","M","M","M"],"character_chosen":"IRONCLAD","items_purchased":["Shrug It Off","Reaper","Toxic Egg 2"],"campfire_rested":1,"item_purchase_floors":[8,19,36],"current_hp_per_floor":[80,80,85,85,85,85,85,85,85,85,81,81,75,73,73,27,85,84,84,84,84,67,67,67,67,67,67,61,66,57,69,85,48,85,85,85,85,54,0],"gold":25,"neow_bonus":"THREE_ENEMY_KILL","is_prod":false,"is_daily":false,"chose_seed":false,"campfire_upgraded":5,"win_rate":0,"timestamp":1562754290,"path_taken":["M","M","?","?","?","R","E","$","T","M","M","R","M","M","R","BOSS","M","$","?","?","?","R","?","?","T","R","E","M","M","M","R","BOSS","M","$","M","M","M"],"build_version":"2019-07-05","purchased_purges":2,"victory":false,"max_hp_per_floor":[80,80,85,85,85,85,85,85,85,85,85,85,85,85,85,85,85,85,85,85,85,85,85,85,85,85,85,85,85,85,85,85,85,85,85,85,85,85,85],"card_choices":[{"not_picked":["Clothesline","Iron Wave"],"picked":"Body Slam","floor":1},{"not_picked":["Wild Strike","Blood for Blood","Thunderclap"],"picked":"SKIP","floor":2},{"not_picked":["Headbutt","Cleave"],"picked":"Dark Embrace","floor":7},{"not_picked":["Pommel Strike","Iron Wave"],"picked":"True Grit","floor":10},{"not_picked":["Warcry","Twin Strike"],"picked":"Bludgeon","floor":11},{"not_picked":["Flex","Havoc","Perfected Strike"],"picked":"SKIP","floor":13},{"not_picked":["Heavy Blade","Wild Strike"],"picked":"Iron Wave","floor":14},{"not_picked":["Juggernaut","Feed"],"picked":"Demon Form","floor":16},{"not_picked":["Anger+1","Clash+1"],"picked":"Flame Barrier+1","floor":18},{"not_picked":["Reckless Charge","Searing Blow"],"picked":"Shrug It Off+1","floor":22},{"not_picked":["Dual Wield+1","Perfected Strike+1"],"picked":"Evolve","floor":28},{"not_picked":["Sword Boomerang","Iron Wave+1"],"picked":"Shockwave+1","floor":29},{"not_picked":["Clash","Anger"],"picked":"Burning Pact+1","floor":30},{"not_picked":["Thunderclap","Clash"],"picked":"Shrug It Off+1","floor":31},{"not_picked":["Bludgeon","Immolate"],"picked":"Reaper","floor":33},{"not_picked":["Armaments","Clash"],"picked":"True Grit+1","floor":34},{"not_picked":["Clothesline","Infernal Blade+1"],"picked":"Disarm","floor":34},{"not_picked":["Shrug It Off","Clash"],"picked":"Feel No Pain","floor":34},{"not_picked":["Warcry","Havoc"],"picked":"Inflame","floor":34},{"not_picked":["Havoc+1","Anger+1"],"picked":"Ghostly Armor+1","floor":35},{"not_picked":["Blood for Blood+1","Fire Breathing+1","Armaments+1"],"picked":"SKIP","floor":37},{"not_picked":["Burning Pact+1","Perfected Strike+1"],"picked":"Double Tap+1","floor":38}],"player_experience":68147,"relics_obtained":[{"floor":7,"key":"Dodecahedron"},{"floor":9,"key":"Omamori"},{"floor":26,"key":"Juzu Bracelet"},{"floor":28,"key":"Orichalcum"}],"event_choices":[{"damage_healed":0,"gold_gain":0,"player_choice":"Donut","damage_taken":0,"max_hp_gain":5,"max_hp_loss":0,"event_name":"Big Fish","floor":3,"gold_loss":0},{"cards_removed":["Strike_R"],"damage_healed":0,"gold_gain":0,"player_choice":"Card Removal","damage_taken":0,"max_hp_gain":0,"max_hp_loss":0,"event_name":"The Cleric","floor":4,"gold_loss":50},{"damage_healed":0,"gold_gain":0,"player_choice":"Gave Potion","damage_taken":0,"relics_obtained":["Smiling Mask"],"max_hp_gain":0,"max_hp_loss":0,"event_name":"WeMeetAgain","floor":5,"gold_loss":0},{"damage_healed":0,"gold_gain":0,"player_choice":"Simplicity","damage_taken":0,"max_hp_gain":0,"max_hp_loss":0,"event_name":"Back to Basics","floor":20,"gold_loss":0,"cards_upgraded":["Strike_R","Strike_R","Defend_R","Defend_R","Defend_R","Defend_R"]},{"damage_healed":0,"gold_gain":0,"player_choice":"Got Potions","damage_taken":0,"max_hp_gain":0,"max_hp_loss":0,"event_name":"Lab","floor":21,"gold_loss":0},{"damage_healed":0,"gold_gain":0,"player_choice":"Ignored","damage_taken":0,"max_hp_gain":0,"max_hp_loss":0,"event_name":"The Mausoleum","floor":24,"gold_loss":0},{"damage_healed":0,"gold_gain":0,"player_choice":"Upgraded","damage_taken":0,"max_hp_gain":0,"max_hp_loss":0,"event_name":"Upgrade Shrine","floor":25,"gold_loss":0,"cards_upgraded":["Body Slam"]}],"is_beta":false,"boss_relics":[{"not_picked":["Fusion Hammer","Runic Dome"],"picked":"Runic Cube"},{"not_picked":["Black Blood","Lizard Tail"],"picked":"Orrery"}],"items_purged_floors":[8,19],"is_endless":false,"potions_floor_spawned":[2,11,13,14,18,31,37],"killed_by":"Transient","ascension_level":2}