{"gold_per_floor":[110,110,121,24,24,24,80,95,120,120,146,175,175,192,192,292,292,307,318,268,81,81,81,153,170,170,170,170,184,196,231,231,331,331,347,347,347,347,362,396,406,17,17,0,14,14,47,64,64,64],"floor_reached":51,"playtime":2542,"items_purged":["Strike_G"],"score":1006,"play_id":"30f49057-8ade-4b0e-8634-5124e4f5832c","local_time":"20190824004652","is_ascension_mode":true,"campfire_choices":[{"data":"Neutralize","floor":6.0,"key":"SMITH"},{"data":"Leg Sweep","floor":10.0,"key":"SMITH"},{"data":"Footwork","floor":13.0,"key":"SMITH"},{"data":"Dash","floor":15.0,"key":"SMITH"},{"data":"A Thousand Cuts","floor":23.0,"key":"SMITH"},{"floor":28.0,"key":"REST"},{"data":"Noxious Fumes","floor":32.0,"key":"SMITH"},{"data":"Dash","floor":46,"key":"SMITH"},{"floor":49,"key":"REST"}],"neow_cost":"NONE","seed_source_timestamp":793891094409900,"circlet_count":0,"master_deck":["Strike_G+1","Strike_G+1","Strike_G+1","Defend_G+1","Defend_G+1","Defend_G+1","Defend_G+1","Survivor","Neutralize+1","Leg Sweep+1","Neutralize","Leg Sweep+1","Dramatic Entrance","Dash+1","Heel Hook","Footwork+1","A Thousand Cuts+1","Dagger Spray+1","Dash+1","Noxious Fumes+1","Backstab","PiercingWail","Dark Shackles","Poisoned Stab","Catalyst+1","Terror+1","Escape Plan+1","Blur+1"],"special_seed":0,"relics":["Ring of the Snake","NeowsBlessing","Tiny Chest","War Paint","Art of War","Odd Mushroom","Runic Dome","Mummified Hand","Paper Crane","MutagenicStrength","Torii","Cursed Key","Shuriken","Toxic Egg 2","Red Mask","Pen Nib"],"potions_floor_usage":[50,50,50],"damage_taken":[{"damage":0.0,"enemies":"Small Slimes","floor":1.0,"turns":1.0},{"damage":0.0,"enemies":"Cultist","floor":3.0,"turns":1.0},{"damage":0.0,"enemies":"Gremlin Nob","floor":7.0,"turns":1.0},{"damage":0.0,"enemies":"Jaw Worm","floor":8.0,"turns":5.0},{"damage":26.0,"enemies":"Lagavulin","floor":11.0,"turns":15.0},{"damage":1.0,"enemies":"The Mushroom Lair","floor":12.0,"turns":8.0},{"damage":0.0,"enemies":"3 Louse","floor":14.0,"turns":5.0},{"damage":14.0,"enemies":"The Guardian","floor":16.0,"turns":21.0},{"damage":0.0,"enemies":"Spheric Guardian","floor":18.0,"turns":8.0},{"damage":14.0,"enemies":"2 Thieves","floor":19.0,"turns":5.0},{"damage":0.0,"enemies":"Cultist and Chosen","floor":25.0,"turns":7.0},{"damage":2.0,"enemies":"Snecko","floor":29.0,"turns":5.0},{"damage":0.0,"enemies":"Snake Plant","floor":30.0,"turns":5.0},{"damage":2.0,"enemies":"Gremlin Leader","floor":31.0,"turns":6.0},{"damage":13.0,"enemies":"Champ","floor":33.0,"turns":16.0},{"damage":0.0,"enemies":"Orb Walker","floor":35.0,"turns":3.0},{"damage":0.0,"enemies":"3 Shapes","floor":39.0,"turns":3.0},{"damage":1.0,"enemies":"Reptomancer","floor":40.0,"turns":8.0},{"damage":0.0,"enemies":"Maw","floor":41.0,"turns":9.0},{"damage":1,"enemies":"Transient","floor":45,"turns":5},{"damage":12,"enemies":"Nemesis","floor":47,"turns":7},{"damage":10,"enemies":"Jaw Worm Horde","floor":48,"turns":4},{"damage":1,"enemies":"Awakened One","floor":50,"turns":13}],"seed_played":"-5093101024811483153","potions_obtained":[{"floor":1.0,"key":"LiquidBronze"},{"floor":7.0,"key":"Dexterity Potion"},{"floor":11.0,"key":"Dexterity Potion"},{"floor":35.0,"key":"Fruit Juice"},{"floor":39.0,"key":"Ancient Potion"}],"is_trial":false,"path_per_floor":["M","?","M","$","?","R","E","M","T","R","E","?","R","M","R","B",null,"M","M","?","$","?","R","T","M","T","?","R","M","M","E","R","B",null,"M","?","?","?","M","E","M","$","T","?","M","R","E","M","R","B",null],"character_chosen":"THE_SILENT","items_purchased":["Fruit Juice","Noxious Fumes","Backstab","Toxic Egg 2","Catalyst+1","Terror+1"],"campfire_rested":2,"item_purchase_floors":[4,21,21,42,42,42],"current_hp_per_floor":[63,63,63,63,56,56,56,56,56,56,35,34,34,34,34,20,61,61,47,47,47,47,47,47,47,47,47,69,67,67,65,65,52,69,69,69,69,69,74,73,73,73,73,73,72,72,60,50,72,71],"gold":64,"neow_bonus":"THREE_ENEMY_KILL","is_prod":false,"is_daily":false,"chose_seed":false,"campfire_upgraded":7,"win_rate":0,"timestamp":1566632812,"path_taken":["M","?","?","$","?","R","E","M","T","R","E","?","R","M","R","BOSS","M","M","?","?","?","R","?","M","T","?","R","M","M","E","R","BOSS","M","?","?","?","M","E","M","$","T","?","M","R","E","M","R","BOSS"],"build_version":"2019-07-17","purchased_purges":1,"victory":true,"max_hp_per_floor":[70,70,70,70,70,70,70,70,70,70,75,75,75,75,75,75,75,75,75,75,75,75,75,75,75,75,75,75,75,75,75,75,75,75,75,75,75,71,76,76,76,76,76,76,76,76,76,76,76,76],"card_choices":[{"not_picked":["Quick Slash","Infinite Blades"],"picked":"Leg Sweep","floor":1.0},{"not_picked":["Flying Knee","Deflect","Prepared"],"picked":"SKIP","floor":3.0},{"not_picked":["Bane","Eviscerate"],"picked":"Dash","floor":7.0},{"not_picked":["Quick Slash","Deflect","Underhanded Strike"],"picked":"SKIP","floor":8.0},{"not_picked":["Tactician","Bane"],"picked":"Heel Hook","floor":11.0},{"not_picked":["Slice","Tools of the Trade"],"picked":"Footwork","floor":12.0},{"not_picked":["Expertise","Bane","Quick Slash"],"picked":"SKIP","floor":14.0},{"not_picked":["Die Die Die","Unload"],"picked":"A Thousand Cuts","floor":16.0},{"not_picked":["Cloak And Dagger","Outmaneuver"],"picked":"Dagger Spray+1","floor":18.0},{"not_picked":["Prepared","Masterful Stab"],"picked":"Dash","floor":19.0},{"not_picked":["Dagger Throw+1","Blade Dance"],"picked":"PiercingWail","floor":25.0},{"not_picked":["Masterful Stab+1","Outmaneuver","PiercingWail"],"picked":"SKIP","floor":29.0},{"not_picked":["Deflect","Cloak And Dagger","Flying Knee+1"],"picked":"SKIP","floor":30.0},{"not_picked":["Doppelganger","Prepared","Sucker Punch+1"],"picked":"SKIP","floor":31.0},{"not_picked":["Acrobatics+1","Deflect+1","Masterful Stab+1"],"picked":"SKIP","floor":35.0},{"not_picked":["Blind","Finesse"],"picked":"Dark Shackles","floor":36.0},{"not_picked":["Underhanded Strike","Dagger Throw+1","Tools of the Trade"],"picked":"SKIP","floor":39.0},{"not_picked":["Sucker Punch","Outmaneuver"],"picked":"Poisoned Stab","floor":40.0},{"not_picked":["Eviscerate","Dagger Throw","Predator"],"picked":"SKIP","floor":41.0},{"not_picked":["Flying Knee","Outmaneuver+1"],"picked":"Escape Plan+1","floor":45},{"not_picked":["Setup+1","Acrobatics+1","Venomology+1"],"picked":"SKIP","floor":47},{"not_picked":["Choke+1","Prepared+1"],"picked":"Blur+1","floor":48}],"player_experience":1316407,"relics_obtained":[{"floor":7.0,"key":"Tiny Chest"},{"floor":9.0,"key":"War Paint"},{"floor":11.0,"key":"Art of War"},{"floor":12.0,"key":"Odd Mushroom"},{"floor":24.0,"key":"Mummified Hand"},{"floor":26.0,"key":"Paper Crane"},{"floor":31.0,"key":"Torii"},{"floor":40.0,"key":"Shuriken"},{"floor":47,"key":"Pen Nib"}],"event_choices":[{"damage_healed":0.0,"max_hp_gain":0.0,"max_hp_loss":0.0,"gold_gain":0.0,"event_name":"Match and Keep!","player_choice":"3 cards matched","floor":2.0,"gold_loss":0.0,"damage_taken":0.0,"cards_obtained":["Neutralize","Leg Sweep","Dramatic Entrance"]},{"cards_removed":["Strike_G"],"damage_healed":0.0,"max_hp_gain":0.0,"max_hp_loss":0.0,"gold_gain":0.0,"event_name":"Golden Wing","player_choice":"Card Removal","floor":5.0,"gold_loss":0.0,"damage_taken":7.0},{"damage_healed":0.0,"max_hp_gain":0.0,"max_hp_loss":0.0,"gold_gain":0.0,"event_name":"Mushrooms","player_choice":"Fought Mushrooms","floor":12.0,"gold_loss":0.0,"damage_taken":0.0},{"damage_healed":0.0,"max_hp_gain":0.0,"max_hp_loss":0.0,"gold_gain":0.0,"event_name":"The Joust","player_choice":"Bet on Murderer","floor":20.0,"gold_loss":50.0,"damage_taken":0.0},{"damage_healed":0.0,"max_hp_gain":0.0,"max_hp_loss":0.0,"gold_gain":0.0,"event_name":"Back to Basics","player_choice":"Simplicity","floor":22.0,"gold_loss":0.0,"damage_taken":0.0,"cards_upgraded":["Strike_G","Strike_G","Strike_G","Defend_G","Defend_G","Defend_G","Defend_G"]},{"damage_healed":0.0,"max_hp_gain":0.0,"max_hp_loss":0.0,"gold_gain":0.0,"event_name":"Drug Dealer","player_choice":"Inject Mutagens","floor":27.0,"gold_loss":0.0,"damage_taken":0.0,"relics_obtained":["MutagenicStrength"]},{"damage_healed":0.0,"max_hp_gain":0.0,"max_hp_loss":0.0,"gold_gain":0.0,"event_name":"SensoryStone","player_choice":"Memory 1","floor":36.0,"gold_loss":0.0,"damage_taken":0.0},{"cards_removed":["Defend_G"],"damage_healed":0.0,"max_hp_gain":0.0,"max_hp_loss":0.0,"gold_gain":0.0,"event_name":"Falling","player_choice":"Removed Skill","floor":37.0,"gold_loss":0.0,"damage_taken":0.0},{"damage_healed":0.0,"max_hp_gain":0.0,"max_hp_loss":4.0,"gold_gain":0.0,"event_name":"Winding Halls","player_choice":"Max HP","floor":38.0,"gold_loss":0.0,"damage_taken":0.0},{"damage_healed":0,"gold_gain":0,"player_choice":"Paid","damage_taken":0,"relics_obtained":["Red Mask"],"max_hp_gain":0,"max_hp_loss":0,"event_name":"Tomb of Lord Red Mask","floor":44,"gold_loss":17}],"is_beta":false,"boss_relics":[{"not_picked":["Ectoplasm","Lizard Tail"],"picked":"Runic Dome"},{"not_picked":["Orrery","WristBlade"],"picked":"Cursed Key"}],"items_purged_floors":[21],"is_endless":false,"potions_floor_spawned":[1,7,11,19,30,31,35,39,41],"ascension_level":7}