{"gold_per_floor":[114,126,141,141,151,186,186,211,238,252,252,252,286,286],"floor_reached":14,"playtime":378,"items_purged":[],"score":171,"play_id":"2d54ac67-b1f2-4cc9-9ce1-0ac74bab4ce3","local_time":"20190328184006","is_ascension_mode":true,"campfire_choices":[{"floor":11,"key":"REST"}],"neow_cost":"NONE","seed_source_timestamp":172788035947557,"circlet_count":0,"master_deck":["AscendersBane","Defend_G","Defend_G","Defend_G","Defend_G","Defend_G","Strike_G","Strike_G","Strike_G","Strike_G","Strike_G","Survivor","Neutralize","Dagger Throw","All Out Attack","Escape Plan","Regret","Bouncing Flask","Flying Knee","Noxious Fumes","Crippling Poison","Quick Slash","Poisoned Stab"],"relics":["Ring of the Snake","Ornamental Fan","Omamori","Bag of Preparation","Anchor","Ancient Tea Set"],"potions_floor_usage":[8,8],"damage_taken":[{"damage":0,"enemies":"2 Louse","floor":1,"turns":2},{"damage":0,"enemies":"Jaw Worm","floor":2,"turns":4},{"damage":0,"enemies":"Cultist","floor":3,"turns":4},{"damage":0,"enemies":"2 Fungi Beasts","floor":5,"turns":3},{"damage":39,"enemies":"Gremlin Nob","floor":6,"turns":5},{"damage":13,"enemies":"Lagavulin","floor":8,"turns":5},{"damage":12,"enemies":"Exordium Thugs","floor":10,"turns":6},{"damage":19,"enemies":"Gremlin Nob","floor":13,"turns":4},{"damage":20,"enemies":"Exordium Wildlife","floor":14,"turns":3}],"seed_played":"-8288896368864205791","potions_obtained":[{"floor":5,"key":"GamblersBrew"},{"floor":6,"key":"Energy Potion"}],"is_trial":false,"path_per_floor":["M","M","M","?","M","E","?","E","T","M","R","?","E","M"],"character_chosen":"THE_SILENT","items_purchased":[],"campfire_rested":1,"item_purchase_floors":[],"current_hp_per_floor":[70,70,70,70,70,31,31,18,18,6,29,29,10,0],"gold":286,"neow_bonus":"TEN_PERCENT_HP_BONUS","is_prod":false,"is_daily":false,"chose_seed":false,"campfire_upgraded":0,"win_rate":0,"timestamp":1553820006,"path_taken":["M","M","M","?","M","E","?","E","T","?","R","?","E","M"],"build_version":"2019-01-23","purchased_purges":0,"victory":false,"max_hp_per_floor":[77,77,77,77,77,77,77,77,77,77,77,77,77,77],"card_choices":[{"not_picked":["PiercingWail","Deflect"],"picked":"Dagger Throw","floor":1},{"not_picked":["Distraction","Slice"],"picked":"All Out Attack","floor":2},{"not_picked":["Outmaneuver","Expertise"],"picked":"Escape Plan","floor":3},{"not_picked":["Reflex","Dagger Throw"],"picked":"Bouncing Flask","floor":5},{"not_picked":["Deflect","Backflip"],"picked":"Flying Knee","floor":6},{"not_picked":["Dagger Spray","Phantasmal Killer"],"picked":"Crippling Poison","floor":8},{"not_picked":["Slice","Tactician"],"picked":"Quick Slash","floor":10},{"not_picked":["Bouncing Flask","Quick Slash"],"picked":"Poisoned Stab","floor":13}],"player_experience":470560,"relics_obtained":[{"floor":6,"key":"Omamori"},{"floor":8,"key":"Bag of Preparation"},{"floor":9,"key":"Anchor"},{"floor":13,"key":"Ancient Tea Set"}],"event_choices":[{"damage_healed":0,"gold_gain":0,"player_choice":"Box","damage_taken":0,"relics_obtained":["Ornamental Fan"],"max_hp_gain":0,"max_hp_loss":0,"event_name":"Big Fish","floor":4,"gold_loss":0,"cards_obtained":["Regret"]},{"damage_healed":0,"gold_gain":0,"player_choice":"1 cards matched","damage_taken":0,"max_hp_gain":0,"max_hp_loss":0,"event_name":"Match and Keep!","floor":7,"gold_loss":0,"cards_obtained":["Noxious Fumes"]},{"damage_healed":0,"gold_gain":0,"player_choice":"Leave","damage_taken":0,"max_hp_gain":0,"max_hp_loss":0,"event_name":"FaceTrader","floor":12,"gold_loss":0}],"is_beta":false,"boss_relics":[],"items_purged_floors":[],"is_endless":false,"potions_floor_spawned":[5,6],"killed_by":"Exordium Wildlife","ascension_level":11}