{"gold_per_floor":[114,17,30,47,66,66,85,85,85,117,133,133,159,174,174,270,270,289,305,317,317,333,333],"floor_reached":23,"playtime":1806,"items_purged":["Shame"],"score":336,"play_id":"81ebbc1a-e47f-41c8-ad28-8408cab33e51","local_time":"20190924170659","is_ascension_mode":true,"campfire_choices":[{"data":"Zap","floor":6.0,"key":"SMITH"},{"data":"Dualcast","floor":8.0,"key":"SMITH"},{"data":"Glacier","floor":12.0,"key":"SMITH"},{"data":"Capacitor","floor":15.0,"key":"SMITH"}],"neow_cost":"CURSE","seed_source_timestamp":0,"circlet_count":0,"master_deck":["Strike_B","Strike_B","Strike_B","Strike_B","Defend_B","Defend_B","Defend_B+1","Defend_B","Zap+1","Dualcast+1","Glacier+1","Ball Lightning","Compile Driver","Cold Snap","BootSequence+1","FTL","Capacitor+1","Self Repair","Capacitor"],"special_seed":0,"relics":["Cracked Core","Unceasing Top","War Paint","Potion Belt","Bottled Flame","Nuclear Battery"],"potions_floor_usage":[],"damage_taken":[{"damage":5.0,"enemies":"Cultist","floor":1.0,"turns":4.0},{"damage":7.0,"enemies":"Jaw Worm","floor":3.0,"turns":4.0},{"damage":0.0,"enemies":"Small Slimes","floor":4.0,"turns":3.0},{"damage":0.0,"enemies":"Exordium Thugs","floor":5.0,"turns":5.0},{"damage":3.0,"enemies":"Blue Slaver","floor":7.0,"turns":4.0},{"damage":5.0,"enemies":"Lagavulin","floor":10.0,"turns":6.0},{"damage":1.0,"enemies":"Gremlin Gang","floor":11.0,"turns":4.0},{"damage":0.0,"enemies":"Gremlin Nob","floor":13.0,"turns":3.0},{"damage":0.0,"enemies":"3 Louse","floor":14.0,"turns":3.0},{"damage":17.0,"enemies":"The Guardian","floor":16.0,"turns":11.0},{"damage":16.0,"enemies":"Spheric Guardian","floor":18.0,"turns":5.0},{"damage":2.0,"enemies":"Shell Parasite","floor":19.0,"turns":7.0},{"damage":23.0,"enemies":"Chosen and Byrds","floor":20.0,"turns":8.0},{"damage":11.0,"enemies":"Cultist and Chosen","floor":22.0,"turns":7.0},{"damage":13,"enemies":"Slavers","floor":23,"turns":3}],"seed_played":"-7866100865700859994","potions_obtained":[{"floor":3.0,"key":"SmokeBomb"},{"floor":4.0,"key":"Energy Potion"},{"floor":10.0,"key":"SteroidPotion"},{"floor":11.0,"key":"Fruit Juice"},{"floor":16.0,"key":"Poison Potion"},{"floor":19.0,"key":"SteroidPotion"},{"floor":22,"key":"GamblersBrew"}],"is_trial":false,"path_per_floor":["M","$","M","M","M","R","M","R","T","E","M","R","E","M","R","B",null,"M","M","M","?","M","E"],"character_chosen":"DEFECT","items_purchased":["Ball Lightning"],"campfire_rested":0,"item_purchase_floors":[2],"current_hp_per_floor":[63,63,56,56,56,56,53,53,53,48,52,52,52,52,52,35,69,53,58,42,27,23,10],"gold":333,"neow_bonus":"ONE_RARE_RELIC","is_prod":false,"is_daily":false,"chose_seed":false,"campfire_upgraded":4,"win_rate":0,"timestamp":1569359219,"path_taken":["M","$","?","M","M","R","M","R","T","E","M","R","E","M","R","BOSS","M","?","M","?","M","E"],"build_version":"2019-09-24","purchased_purges":1,"victory":false,"max_hp_per_floor":[75,75,75,75,75,75,75,75,75,75,80,80,80,80,80,80,80,80,80,80,85,85,85],"card_choices":[{"not_picked":["Go for the Eyes","Conserve Battery"],"picked":"Glacier","floor":1.0},{"not_picked":["Steam","Blizzard"],"picked":"Compile Driver","floor":3.0},{"not_picked":["Rebound","Hologram","Stack"],"picked":"SKIP","floor":4.0},{"not_picked":["Recycle","Beam Cell"],"picked":"Cold Snap","floor":5.0},{"not_picked":["Turbo","Stack"],"picked":"BootSequence","floor":7.0},{"not_picked":["Steam","Barrage"],"picked":"FTL","floor":10.0},{"not_picked":["Leap","Auto Shields","Barrage"],"picked":"SKIP","floor":11.0},{"not_picked":["Force Field","Chill"],"picked":"Capacitor","floor":13.0},{"not_picked":["Capacitor","Core Surge","Undo"],"picked":"SKIP","floor":14.0},{"not_picked":["Go for the Eyes","Hologram"],"picked":"Self Repair","floor":18.0},{"not_picked":["Conserve Battery","Storm"],"picked":"Capacitor","floor":19.0},{"not_picked":["Cold Snap","Streamline","Conserve Battery"],"picked":"SKIP","floor":20.0},{"not_picked":["Turbo","Leap","Double Energy"],"picked":"SKIP","floor":22}],"player_experience":1054243,"relics_obtained":[{"floor":9.0,"key":"War Paint"},{"floor":10.0,"key":"Potion Belt"},{"floor":13.0,"key":"Bottled Flame"}],"event_choices":[{"damage_healed":0.0,"max_hp_gain":5.0,"max_hp_loss":0.0,"gold_gain":0.0,"event_name":"Forgotten Altar","player_choice":"Shed Blood","floor":21.0,"gold_loss":0.0,"damage_taken":20.0}],"is_beta":true,"boss_relics":[{"not_picked":["SlaversCollar","Inserter"],"picked":"Nuclear Battery"}],"items_purged_floors":[2],"is_endless":false,"potions_floor_spawned":[3,4,10,11,16,19,22],"killed_by":"Slavers","ascension_level":9}