{"gold_per_floor":[110,110,185,202,202,202,232,246,246,246,258,258],"floor_reached":12,"playtime":483,"items_purged":[],"score":129,"play_id":"a4ee0bb8-3ca9-491c-8d9d-59f89e9890a1","local_time":"20190504172026","is_ascension_mode":true,"campfire_choices":[{"data":"Footwork","floor":6,"key":"SMITH"},{"floor":10,"key":"REST"}],"neow_cost":"PERCENT_DAMAGE","seed_source_timestamp":334501665362228,"circlet_count":0,"master_deck":["AscendersBane","Defend_G","Defend_G","Defend_G","Defend_G","Defend_G","Strike_G","Strike_G","Strike_G","Strike_G","Survivor","Neutralize","Footwork+1","Bouncing Flask","Footwork","Well Laid Plans","PiercingWail"],"relics":["Ring of the Snake","Pantograph","Ice Cream"],"potions_floor_usage":[12],"damage_taken":[{"damage":11,"enemies":"Jaw Worm","floor":1,"turns":7},{"damage":0,"enemies":"Small Slimes","floor":4,"turns":4},{"damage":43,"enemies":"3 Sentries","floor":7,"turns":17},{"damage":0,"enemies":"2 Louse","floor":8,"turns":4},{"damage":23,"enemies":"Exordium Thugs","floor":11,"turns":12},{"damage":12,"enemies":"Gremlin Nob","floor":12,"turns":6}],"seed_played":"-1645972883295232648","potions_obtained":[{"floor":1,"key":"SpeedPotion"}],"is_trial":false,"path_per_floor":["M","?","?","M","?","R","E","M","T","R","M","E"],"character_chosen":"THE_SILENT","items_purchased":[],"campfire_rested":1,"item_purchase_floors":[],"current_hp_per_floor":[48,41,30,30,58,58,15,15,15,40,17,5],"gold":258,"neow_bonus":"TWENTY_PERCENT_HP_BONUS","is_prod":false,"is_daily":false,"chose_seed":false,"campfire_upgraded":1,"win_rate":0,"timestamp":1557012026,"path_taken":["M","?","?","M","?","R","E","M","T","R","?","E"],"build_version":"2019-01-23","purchased_purges":0,"victory":false,"max_hp_per_floor":[84,84,84,84,84,84,84,84,84,84,84,84],"card_choices":[{"not_picked":["Outmaneuver","Slice"],"picked":"Footwork","floor":1},{"not_picked":["Sucker Punch","Backstab"],"picked":"Bouncing Flask","floor":4},{"not_picked":["Bane","Dodge and Roll"],"picked":"Footwork","floor":7},{"not_picked":["Cloak And Dagger","Calculated Gamble"],"picked":"Well Laid Plans","floor":8},{"not_picked":["Outmaneuver","Sucker Punch"],"picked":"PiercingWail","floor":11}],"player_experience":555785,"relics_obtained":[{"floor":7,"key":"Pantograph"},{"floor":9,"key":"Ice Cream"}],"event_choices":[{"cards_removed":["Strike_G"],"damage_healed":0,"gold_gain":0,"player_choice":"Card Removal","damage_taken":7,"max_hp_gain":0,"max_hp_loss":0,"event_name":"Golden Wing","floor":2,"gold_loss":0},{"damage_healed":0,"gold_gain":75,"player_choice":"Gather Gold","damage_taken":11,"max_hp_gain":0,"max_hp_loss":0,"event_name":"World of Goop","floor":3,"gold_loss":0},{"damage_healed":28,"gold_gain":0,"player_choice":"Banana","damage_taken":0,"max_hp_gain":0,"max_hp_loss":0,"event_name":"Big Fish","floor":5,"gold_loss":0}],"is_beta":false,"boss_relics":[],"items_purged_floors":[],"is_endless":false,"potions_floor_spawned":[1],"killed_by":"Gremlin Nob","ascension_level":13}