{"gold_per_floor":[115,115,130,9,9,9,29,29,29,29,2,19,38,53,53,157,157,169,169,188,204,67,67,78,78,78,93,107,121,140,55,55,155,155,169,184,184,195,122,122,222,222,222,238,338,0,0,14,14,14],"floor_reached":51,"playtime":3320,"items_purged":["Strike_B","Defend_B"],"score":677,"play_id":"c3b638de-c1c7-41fa-8f2b-8c469dc9bac6","local_time":"20190805214017","is_ascension_mode":true,"campfire_choices":[{"data":"Zap","floor":6,"key":"SMITH"},{"data":"Dualcast","floor":8,"key":"SMITH"},{"data":"Cold Snap","floor":10,"key":"SMITH"},{"floor":15,"key":"REST"},{"data":"Defragment","floor":23,"key":"SMITH"},{"floor":25,"key":"REST"},{"data":"Defragment","floor":32,"key":"SMITH"},{"floor":40,"key":"REST"},{"data":"Defragment","floor":42,"key":"SMITH"},{"data":"Loop","floor":47,"key":"SMITH"},{"data":"Go for the Eyes","floor":49,"key":"SMITH"}],"neow_cost":"NONE","seed_source_timestamp":5951277830500,"circlet_count":0,"master_deck":["Defend_B","Defend_B","Defend_B","Zap+1","Dualcast+1","Cold Snap+1","Cold Snap","Redo","Static Discharge","Go for the Eyes+1","Multi-Cast","Lockon+1","Loop+1","Leap+1","Defragment+1","Defragment+1","FTL","Coolheaded","Electrodynamics","Chill","Ball Lightning","Coolheaded+1","Defragment+1","Coolheaded+1","Tempest+1","Parasite"],"relics":["Cracked Core","NeowsBlessing","Bird Faced Urn","Sozu","Dodecahedron","Pear","Lizard Tail","Toxic Egg 2","Turnip","Red Mask"],"potions_floor_usage":[16,21,24],"damage_taken":[{"damage":0,"enemies":"2 Louse","floor":1,"turns":1},{"damage":0,"enemies":"Cultist","floor":3,"turns":1},{"damage":0,"enemies":"Small Slimes","floor":7,"turns":1},{"damage":7,"enemies":"Looter","floor":12,"turns":2},{"damage":32,"enemies":"Gremlin Gang","floor":13,"turns":5},{"damage":10,"enemies":"Large Slime","floor":14,"turns":4},{"damage":8,"enemies":"Slime Boss","floor":16,"turns":11},{"damage":11,"enemies":"Shell Parasite","floor":18,"turns":5},{"damage":5,"enemies":"Spheric Guardian","floor":20,"turns":6},{"damage":29,"enemies":"3 Cultists","floor":21,"turns":6},{"damage":22,"enemies":"Snecko","floor":24,"turns":6},{"damage":0,"enemies":"Cultist and Chosen","floor":27,"turns":5},{"damage":1,"enemies":"Sentry and Sphere","floor":28,"turns":5},{"damage":13,"enemies":"Chosen and Byrds","floor":29,"turns":5},{"damage":5,"enemies":"Snake Plant","floor":30,"turns":4},{"damage":6,"enemies":"Automaton","floor":33,"turns":13},{"damage":18,"enemies":"Orb Walker","floor":35,"turns":5},{"damage":18,"enemies":"3 Darklings","floor":36,"turns":3},{"damage":29,"enemies":"4 Shapes","floor":38,"turns":5},{"damage":2,"enemies":"Spire Growth","floor":44,"turns":6},{"damage":0,"enemies":"Mind Bloom Boss Battle","floor":45,"turns":6},{"damage":5,"enemies":"Writhing Mass","floor":48,"turns":5},{"damage":45,"enemies":"Awakened One","floor":50,"turns":13}],"seed_played":"7636932394841435718","potions_obtained":[{"floor":3,"key":"FocusPotion"},{"floor":14,"key":"Dexterity Potion"},{"floor":16,"key":"FearPotion"}],"is_trial":false,"path_per_floor":["M","?","M","$","?","R","M","R","T","R","$","M","M","M","R","B",null,"M","?","M","M","$","R","M","R","T","M","M","M","M","?","R","B",null,"M","M","?","M","$","R","?","R","T","M","?","?","R","M","R","B",null],"character_chosen":"DEFECT","items_purchased":["Cold Snap","Redo","Defragment","Defragment"],"campfire_rested":3,"item_purchase_floors":[4,11,22,39],"current_hp_per_floor":[75,75,75,75,68,68,68,68,68,68,68,61,29,21,43,37,75,66,66,65,40,40,40,24,46,46,54,61,56,59,69,69,71,85,75,63,63,42,42,67,67,67,67,77,85,85,85,85,85,48],"gold":14,"neow_bonus":"THREE_ENEMY_KILL","is_prod":false,"is_daily":false,"chose_seed":false,"campfire_upgraded":8,"win_rate":0,"timestamp":1565037617,"path_taken":["M","?","?","$","?","R","M","R","T","R","$","M","M","M","R","BOSS","M","?","M","M","$","R","M","R","T","?","M","M","M","?","R","BOSS","M","M","?","?","$","R","?","R","T","?","?","?","R","M","R","BOSS"],"build_version":"2019-07-17","purchased_purges":2,"victory":true,"max_hp_per_floor":[75,75,75,75,75,75,75,75,75,75,75,75,75,75,75,75,75,75,75,75,75,75,75,75,75,75,75,75,75,75,85,85,85,85,85,85,85,85,85,85,85,85,85,85,85,85,85,85,85,85],"card_choices":[{"not_picked":["Gash","Barrage"],"picked":"Cold Snap","floor":1},{"not_picked":["Blizzard","Rebound","Turbo"],"picked":"SKIP","floor":3},{"not_picked":["Rebound","Steam","Double Energy"],"picked":"SKIP","floor":7},{"not_picked":["Streamline","Leap","Steam Power"],"picked":"SKIP","floor":12},{"not_picked":["Melter","Rebound"],"picked":"Static Discharge","floor":13},{"not_picked":["Hologram","Scrape"],"picked":"Go for the Eyes","floor":14},{"not_picked":["Fission","Reboot"],"picked":"Multi-Cast","floor":16},{"not_picked":["Compile Driver","Beam Cell"],"picked":"Lockon+1","floor":18},{"not_picked":["Stack","Streamline+1"],"picked":"Leap+1","floor":20},{"not_picked":["Turbo","Gash"],"picked":"Defragment","floor":21},{"not_picked":["Scrape","Melter","Hologram+1"],"picked":"SKIP","floor":24},{"not_picked":["Beam Cell+1","Steam+1"],"picked":"FTL","floor":27},{"not_picked":["Barrage","Turbo","Aggregate"],"picked":"SKIP","floor":28},{"not_picked":["Undo","Auto Shields+1"],"picked":"Coolheaded","floor":29},{"not_picked":["Streamline+1","Rip and Tear+1","Compile Driver"],"picked":"SKIP","floor":30},{"not_picked":["Buffer","Rainbow"],"picked":"Electrodynamics","floor":33},{"not_picked":["Gash","Darkness"],"picked":"Chill","floor":35},{"not_picked":["Steam+1","Coolheaded+1"],"picked":"Ball Lightning","floor":36},{"not_picked":["Electrodynamics","Redo+1"],"picked":"Coolheaded+1","floor":38},{"not_picked":["Hello World","Streamline"],"picked":"Coolheaded+1","floor":44},{"not_picked":["Beam Cell","Skim+1"],"picked":"Tempest+1","floor":45},{"not_picked":["Tempest+1","Turbo+1","Stack+1"],"picked":"SKIP","floor":48}],"player_experience":98015,"relics_obtained":[{"floor":9,"key":"Bird Faced Urn"},{"floor":26,"key":"Dodecahedron"},{"floor":43,"key":"Toxic Egg 2"},{"floor":45,"key":"Turnip"}],"event_choices":[{"damage_healed":0,"gold_gain":0,"player_choice":"Ignored","damage_taken":0,"max_hp_gain":0,"max_hp_loss":0,"event_name":"WeMeetAgain","floor":2,"gold_loss":0},{"cards_removed":["Strike_B"],"damage_healed":0,"gold_gain":0,"player_choice":"Card Removal","damage_taken":7,"max_hp_gain":0,"max_hp_loss":0,"event_name":"Golden Wing","floor":5,"gold_loss":0},{"damage_healed":0,"gold_gain":0,"cards_transformed":["Strike_B"],"player_choice":"Transformed","damage_taken":0,"max_hp_gain":0,"max_hp_loss":0,"event_name":"Transmorgrifier","floor":19,"gold_loss":0,"cards_obtained":["Loop"]},{"damage_healed":0,"gold_gain":0,"player_choice":"Obtained Relic","damage_taken":0,"relics_obtained":["Pear"],"max_hp_gain":0,"max_hp_loss":0,"event_name":"Addict","floor":31,"gold_loss":85},{"cards_removed":["Strike_B"],"damage_healed":0,"gold_gain":0,"player_choice":"Offered Basic","damage_taken":0,"max_hp_gain":0,"max_hp_loss":0,"event_name":"Bonfire Elementals","floor":37,"gold_loss":0},{"damage_healed":0,"gold_gain":100,"player_choice":"Pray","damage_taken":0,"max_hp_gain":0,"max_hp_loss":0,"event_name":"Golden Shrine","floor":41,"gold_loss":0},{"damage_healed":0,"gold_gain":0,"player_choice":"Fight","damage_taken":0,"max_hp_gain":0,"max_hp_loss":0,"event_name":"MindBloom","floor":45,"gold_loss":0},{"damage_healed":0,"gold_gain":0,"player_choice":"Paid","damage_taken":0,"relics_obtained":["Red Mask"],"max_hp_gain":0,"max_hp_loss":0,"event_name":"Tomb of Lord Red Mask","floor":46,"gold_loss":338}],"is_beta":false,"boss_relics":[{"not_picked":["Empty Cage","Orrery"],"picked":"Sozu"},{"not_picked":["Runic Dome","Runic Pyramid"],"picked":"Lizard Tail"}],"items_purged_floors":[4,22],"is_endless":false,"potions_floor_spawned":[3,14,16,21,24,28,33,35,44,48],"ascension_level":2}