{"gold_per_floor":[119,394,407,427,442,442,477,487,487,515,515,543,556,556],"floor_reached":14,"playtime":495,"items_purged":[],"score":146,"play_id":"d3bf9122-2021-4882-a097-5966d448d740","local_time":"20190212174019","is_ascension_mode":true,"campfire_choices":[{"data":"Envenom","floor":6,"key":"SMITH"}],"neow_cost":"NONE","seed_source_timestamp":778516038070974,"circlet_count":0,"master_deck":["Defend_G","Defend_G","Defend_G","Defend_G","Defend_G","Strike_G","Strike_G","Strike_G","Strike_G","Strike_G","Survivor","Neutralize","Backflip","Regret","Cloak And Dagger","Footwork","Envenom+1","Blade Dance","Acrobatics","Well Laid Plans","Caltrops","Poisoned Stab"],"relics":["Ring of the Snake","NeowsBlessing","Oddly Smooth Stone","Strawberry","Du-Vu Doll"],"potions_floor_usage":[7,8,10,12,14],"damage_taken":[{"damage":0,"enemies":"Cultist","floor":1,"turns":1},{"damage":0,"enemies":"2 Louse","floor":3,"turns":1},{"damage":0,"enemies":"Small Slimes","floor":4,"turns":1},{"damage":1,"enemies":"Blue Slaver","floor":5,"turns":7},{"damage":17,"enemies":"Lagavulin","floor":7,"turns":6},{"damage":4,"enemies":"2 Fungi Beasts","floor":8,"turns":2},{"damage":30,"enemies":"3 Sentries","floor":10,"turns":9},{"damage":30,"enemies":"Lagavulin","floor":12,"turns":7},{"damage":12,"enemies":"Gremlin Gang","floor":13,"turns":9},{"damage":5,"enemies":"Lots of Slimes","floor":14,"turns":2}],"seed_played":"4478245382012450655","potions_obtained":[{"floor":3,"key":"AttackPotion"},{"floor":4,"key":"SkillPotion"},{"floor":5,"key":"SkillPotion"},{"floor":7,"key":"Ancient Potion"},{"floor":10,"key":"SkillPotion"}],"is_trial":false,"path_per_floor":["M","?","M","M","M","R","E","M","T","E","?","E","M","M"],"character_chosen":"THE_SILENT","items_purchased":[],"campfire_rested":0,"item_purchase_floors":[],"current_hp_per_floor":[63,63,63,63,62,62,45,41,41,18,43,13,1,0],"gold":556,"neow_bonus":"THREE_ENEMY_KILL","is_prod":false,"is_daily":false,"chose_seed":false,"campfire_upgraded":1,"win_rate":0,"timestamp":1550018419,"path_taken":["M","?","M","M","?","R","E","?","T","E","?","E","M","M"],"build_version":"2019-01-23","purchased_purges":0,"victory":false,"max_hp_per_floor":[70,70,70,70,70,70,70,70,70,77,77,77,77,77],"card_choices":[{"not_picked":["Sucker Punch","Acrobatics"],"picked":"Backflip","floor":1},{"not_picked":["Tactician","Blade Dance"],"picked":"Cloak And Dagger","floor":3},{"not_picked":["Deadly Poison","Heel Hook"],"picked":"Footwork","floor":4},{"not_picked":["Infinite Blades","Flying Knee"],"picked":"Envenom","floor":5},{"not_picked":["Skewer","Eviscerate"],"picked":"Blade Dance","floor":7},{"not_picked":["Prepared","PiercingWail"],"picked":"Acrobatics","floor":8},{"not_picked":["Flechettes","Cloak And Dagger"],"picked":"Well Laid Plans","floor":10},{"not_picked":["Well Laid Plans","Adrenaline"],"picked":"Caltrops","floor":12},{"not_picked":["Dodge and Roll","Acrobatics"],"picked":"Poisoned Stab","floor":13}],"player_experience":356368,"relics_obtained":[{"floor":7,"key":"Oddly Smooth Stone"},{"floor":10,"key":"Strawberry"},{"floor":12,"key":"Du-Vu Doll"}],"event_choices":[{"damage_healed":0,"gold_gain":275,"player_choice":"Desecrate","damage_taken":0,"max_hp_gain":0,"max_hp_loss":0,"event_name":"Golden Shrine","floor":2,"gold_loss":0,"cards_obtained":["Regret"]},{"damage_healed":25,"gold_gain":0,"player_choice":"Banana","damage_taken":0,"max_hp_gain":0,"max_hp_loss":0,"event_name":"Big Fish","floor":11,"gold_loss":0}],"is_beta":false,"boss_relics":[],"items_purged_floors":[],"is_endless":false,"potions_floor_spawned":[3,4,5,7,10],"killed_by":"Lots of Slimes","ascension_level":6}