{"gold_per_floor":[111,131,148,167,167,192,205,232,232,242,242,256,291,309,309,407,407,427,427,447,447,80,80,80,80,131,147,159,159,159,170,170,265,265,282,300,312,362,77,77,112,130,154,154,204,265,279,329,329,329],"floor_reached":50,"playtime":2663,"items_purged":[],"score":722,"play_id":"dd1cf555-177d-4fe0-a2cc-b80dcf59e77e","local_time":"20190503193620","is_ascension_mode":true,"campfire_choices":[{"floor":11.0,"key":"REST"},{"floor":15.0,"key":"REST"},{"data":"Terror","floor":23.0,"key":"SMITH"},{"floor":25.0,"key":"REST"},{"floor":29.0,"key":"REST"},{"floor":32.0,"key":"REST"},{"floor":40.0,"key":"REST"},{"floor":44.0,"key":"REST"},{"floor":49,"key":"REST"}],"neow_cost":"NONE","seed_source_timestamp":491304471321300,"circlet_count":0,"master_deck":["Defend_G+1","Defend_G+1","Defend_G+1","Defend_G+1","Defend_G+1","Strike_G+1","Strike_G+1","Strike_G+1","Strike_G+1","Survivor","Neutralize+1","Backstab","PiercingWail","Cloak And Dagger","Dagger Throw","Terror+1","Sucker Punch","Noxious Fumes","Footwork","Deadly Poison","Poisoned Stab","Caltrops","Die Die Die","Dodge and Roll+1","Backstab","PiercingWail+1","All Out Attack+1","Envenom","Finisher+1","Deflect+1","Deadly Poison+1","Backflip+1","Bandage Up+1","Noxious Fumes+1","Regret","Trip+1","Parasite","Burst+1","Normality"],"special_seed":0,"relics":["Ring of the Snake","NeowsBlessing","Tingsha","Dodecahedron","Mercury Hourglass","Toxic Egg 2","White Beast Statue","Mango","PreservedInsect","SsserpentHead","Cursed Key","Bag of Marbles","Darkstone Periapt","Oddly Smooth Stone","Orichalcum"],"potions_floor_usage":[46,50,50,50,50,50,50],"damage_taken":[{"damage":0.0,"enemies":"Cultist","floor":1.0,"turns":1.0},{"damage":0.0,"enemies":"Small Slimes","floor":2.0,"turns":1.0},{"damage":0.0,"enemies":"Jaw Worm","floor":3.0,"turns":1.0},{"damage":10.0,"enemies":"Large Slime","floor":4.0,"turns":9.0},{"damage":21.0,"enemies":"3 Sentries","floor":6.0,"turns":10.0},{"damage":5.0,"enemies":"2 Fungi Beasts","floor":7.0,"turns":3.0},{"damage":18.0,"enemies":"Lagavulin","floor":8.0,"turns":7.0},{"damage":3.0,"enemies":"Exordium Thugs","floor":10.0,"turns":3.0},{"damage":6.0,"enemies":"Looter","floor":12.0,"turns":2.0},{"damage":10.0,"enemies":"3 Sentries","floor":13.0,"turns":6.0},{"damage":0.0,"enemies":"Red Slaver","floor":14.0,"turns":3.0},{"damage":24.0,"enemies":"Slime Boss","floor":16.0,"turns":9.0},{"damage":15.0,"enemies":"Shell Parasite","floor":18.0,"turns":5.0},{"damage":22.0,"enemies":"3 Byrds","floor":20.0,"turns":4.0},{"damage":0.0,"enemies":"Colosseum Slavers","floor":24.0,"turns":3.0},{"damage":14.0,"enemies":"Centurion and Healer","floor":27.0,"turns":7.0},{"damage":18.0,"enemies":"Shelled Parasite and Fungi","floor":28.0,"turns":5.0},{"damage":4.0,"enemies":"Snake Plant","floor":31.0,"turns":4.0},{"damage":45.0,"enemies":"Automaton","floor":33.0,"turns":10.0},{"damage":20.0,"enemies":"3 Darklings","floor":35.0,"turns":5.0},{"damage":1.0,"enemies":"Orb Walker","floor":36.0,"turns":4.0},{"damage":33.0,"enemies":"Transient","floor":37.0,"turns":5.0},{"damage":24.0,"enemies":"Reptomancer","floor":41.0,"turns":4.0},{"damage":14.0,"enemies":"4 Shapes","floor":42.0,"turns":5.0},{"damage":32,"enemies":"Writhing Mass","floor":46,"turns":5},{"damage":11,"enemies":"Sphere and 2 Shapes","floor":47,"turns":4},{"damage":55,"enemies":"Time Eater","floor":50,"turns":4}],"seed_played":"3116185723501129137","potions_obtained":[{"floor":3.0,"key":"FearPotion"},{"floor":6.0,"key":"GhostInAJar"},{"floor":7.0,"key":"Energy Potion"},{"floor":8.0,"key":"Weak Potion"},{"floor":13.0,"key":"Strength Potion"},{"floor":18.0,"key":"Strength Potion"},{"floor":20.0,"key":"SpeedPotion"},{"floor":27.0,"key":"Poison Potion"},{"floor":28.0,"key":"PowerPotion"},{"floor":33.0,"key":"GhostInAJar"},{"floor":35.0,"key":"AttackPotion"},{"floor":36.0,"key":"Block Potion"},{"floor":37.0,"key":"AttackPotion"},{"floor":41.0,"key":"EntropicBrew"},{"floor":42.0,"key":"LiquidBronze"},{"floor":46,"key":"Dexterity Potion"}],"is_trial":false,"path_per_floor":["M","M","M","M","?","E","M","E","T","M","R","M","E","M","R","B",null,"M","?","M","?","$","R","?","R","T","M","M","R","?","M","R","B",null,"M","M","M","?","$","R","E","M","T","R","?","M","M","T","R","B"],"character_chosen":"THE_SILENT","items_purchased":["Dodge and Roll+1","Mango","Bag of Marbles","Backflip+1","Bandage Up+1"],"campfire_rested":8,"item_purchase_floors":[22,22,39,39,39],"current_hp_per_floor":[63,63,63,53,53,32,27,9,9,6,27,21,11,11,32,8,55,40,27,5,5,19,19,19,45,45,31,13,39,39,35,61,16,71,51,50,17,17,17,43,25,11,17,45,45,25,14,20,52,0],"gold":329,"neow_bonus":"THREE_ENEMY_KILL","is_prod":false,"is_daily":false,"chose_seed":false,"campfire_upgraded":1,"win_rate":0,"timestamp":1556937380,"path_taken":["M","?","M","M","?","E","M","E","T","M","R","M","E","M","R","BOSS","M","?","M","?","$","R","?","R","T","M","M","R","?","M","R","BOSS","M","M","M","?","$","R","E","M","T","R","?","?","M","?","R","BOSS"],"build_version":"2019-01-23","purchased_purges":0,"victory":false,"max_hp_per_floor":[70,70,70,70,70,70,70,70,70,70,70,70,70,70,70,70,70,70,75,75,75,89,89,89,89,89,89,89,89,89,89,89,89,89,89,89,89,89,89,89,89,89,95,95,95,101,101,107,107,107],"card_choices":[{"not_picked":["Flying Knee","Slice"],"picked":"Backstab","floor":1.0},{"not_picked":["Blade Dance","Acrobatics"],"picked":"PiercingWail","floor":2.0},{"not_picked":["All Out Attack","Tools of the Trade"],"picked":"Cloak And Dagger","floor":3.0},{"not_picked":["Finisher","Escape Plan"],"picked":"Dagger Throw","floor":4.0},{"not_picked":["Footwork","Finisher"],"picked":"Terror","floor":6.0},{"not_picked":["Slice","PiercingWail"],"picked":"Sucker Punch","floor":7.0},{"not_picked":["Cloak And Dagger","Accuracy"],"picked":"Noxious Fumes","floor":8.0},{"not_picked":["Heel Hook","Prepared"],"picked":"Footwork","floor":10.0},{"not_picked":["Prepared","Expertise"],"picked":"Deadly Poison","floor":12.0},{"not_picked":["Expertise","Reflex"],"picked":"Poisoned Stab","floor":13.0},{"not_picked":["Noxious Fumes","Riddle With Holes"],"picked":"Caltrops","floor":14.0},{"not_picked":["Grand Finale","Night Terror+1"],"picked":"Die Die Die","floor":16.0},{"not_picked":["Setup+1","Flying Knee","Heel Hook"],"picked":"SKIP","floor":18.0},{"not_picked":["Setup+1","Dagger Spray","Choke"],"picked":"SKIP","floor":20.0},{"not_picked":["Outmaneuver+1","Backflip+1"],"picked":"Backstab","floor":27.0},{"not_picked":["Poisoned Stab","Deadly Poison+1"],"picked":"PiercingWail+1","floor":28.0},{"not_picked":["Quick Slash","PiercingWail+1"],"picked":"All Out Attack+1","floor":31.0},{"not_picked":["Tools of the Trade","Night Terror+1"],"picked":"Envenom","floor":33.0},{"not_picked":["Escape Plan+1","Slice"],"picked":"Finisher+1","floor":35.0},{"not_picked":["Flechettes","Expertise+1"],"picked":"Deflect+1","floor":36.0},{"not_picked":["Terror+1","Deflect+1"],"picked":"Deadly Poison+1","floor":37.0},{"not_picked":["Poisoned Stab+1","Infinite Blades"],"picked":"Noxious Fumes+1","floor":41.0},{"not_picked":["Tactician+1","Flying Knee+1","Sucker Punch"],"picked":"SKIP","floor":42.0},{"not_picked":["Deflect+1","Bane+1"],"picked":"Burst+1","floor":46},{"not_picked":["Sucker Punch+1","Bane","Dodge and Roll+1"],"picked":"SKIP","floor":47}],"player_experience":1196160,"relics_obtained":[{"floor":6.0,"key":"Tingsha"},{"floor":8.0,"key":"Dodecahedron"},{"floor":9.0,"key":"Mercury Hourglass"},{"floor":13.0,"key":"Toxic Egg 2"},{"floor":26.0,"key":"PreservedInsect"},{"floor":41.0,"key":"Darkstone Periapt"},{"floor":43.0,"key":"Oddly Smooth Stone"},{"floor":48,"key":"Orichalcum"}],"event_choices":[{"damage_healed":0.0,"max_hp_gain":0.0,"max_hp_loss":0.0,"gold_gain":0.0,"event_name":"Living Wall","player_choice":"Grow","floor":5.0,"gold_loss":0.0,"damage_taken":0.0,"cards_upgraded":["Neutralize"]},{"damage_healed":0.0,"max_hp_gain":5.0,"max_hp_loss":0.0,"gold_gain":0.0,"event_name":"Forgotten Altar","player_choice":"Shed Blood","floor":19.0,"gold_loss":0.0,"damage_taken":18.0},{"damage_healed":0.0,"max_hp_gain":0.0,"max_hp_loss":0.0,"gold_gain":0.0,"event_name":"Back to Basics","player_choice":"Simplicity","floor":21.0,"gold_loss":0.0,"damage_taken":0.0,"cards_upgraded":["Defend_G","Defend_G","Defend_G","Defend_G","Defend_G","Strike_G","Strike_G","Strike_G","Strike_G","Strike_G"]},{"damage_healed":0.0,"max_hp_gain":0.0,"max_hp_loss":0.0,"gold_gain":0.0,"event_name":"Colosseum","player_choice":"Fight","floor":24.0,"gold_loss":0.0,"damage_taken":0.0},{"damage_healed":0.0,"max_hp_gain":0.0,"max_hp_loss":0.0,"gold_gain":0.0,"event_name":"Colosseum","player_choice":"Fled From Nobs","floor":24.0,"gold_loss":0.0,"damage_taken":0.0},{"damage_healed":0.0,"max_hp_gain":0.0,"max_hp_loss":0.0,"gold_gain":0.0,"event_name":"FaceTrader","player_choice":"Trade","floor":30.0,"gold_loss":0.0,"damage_taken":0.0,"relics_obtained":["SsserpentHead"]},{"cards_removed":["Strike_G"],"damage_healed":0.0,"max_hp_gain":0.0,"max_hp_loss":0.0,"gold_gain":0.0,"event_name":"Falling","player_choice":"Removed Attack","floor":38.0,"gold_loss":0.0,"damage_taken":0.0},{"damage_healed":0,"gold_gain":0,"player_choice":"1 cards matched","damage_taken":0,"max_hp_gain":0,"max_hp_loss":0,"event_name":"Match and Keep!","floor":45,"gold_loss":0,"cards_obtained":["Trip"]}],"is_beta":false,"boss_relics":[{"not_picked":["Eternal Feather","Tiny House"],"picked":"White Beast Statue"},{"not_picked":["Astrolabe","construct:ClawGrip"],"picked":"Cursed Key"}],"items_purged_floors":[],"is_endless":false,"potions_floor_spawned":[3,6,7,8,12,13,18,20,24,27,28,31,33,35,36,37,41,42,46,47],"killed_by":"Time Eater","ascension_level":6}