{"gold_per_floor":[112,112,129,304,29,59,59,91,91,23,51,51,126,140,140,140],"floor_reached":16,"playtime":401,"items_purged":["Doubt"],"score":168,"play_id":"590f2a51-67e8-413d-be4e-053a09b5f134","local_time":"20190320214926","is_ascension_mode":true,"campfire_choices":[{"data":"Footwork","floor":7,"key":"SMITH"},{"floor":12,"key":"REST"},{"floor":15,"key":"REST"}],"neow_cost":"NONE","seed_source_timestamp":81015759319291,"circlet_count":0,"master_deck":["Defend_G","Defend_G","Defend_G","Defend_G","Strike_G","Strike_G","Strike_G","Strike_G","Strike_G","Survivor","Neutralize","Footwork+1","Deadly Poison","Wraith Form v2","Dagger Spray","Noxious Fumes","Acrobatics","Backflip"],"relics":["Ring of the Snake","TwistedFunnel","Gremlin Horn","Potion Belt","Ornamental Fan","Oddly Smooth Stone"],"potions_floor_usage":[11,16],"damage_taken":[{"damage":0,"enemies":"Small Slimes","floor":1,"turns":4},{"damage":3,"enemies":"Cultist","floor":3,"turns":5},{"damage":30,"enemies":"Gremlin Nob","floor":6,"turns":5},{"damage":17,"enemies":"3 Sentries","floor":8,"turns":13},{"damage":18,"enemies":"Gremlin Nob","floor":11,"turns":4},{"damage":0,"enemies":"2 Louse","floor":14,"turns":2},{"damage":27,"enemies":"Slime Boss","floor":16,"turns":10}],"seed_played":"-4601156423693592986","potions_obtained":[{"floor":6,"key":"FearPotion"},{"floor":11,"key":"Block Potion"}],"is_trial":false,"path_per_floor":["M","?","M","?","$","E","R","E","T","$","E","R","?","M","R","B"],"character_chosen":"THE_SILENT","items_purchased":["TwistedFunnel","Noxious Fumes"],"campfire_rested":2,"item_purchase_floors":[5,10],"current_hp_per_floor":[70,70,67,67,67,37,37,20,20,20,2,25,14,14,37,10],"gold":140,"neow_bonus":"TEN_PERCENT_HP_BONUS","is_prod":false,"is_daily":false,"chose_seed":false,"campfire_upgraded":1,"win_rate":0,"timestamp":1553140166,"path_taken":["M","?","?","?","$","E","R","E","T","$","E","R","?","?","R","BOSS"],"build_version":"2019-01-23","purchased_purges":1,"victory":false,"max_hp_per_floor":[77,77,77,77,77,77,77,77,77,77,77,77,77,77,77,77],"card_choices":[{"not_picked":["Dagger Throw","Deflect"],"picked":"Footwork","floor":1},{"not_picked":["All Out Attack","Outmaneuver"],"picked":"Deadly Poison","floor":3},{"not_picked":["Cloak And Dagger","Catalyst"],"picked":"Wraith Form v2","floor":6},{"not_picked":["Deflect","Predator"],"picked":"Dagger Spray","floor":8},{"not_picked":["Quick Slash","Dagger Spray"],"picked":"Acrobatics","floor":11},{"not_picked":["Prepared","Underhanded Strike"],"picked":"Backflip","floor":14}],"player_experience":431084,"relics_obtained":[{"floor":6,"key":"Gremlin Horn"},{"floor":8,"key":"Potion Belt"},{"floor":9,"key":"Ornamental Fan"},{"floor":11,"key":"Oddly Smooth Stone"}],"event_choices":[{"cards_removed":["Defend_G"],"damage_healed":0,"gold_gain":0,"player_choice":"Card Removal","damage_taken":0,"max_hp_gain":0,"max_hp_loss":0,"event_name":"Wheel of Change","floor":2,"gold_loss":0},{"damage_healed":0,"gold_gain":175,"player_choice":"AGREE","damage_taken":0,"max_hp_gain":0,"max_hp_loss":0,"event_name":"Liars Game","floor":4,"gold_loss":0,"cards_obtained":["Doubt"]},{"damage_healed":0,"gold_gain":75,"player_choice":"Gather Gold","damage_taken":11,"max_hp_gain":0,"max_hp_loss":0,"event_name":"World of Goop","floor":13,"gold_loss":0}],"is_beta":false,"boss_relics":[],"items_purged_floors":[5],"is_endless":false,"potions_floor_spawned":[6,11],"killed_by":"Slime Boss","ascension_level":9}