{"gold_per_floor":[115,290,12,12,25,25,100,100,100,100,140,140,156,11,11,141,204,225,248,13,27,40,40,40,6,6,22,22,22,36,61,61,184,184,205,220,4,4,25,25,38,38,90,90,109,125,125,125],"floor_reached":48,"playtime":3307,"items_purged":["Doubt","Strike_B","Strike_B"],"score":594,"play_id":"1f313bec-1164-4254-a7d6-8b25a3d74086","local_time":"20190927201321","is_ascension_mode":true,"campfire_choices":[{"data":"Coolheaded","floor":6.0,"key":"SMITH"},{"data":"Cold Snap","floor":8.0,"key":"SMITH"},{"data":"Zap","floor":10.0,"key":"SMITH"},{"data":"Dualcast","floor":12.0,"key":"SMITH"},{"data":"1","floor":15.0,"key":"LIFT"},{"data":"Stack","floor":23.0,"key":"SMITH"},{"data":"Loop","floor":28.0,"key":"SMITH"},{"floor":32,"key":"REST"},{"floor":40,"key":"REST"},{"data":"Fission","floor":44,"key":"SMITH"}],"neow_cost":"NONE","seed_source_timestamp":5112311202300,"circlet_count":0,"master_deck":["Strike_B","Defend_B","Defend_B","Defend_B+1","Defend_B","Zap+1","Dualcast+1","Cold Snap+1","Coolheaded+1","Chill","Machine Learning","Stack+1","Conserve Battery","Leap","Electrodynamics","Loop+1","Cold Snap+1","Buffer","Cold Snap+1","Glacier","Fission+1","Go for the Eyes+1","Coolheaded+1","White Noise","Ball Lightning+1","Zap","Creative AI","Loop+1","Redo+1","Barrage+1","Ball Lightning+1"],"special_seed":0,"relics":["Cracked Core","NeowsBlessing","Dream Catcher","Golden Idol","Girya","Juzu Bracelet","Blood Vial","Tiny House","Molten Egg 2","Inserter","Omamori"],"potions_floor_usage":[33,35,36,36,45,45],"damage_taken":[{"damage":0.0,"enemies":"2 Louse","floor":1.0,"turns":1.0},{"damage":0.0,"enemies":"Small Slimes","floor":5.0,"turns":1.0},{"damage":0.0,"enemies":"Gremlin Nob","floor":11.0,"turns":1.0},{"damage":2.0,"enemies":"Jaw Worm","floor":13.0,"turns":2.0},{"damage":34.0,"enemies":"Hexaghost","floor":16.0,"turns":12.0},{"damage":2.0,"enemies":"Spheric Guardian","floor":18.0,"turns":4.0},{"damage":9.0,"enemies":"Shell Parasite","floor":19.0,"turns":6.0},{"damage":0.0,"enemies":"Snecko","floor":21.0,"turns":6.0},{"damage":2.0,"enemies":"Shelled Parasite and Fungi","floor":22.0,"turns":8.0},{"damage":5.0,"enemies":"Centurion and Healer","floor":27.0,"turns":9.0},{"damage":6.0,"enemies":"Colosseum Slavers","floor":29.0,"turns":6.0},{"damage":5.0,"enemies":"3 Cultists","floor":30.0,"turns":4.0},{"damage":11.0,"enemies":"Shelled Parasite and Fungi","floor":31.0,"turns":8.0},{"damage":18,"enemies":"Automaton","floor":33,"turns":14},{"damage":1,"enemies":"Orb Walker","floor":35,"turns":5},{"damage":20,"enemies":"3 Darklings","floor":36,"turns":5},{"damage":11,"enemies":"Sphere and 2 Shapes","floor":39,"turns":5},{"damage":8,"enemies":"Maw","floor":41,"turns":9},{"damage":14,"enemies":"Spire Growth","floor":45,"turns":7},{"damage":62,"enemies":"Jaw Worm Horde","floor":46,"turns":3},{"damage":0,"enemies":"Reptomancer","floor":48,"turns":1}],"seed_played":"-3778862886994958766","potions_obtained":[{"floor":5.0,"key":"SkillPotion"},{"floor":13.0,"key":"SneckoOil"},{"floor":16.0,"key":"PowerPotion"},{"floor":21.0,"key":"Swift Potion"},{"floor":22.0,"key":"EntropicBrew"},{"floor":27.0,"key":"AttackPotion"},{"floor":33,"key":"Energy Potion"},{"floor":39,"key":"Energy Potion"},{"floor":46,"key":"SpeedPotion"}],"is_trial":false,"path_per_floor":["M","?","$","?","M","R","?","R","T","R","E","R","M","$","R","B",null,"M","M","$","M","M","R","?","$","T","M","R","?","M","M","R","B",null,"M","M","$","?","M","R","M","?","T","R","M","M","?","E"],"character_chosen":"DEFECT","items_purchased":["Coolheaded","Dream Catcher","Blood Vial","Electrodynamics","Loop","White Noise","Ball Lightning+1"],"campfire_rested":2,"item_purchase_floors":[3,3,14,20,25,37,37],"current_hp_per_floor":[68,68,68,68,68,68,57,57,57,57,57,57,55,55,55,23,63,63,56,56,58,58,58,58,58,58,55,55,51,48,39,61,45,67,68,50,50,50,41,63,57,57,57,57,45,10,10,12],"gold":125,"neow_bonus":"THREE_ENEMY_KILL","is_prod":false,"is_daily":false,"chose_seed":false,"campfire_upgraded":7,"win_rate":0,"timestamp":1569611601,"path_taken":["M","?","$","?","M","R","?","R","T","R","E","R","M","?","R","BOSS","M","M","$","M","M","R","?","?","T","M","R","?","M","M","R","BOSS","M","M","$","?","M","R","M","?","T","R","M","M","?","E"],"build_version":"2019-09-26","purchased_purges":3,"victory":false,"max_hp_per_floor":[75,75,75,69,69,69,69,69,69,69,69,69,69,69,69,69,74,74,74,74,74,74,74,74,74,74,74,74,74,74,74,74,74,74,74,74,74,74,74,74,74,70,70,70,70,70,70,70],"card_choices":[{"not_picked":["Barrage","Conserve Battery"],"picked":"Cold Snap","floor":1.0},{"not_picked":["Redo","Chaos","Force Field"],"picked":"SKIP","floor":5.0},{"not_picked":["Beam Cell","Melter"],"picked":"FTL","floor":11.0},{"not_picked":["Stack","Turbo"],"picked":"Chill","floor":13.0},{"not_picked":["Thunder Strike","Seek"],"picked":"Machine Learning","floor":16.0},{"not_picked":["Steam","Streamline"],"picked":"Stack","floor":17.0},{"not_picked":["Compile Driver","Tempest"],"picked":"Conserve Battery","floor":18.0},{"not_picked":["Rebound","Steam"],"picked":"Leap","floor":19.0},{"not_picked":["Rebound+1","Skim","Rip and Tear"],"picked":"SKIP","floor":21.0},{"not_picked":["Redo","Streamline","Conserve Battery+1"],"picked":"SKIP","floor":22.0},{"not_picked":["Force Field","Gash+1"],"picked":"Cold Snap+1","floor":27.0},{"not_picked":["Aggregate","Cold Snap+1"],"picked":"Buffer","floor":30.0},{"not_picked":["Stack","Hello World"],"picked":"Cold Snap+1","floor":31.0},{"not_picked":["Leap+1","Double Energy"],"picked":"Glacier","floor":32},{"not_picked":["Reboot","Amplify"],"picked":"Fission","floor":33},{"not_picked":["Beam Cell+1","Hologram"],"picked":"Go for the Eyes+1","floor":35},{"not_picked":["Rebound+1","Auto Shields"],"picked":"Coolheaded+1","floor":36},{"not_picked":["Streamline+1","Sweeping Beam+1","Leap+1"],"picked":"SKIP","floor":39},{"not_picked":["Gash+1","Barrage+1"],"picked":"Loop+1","floor":40},{"not_picked":["Rainbow","Hologram"],"picked":"Redo+1","floor":41},{"not_picked":["Compile Driver+1","Go for the Eyes+1"],"picked":"Barrage+1","floor":45},{"not_picked":["Reboot","FTL+1"],"picked":"Ball Lightning+1","floor":46}],"player_experience":259206,"relics_obtained":[{"floor":9.0,"key":"Girya"},{"floor":11.0,"key":"Juzu Bracelet"},{"floor":26.0,"key":"Molten Egg 2"},{"floor":43,"key":"Omamori"}],"event_choices":[{"damage_healed":0.0,"max_hp_gain":0.0,"max_hp_loss":0.0,"gold_gain":175.0,"event_name":"Liars Game","player_choice":"AGREE","floor":2.0,"gold_loss":0.0,"damage_taken":0.0,"cards_obtained":["Doubt"]},{"damage_healed":0.0,"max_hp_gain":0.0,"max_hp_loss":6.0,"gold_gain":0.0,"event_name":"Golden Idol","player_choice":"Lose Max HP","floor":4.0,"gold_loss":0.0,"damage_taken":0.0,"relics_obtained":["Golden Idol"]},{"damage_healed":0.0,"max_hp_gain":0.0,"max_hp_loss":0.0,"gold_gain":75.0,"event_name":"World of Goop","player_choice":"Gather Gold","floor":7.0,"gold_loss":0.0,"damage_taken":11.0},{"cards_removed":["Strike_B"],"damage_healed":0.0,"max_hp_gain":0.0,"max_hp_loss":0.0,"gold_gain":0.0,"event_name":"Bonfire Elementals","player_choice":"Offered Basic","floor":24.0,"gold_loss":0.0,"damage_taken":0.0},{"damage_healed":0.0,"max_hp_gain":0.0,"max_hp_loss":0.0,"gold_gain":0.0,"event_name":"Colosseum","player_choice":"Fight","floor":29.0,"gold_loss":0.0,"damage_taken":0.0},{"damage_healed":0.0,"max_hp_gain":0.0,"max_hp_loss":0.0,"gold_gain":0.0,"event_name":"Colosseum","player_choice":"Fled From Nobs","floor":29.0,"gold_loss":0.0,"damage_taken":0.0},{"damage_healed":0,"gold_gain":0,"player_choice":"2 cards matched","damage_taken":0,"max_hp_gain":0,"max_hp_loss":0,"event_name":"Match and Keep!","floor":38,"gold_loss":0,"cards_obtained":["Zap","Creative AI"]},{"damage_healed":0,"gold_gain":0,"player_choice":"Max HP","damage_taken":0,"max_hp_gain":0,"max_hp_loss":4,"event_name":"Winding Halls","floor":42,"gold_loss":0},{"cards_removed":["FTL"],"damage_healed":0,"gold_gain":0,"player_choice":"Removed Attack","damage_taken":0,"max_hp_gain":0,"max_hp_loss":0,"event_name":"Falling","floor":47,"gold_loss":0}],"is_beta":true,"boss_relics":[{"not_picked":["Busted Crown","FrozenCore"],"picked":"Tiny House"},{"not_picked":["SacredBark","SlaversCollar"],"picked":"Inserter"}],"items_purged_floors":[3,20,37],"is_endless":false,"potions_floor_spawned":[5,13,16,21,22,27,33,39,46],"killed_by":"Reptomancer","ascension_level":6}