{"gold_per_floor":[115,128,141,155,155,155,214,214,214,242,242,242,256,6,6,130,130,153,171,191,106,131,131,131,154,178,202,202,5,32,0,0,128,128,144,169,188,201,219,239,253,253,278,278,18,18,351,351,351,351],"floor_reached":51,"playtime":1319,"items_purged":["Injury"],"score":724,"play_id":"d27ae4c5-f44e-40f1-a4a3-5f4dd5100263","local_time":"20190401205120","is_ascension_mode":false,"campfire_choices":[{"data":"True Grit","floor":6,"key":"SMITH"},{"data":"Bash","floor":8,"key":"SMITH"},{"data":"Spot Weakness","floor":15,"key":"SMITH"},{"floor":23,"key":"REST"},{"floor":28,"key":"REST"},{"data":"Limit Break","floor":32,"key":"SMITH"},{"floor":42,"key":"REST"},{"floor":46,"key":"REST"},{"floor":49,"key":"REST"}],"neow_cost":"NONE","seed_source_timestamp":71295803529000,"circlet_count":0,"master_deck":["Strike_R+1","Strike_R+1","Strike_R+1","Strike_R+1","Strike_R+1","Defend_R+1","Defend_R+1","Defend_R+1","Defend_R+1","Bash+1","Inflame+1","Battle Trance+1","True Grit+1","Spot Weakness+1","Headbutt+1","Headbutt+1","Iron Wave+1","Limit Break+1","Inflame+1","Seeing Red+1","Disarm+1","Impervious+1","Anger+1","Immolate+1","Pommel Strike+1","Shockwave+1","Twin Strike+1","True Grit+1"],"relics":["Burning Blood","NeowsBlessing","Tiny Chest","Happy Flower","Odd Mushroom","Juzu Bracelet","Sozu","Letter Opener","Strawberry","Bronze Scales","PreservedInsect","Pen Nib","Runic Dome","Ancient Tea Set","Pear","Mark of the Bloom"],"potions_floor_usage":[22,50,50],"damage_taken":[{"damage":0,"enemies":"2 Louse","floor":1,"turns":1},{"damage":0,"enemies":"Small Slimes","floor":2,"turns":1},{"damage":0,"enemies":"Jaw Worm","floor":3,"turns":1},{"damage":26,"enemies":"Lots of Slimes","floor":4,"turns":5},{"damage":27,"enemies":"Lagavulin","floor":7,"turns":7},{"damage":21,"enemies":"The Mushroom Lair","floor":10,"turns":5},{"damage":2,"enemies":"Looter","floor":13,"turns":3},{"damage":27,"enemies":"Hexaghost","floor":16,"turns":7},{"damage":15,"enemies":"Spheric Guardian","floor":18,"turns":5},{"damage":15,"enemies":"Chosen","floor":19,"turns":4},{"damage":26,"enemies":"Snake Plant","floor":20,"turns":4},{"damage":20,"enemies":"Sentry and Sphere","floor":22,"turns":4},{"damage":40,"enemies":"Colosseum Slavers","floor":24,"turns":5},{"damage":10,"enemies":"Cultist and Chosen","floor":27,"turns":5},{"damage":43,"enemies":"Champ","floor":33,"turns":8},{"damage":19,"enemies":"3 Darklings","floor":35,"turns":4},{"damage":5,"enemies":"Orb Walker","floor":36,"turns":4},{"damage":10,"enemies":"4 Shapes","floor":37,"turns":3},{"damage":0,"enemies":"Transient","floor":38,"turns":5},{"damage":34,"enemies":"Jaw Worm Horde","floor":39,"turns":3},{"damage":9,"enemies":"Spire Growth","floor":40,"turns":5},{"damage":25,"enemies":"Maw","floor":41,"turns":6},{"damage":94,"enemies":"Awakened One","floor":50,"turns":7}],"seed_played":"-4389496981273259949","potions_obtained":[{"floor":1,"key":"FearPotion"},{"floor":3,"key":"PowerPotion"},{"floor":13,"key":"BloodPotion"}],"is_trial":false,"path_per_floor":["M","M","M","M","?","R","E","R","T","?","?","?","M","$","R","B",null,"M","M","M","?","M","R","?","T","T","M","R","$","T","?","R","B",null,"M","M","M","M","M","M","M","R","T","?","$","R","?","?","R","B",null],"character_chosen":"IRONCLAD","items_purchased":["Juzu Bracelet","Iron Wave","PreservedInsect","Anger","Pear"],"campfire_rested":5,"item_purchase_floors":[14,14,29,29,45],"current_hp_per_floor":[80,80,80,60,65,65,44,44,44,29,29,29,33,33,33,12,85,76,67,47,47,41,66,32,39,39,35,62,62,62,62,62,25,92,79,80,76,82,54,51,32,59,59,59,69,99,99,99,99,5],"gold":351,"neow_bonus":"THREE_ENEMY_KILL","is_prod":false,"is_daily":false,"chose_seed":false,"campfire_upgraded":4,"win_rate":0,"timestamp":1554177080,"path_taken":["M","M","M","M","?","R","E","R","T","?","?","?","M","$","R","BOSS","M","M","M","?","M","R","?","?","T","M","R","$","?","?","R","BOSS","M","M","M","M","M","M","M","R","T","?","$","R","?","?","R","BOSS"],"build_version":"2019-01-23","purchased_purges":1,"victory":true,"max_hp_per_floor":[80,80,80,80,85,85,85,85,85,85,85,85,85,85,85,85,85,85,85,85,85,85,85,85,92,92,92,92,92,92,92,92,92,92,92,92,92,92,92,92,92,92,92,92,102,102,102,102,102,102],"card_choices":[{"not_picked":["Clash","Corruption"],"picked":"Inflame","floor":1},{"not_picked":["Warcry","Body Slam","Blood for Blood"],"picked":"SKIP","floor":2},{"not_picked":["Heavy Blade","Hemokinesis"],"picked":"Battle Trance","floor":3},{"not_picked":["Metallicize","Headbutt"],"picked":"True Grit","floor":4},{"not_picked":["Anger","Shockwave"],"picked":"Spot Weakness","floor":7},{"not_picked":["Perfected Strike","Rupture"],"picked":"Headbutt","floor":10},{"not_picked":["Flex","True Grit"],"picked":"Headbutt","floor":13},{"not_picked":["Impervious","Demon Form"],"picked":"Limit Break","floor":16},{"not_picked":["Sword Boomerang","True Grit"],"picked":"Inflame+1","floor":18},{"not_picked":["Havoc","Armaments","Wild Strike"],"picked":"SKIP","floor":19},{"not_picked":["Havoc","Clash"],"picked":"Seeing Red+1","floor":20},{"not_picked":["Warcry","Feel No Pain"],"picked":"Disarm+1","floor":22},{"not_picked":["True Grit","Clothesline"],"picked":"Impervious","floor":27},{"not_picked":["Offering","Bludgeon"],"picked":"Immolate","floor":33},{"not_picked":["True Grit","Blood for Blood+1"],"picked":"Pommel Strike","floor":35},{"not_picked":["Wild Strike+1","Clash+1","Inflame"],"picked":"SKIP","floor":36},{"not_picked":["Anger+1","Havoc","Pommel Strike"],"picked":"SKIP","floor":37},{"not_picked":["Flex+1","Perfected Strike+1"],"picked":"Brutality","floor":38},{"not_picked":["True Grit","Reckless Charge+1"],"picked":"Shockwave+1","floor":39},{"not_picked":["Perfected Strike","Pommel Strike"],"picked":"Twin Strike+1","floor":40},{"not_picked":["Armaments+1","Heavy Blade+1"],"picked":"True Grit+1","floor":41}],"player_experience":1132164,"relics_obtained":[{"floor":7,"key":"Tiny Chest"},{"floor":9,"key":"Happy Flower"},{"floor":10,"key":"Odd Mushroom"},{"floor":25,"key":"Strawberry"},{"floor":26,"key":"Bronze Scales"},{"floor":30,"key":"Pen Nib"},{"floor":43,"key":"Ancient Tea Set"}],"event_choices":[{"damage_healed":0,"gold_gain":0,"player_choice":"Donut","damage_taken":0,"max_hp_gain":5,"max_hp_loss":0,"event_name":"Big Fish","floor":5,"gold_loss":0},{"damage_healed":0,"gold_gain":0,"player_choice":"Fought Mushrooms","damage_taken":0,"max_hp_gain":0,"max_hp_loss":0,"event_name":"Mushrooms","floor":10,"gold_loss":0},{"damage_healed":0,"gold_gain":0,"player_choice":"Searched \u00271\u0027 times","damage_taken":0,"max_hp_gain":0,"max_hp_loss":0,"event_name":"Dead Adventurer","floor":11,"gold_loss":0},{"damage_healed":0,"gold_gain":0,"player_choice":"Take Wound","damage_taken":0,"relics_obtained":["Golden Idol"],"max_hp_gain":0,"max_hp_loss":0,"event_name":"Golden Idol","floor":12,"gold_loss":0,"cards_obtained":["Injury"]},{"damage_healed":0,"gold_gain":0,"player_choice":"Obtained Relic","damage_taken":0,"relics_obtained":["Letter Opener"],"max_hp_gain":0,"max_hp_loss":0,"event_name":"Addict","floor":21,"gold_loss":85},{"damage_healed":0,"gold_gain":0,"player_choice":"Fight","damage_taken":0,"max_hp_gain":0,"max_hp_loss":0,"event_name":"Colosseum","floor":24,"gold_loss":0},{"damage_healed":0,"gold_gain":0,"player_choice":"Fled From Nobs","damage_taken":0,"max_hp_gain":0,"max_hp_loss":0,"event_name":"Colosseum","floor":24,"gold_loss":0},{"damage_healed":0,"gold_gain":0,"player_choice":"Paid Fearfully","damage_taken":0,"max_hp_gain":0,"max_hp_loss":0,"event_name":"Masked Bandits","floor":31,"gold_loss":32},{"cards_removed":["Brutality"],"damage_healed":0,"gold_gain":0,"player_choice":"Removed Power","damage_taken":0,"max_hp_gain":0,"max_hp_loss":0,"event_name":"Falling","floor":44,"gold_loss":0},{"damage_healed":0,"gold_gain":333,"player_choice":"Gave Idol","damage_taken":0,"max_hp_gain":0,"max_hp_loss":0,"event_name":"The Moai Head","floor":47,"relics_lost":["Golden Idol"],"gold_loss":0},{"damage_healed":0,"gold_gain":0,"player_choice":"Upgrade","damage_taken":0,"relics_obtained":["Mark of the Bloom"],"max_hp_gain":0,"max_hp_loss":0,"event_name":"MindBloom","floor":48,"gold_loss":0,"cards_upgraded":["Strike_R","Strike_R","Strike_R","Strike_R","Strike_R","Defend_R","Defend_R","Defend_R","Defend_R","Inflame","Battle Trance","Headbutt","Headbutt","Iron Wave","Impervious","Anger","Immolate","Pommel Strike"]}],"is_beta":false,"boss_relics":[{"not_picked":["Cursed Key","Calling Bell"],"picked":"Sozu"},{"not_picked":["White Beast Statue","Astrolabe"],"picked":"Runic Dome"}],"items_purged_floors":[14],"is_endless":false,"potions_floor_spawned":[1,3,13,16,18,19,20,22,38,40,41],"ascension_level":0}