{"gold_per_floor":[115,46,60,60,60,100,100,115,165,165,196,196,211,225,225,323,323,344,344,12,27,27,27,42,42,42,42,61,61,80,100,100,193,193,206,222,246,93,117,117,117,132,132,132,132,146,146,169,169,169,169],"floor_reached":51,"playtime":2329,"items_purged":["Sweeping Beam"],"score":1272,"play_id":"005b4726-2989-4909-8267-773a6bc495ba","local_time":"20190329235023","is_ascension_mode":true,"campfire_choices":[{"data":"Zap","floor":7.0,"key":"SMITH"},{"data":"Go for the Eyes","floor":10.0,"key":"SMITH"},{"data":"Loop","floor":15.0,"key":"SMITH"},{"data":"Dualcast","floor":23.0,"key":"SMITH"},{"data":"Coolheaded","floor":25.0,"key":"SMITH"},{"floor":27.0,"key":"REST"},{"floor":29.0,"key":"REST"},{"floor":32.0,"key":"REST"},{"floor":40.0,"key":"REST"},{"floor":44.0,"key":"REST"},{"data":"Creative AI","floor":47.0,"key":"SMITH"},{"floor":49.0,"key":"REST"}],"neow_cost":"NONE","seed_source_timestamp":1061385648200,"circlet_count":0,"master_deck":["AscendersBane","Zap+1","Dualcast+1","Go for the Eyes+1","Consume","Machine Learning","Biased Cognition","Stack","Loop+1","Electrodynamics","Coolheaded+1","Hologram","FTL","Multi-Cast","Creative AI+1","Seek","Leap","Coolheaded","Self Repair","Cold Snap","Echo Form"],"special_seed":0,"relics":["Cracked Core","NeowsBlessing","Pen Nib","Golden Idol","Bronze Scales","Potion Belt","Pantograph","Ornamental Fan","Busted Crown","Oddly Smooth Stone","Bag of Preparation","Symbiotic Virus","Pandora\u0027s Box"],"potions_floor_usage":[],"damage_taken":[{"damage":0.0,"enemies":"Small Slimes","floor":1.0,"turns":1.0},{"damage":0.0,"enemies":"Cultist","floor":3.0,"turns":1.0},{"damage":0.0,"enemies":"Gremlin Nob","floor":6.0,"turns":1.0},{"damage":12.0,"enemies":"2 Louse","floor":8.0,"turns":2.0},{"damage":18.0,"enemies":"Lagavulin","floor":11.0,"turns":7.0},{"damage":9.0,"enemies":"Exordium Wildlife","floor":13.0,"turns":4.0},{"damage":0.0,"enemies":"Blue Slaver","floor":14.0,"turns":4.0},{"damage":32.0,"enemies":"Hexaghost","floor":16.0,"turns":7.0},{"damage":11.0,"enemies":"Spheric Guardian","floor":18.0,"turns":3.0},{"damage":13.0,"enemies":"2 Thieves","floor":21.0,"turns":3.0},{"damage":16.0,"enemies":"Centurion and Healer","floor":24.0,"turns":4.0},{"damage":12.0,"enemies":"Snake Plant","floor":28.0,"turns":3.0},{"damage":7.0,"enemies":"3 Cultists","floor":30.0,"turns":4.0},{"damage":20.0,"enemies":"Centurion and Healer","floor":31.0,"turns":3.0},{"damage":29.0,"enemies":"Collector","floor":33.0,"turns":9.0},{"damage":7.0,"enemies":"Orb Walker","floor":35.0,"turns":2.0},{"damage":16.0,"enemies":"3 Darklings","floor":36.0,"turns":3.0},{"damage":0.0,"enemies":"Jaw Worm Horde","floor":37.0,"turns":3.0},{"damage":28.0,"enemies":"Maw","floor":39.0,"turns":10.0},{"damage":13.0,"enemies":"Sphere and 2 Shapes","floor":42.0,"turns":3.0},{"damage":15.0,"enemies":"4 Shapes","floor":46.0,"turns":3.0},{"damage":1.0,"enemies":"Writhing Mass","floor":48.0,"turns":7.0},{"damage":51.0,"enemies":"Time Eater","floor":50.0,"turns":11.0},{"damage":54,"enemies":"Donu and Deca","floor":51,"turns":2}],"seed_played":"603756002580661783","potions_obtained":[{"floor":6.0,"key":"SteroidPotion"},{"floor":11.0,"key":"Energy Potion"},{"floor":13.0,"key":"Regen Potion"},{"floor":28.0,"key":"FocusPotion"},{"floor":30.0,"key":"FearPotion"},{"floor":33.0,"key":"Ancient Potion"},{"floor":35.0,"key":"Energy Potion"},{"floor":39.0,"key":"Strength Potion"},{"floor":48.0,"key":"SkillPotion"}],"is_trial":false,"path_per_floor":["M","?","M","?","?","E","R","M","T","R","E","?","M","M","R","B",null,"M","?","$","M","?","R","M","R","T","R","M","R","M","M","R","B",null,"M","M","M","$","M","R","?","M","T","R","?","M","R","M","R","B","B"],"character_chosen":"DEFECT","items_purchased":["Oddly Smooth Stone","Bag of Preparation","Self Repair"],"campfire_rested":6,"item_purchase_floors":[20,20,38],"current_hp_per_floor":[64,64,64,64,69,69,69,57,57,57,39,13,4,16,16,9,54,43,43,43,30,30,30,14,14,14,34,22,42,35,15,35,31,60,53,37,37,37,16,36,36,30,30,50,50,35,35,34,54,18,0],"gold":169,"neow_bonus":"THREE_ENEMY_KILL","is_prod":false,"is_daily":false,"chose_seed":false,"campfire_upgraded":6,"win_rate":0,"timestamp":1553928623,"path_taken":["M","?","?","?","?","E","R","M","T","R","E","?","M","M","R","BOSS","M","?","$","M","?","R","M","R","T","R","M","R","M","?","R","BOSS","M","M","M","$","M","R","?","M","T","R","?","?","R","M","R","BOSS","BOSS"],"build_version":"2019-01-23","purchased_purges":1,"victory":false,"max_hp_per_floor":[71,71,71,64,69,69,69,69,69,69,69,69,69,69,69,69,69,69,69,69,69,69,69,69,69,69,69,69,69,69,69,69,69,69,69,69,69,69,69,69,69,69,69,69,69,69,69,69,69,69,69],"card_choices":[{"not_picked":["Rebound","Static Discharge"],"picked":"Go for the Eyes","floor":1.0},{"not_picked":["Leap","Steam"],"picked":"Consume","floor":3.0},{"not_picked":["Streamline","Rebound","Force Field"],"picked":"SKIP","floor":6.0},{"not_picked":["Go for the Eyes","Turbo"],"picked":"Machine Learning","floor":8.0},{"not_picked":["Go for the Eyes","Compile Driver"],"picked":"Biased Cognition","floor":11.0},{"not_picked":["Gash","Reprogram"],"picked":"Stack","floor":13.0},{"not_picked":["Rebound","Sweeping Beam"],"picked":"Loop","floor":14.0},{"not_picked":["All For One","Multi-Cast"],"picked":"Electrodynamics","floor":16.0},{"not_picked":["Chaos"],"picked":"SKIP","floor":18.0},{"not_picked":["Rebound"],"picked":"SKIP","floor":21.0},{"not_picked":[],"picked":"Coolheaded","floor":24.0},{"not_picked":[],"picked":"Hologram","floor":28.0},{"not_picked":["Gash"],"picked":"SKIP","floor":30.0},{"not_picked":[],"picked":"FTL","floor":31.0},{"not_picked":[],"picked":"Coolheaded","floor":35.0},{"not_picked":["Sweeping Beam"],"picked":"SKIP","floor":36.0},{"not_picked":["Beam Cell"],"picked":"SKIP","floor":37.0},{"not_picked":["Streamline"],"picked":"SKIP","floor":39.0},{"not_picked":[],"picked":"Cold Snap","floor":42.0},{"not_picked":["Gash+1"],"picked":"SKIP","floor":46.0},{"not_picked":["Chaos"],"picked":"SKIP","floor":48.0}],"player_experience":1113556,"relics_obtained":[{"floor":6.0,"key":"Bronze Scales"},{"floor":9.0,"key":"Potion Belt"},{"floor":11.0,"key":"Pantograph"},{"floor":26.0,"key":"Symbiotic Virus"}],"event_choices":[{"damage_healed":0.0,"max_hp_gain":0.0,"max_hp_loss":0.0,"gold_gain":0.0,"event_name":"WeMeetAgain","player_choice":"Paid Gold","floor":2.0,"gold_loss":69.0,"damage_taken":0.0,"relics_obtained":["Pen Nib"]},{"damage_healed":0.0,"max_hp_gain":0.0,"max_hp_loss":7.0,"gold_gain":0.0,"event_name":"Golden Idol","player_choice":"Lose Max HP","floor":4.0,"gold_loss":0.0,"damage_taken":0.0,"relics_obtained":["Golden Idol"]},{"damage_healed":0.0,"max_hp_gain":5.0,"max_hp_loss":0.0,"gold_gain":0.0,"event_name":"Big Fish","player_choice":"Donut","floor":5.0,"gold_loss":0.0,"damage_taken":0.0},{"damage_healed":0.0,"max_hp_gain":0.0,"max_hp_loss":0.0,"gold_gain":0.0,"event_name":"Scrap Ooze","player_choice":"Success","floor":12.0,"gold_loss":0.0,"damage_taken":26.0,"relics_obtained":["Ornamental Fan"]},{"damage_healed":0.0,"max_hp_gain":0.0,"max_hp_loss":0.0,"gold_gain":0.0,"event_name":"Back to Basics","player_choice":"Simplicity","floor":19.0,"gold_loss":0.0,"damage_taken":0.0,"cards_upgraded":["Strike_B","Strike_B","Strike_B","Strike_B","Defend_B","Defend_B","Defend_B","Defend_B"]},{"cards_removed":["Strike_B"],"damage_healed":0.0,"max_hp_gain":0.0,"max_hp_loss":0.0,"gold_gain":0.0,"event_name":"Purifier","player_choice":"Purged","floor":22.0,"gold_loss":0.0,"damage_taken":0.0},{"cards_removed":["Turbo"],"damage_healed":0.0,"max_hp_gain":0.0,"max_hp_loss":0.0,"gold_gain":0.0,"event_name":"Falling","player_choice":"Removed Skill","floor":41.0,"gold_loss":0.0,"damage_taken":0.0},{"damage_healed":0.0,"max_hp_gain":0.0,"max_hp_loss":0.0,"gold_gain":0.0,"cards_transformed":["Steam Power"],"event_name":"Transmorgrifier","player_choice":"Transformed","floor":45.0,"gold_loss":0.0,"damage_taken":0.0,"cards_obtained":["Echo Form"]}],"is_beta":false,"boss_relics":[{"not_picked":["Eternal Feather","Velvet Choker"],"picked":"Busted Crown"},{"not_picked":["Snecko Eye","Calling Bell"],"picked":"Pandora\u0027s Box"}],"items_purged_floors":[38],"is_endless":false,"potions_floor_spawned":[6,11,13,28,30,33,35,39,48],"killed_by":"Donu and Deca","ascension_level":20}