{"gold_per_floor":[117,130,130,149,166,200,200,200,200,200,300,327,327,345,345,440,440,460,301,211,224,324,324,340,375,401,430,445,120,35,51,51,153,153,164,164,164,175,1,1,29,0,55,155,187,187,197,215,215,215],"floor_reached":50,"playtime":1805,"items_purged":["Strike_G","Strike_G"],"score":902,"play_id":"3ef16807-d626-46eb-935f-79e6827abbba","local_time":"20190408222747","is_ascension_mode":true,"campfire_choices":[{"data":"Neutralize","floor":7,"key":"SMITH"},{"data":"Infinite Blades","floor":10,"key":"SMITH"},{"data":"Blade Dance","floor":13,"key":"SMITH"},{"data":"Footwork","floor":15,"key":"SMITH"},{"data":"Noxious Fumes","floor":23,"key":"SMITH"},{"data":"After Image","floor":32,"key":"SMITH"},{"floor":40,"key":"RECALL"},{"data":"Discovery","floor":49,"key":"SMITH"}],"neow_cost":"NONE","seed_source_timestamp":261104946796817,"circlet_count":0,"master_deck":["AscendersBane","Defend_G","Defend_G","Defend_G","Defend_G","Defend_G","Strike_G+1","Survivor","Neutralize+1","Footwork+1","PiercingWail","Blade Dance+1","Backflip","Infinite Blades+1","Bouncing Flask","Backstab","Bane","After Image+1","Backstab","Cloak And Dagger","Footwork","Deadly Poison","Noxious Fumes+1","Deadly Poison","Envenom+1","Infinite Blades","Riddle With Holes","Glass Knife","Dodge and Roll","Footwork","Riddle With Holes","Blade Dance","Choke","Discovery+1","Prepared+1"],"relics":["Ring of the Snake","Ancient Tea Set","Shuriken","Torii","Meat on the Bone","Nunchaku","Sozu","StoneCalendar","Ninja Scroll","PreservedInsect","Bag of Marbles","Strawberry","Membership Card","Juzu Bracelet","Matryoshka","WristBlade","Bronze Scales","HandDrill","Letter Opener","Red Mask","Art of War","Gambling Chip","Smiling Mask"],"potions_floor_usage":[6,6,22],"damage_taken":[{"damage":1,"enemies":"Jaw Worm","floor":1,"turns":5},{"damage":0,"enemies":"Cultist","floor":2,"turns":5},{"damage":0,"enemies":"2 Louse","floor":4,"turns":4},{"damage":17,"enemies":"Exordium Thugs","floor":5,"turns":11},{"damage":18,"enemies":"Gremlin Nob","floor":6,"turns":4},{"damage":14,"enemies":"3 Sentries","floor":12,"turns":8},{"damage":0,"enemies":"Gremlin Gang","floor":14,"turns":5},{"damage":3,"enemies":"The Guardian","floor":16,"turns":9},{"damage":1,"enemies":"Chosen","floor":18,"turns":4},{"damage":16,"enemies":"3 Byrds","floor":21,"turns":5},{"damage":8,"enemies":"Colosseum Slavers","floor":22,"turns":5},{"damage":7,"enemies":"Colosseum Nobs","floor":22,"turns":4},{"damage":2,"enemies":"Cultist and Chosen","floor":24,"turns":6},{"damage":27,"enemies":"Slavers","floor":25,"turns":7},{"damage":16,"enemies":"Book of Stabbing","floor":27,"turns":4},{"damage":1,"enemies":"3 Cultists","floor":28,"turns":4},{"damage":10,"enemies":"Snake Plant","floor":31,"turns":5},{"damage":9,"enemies":"Automaton","floor":33,"turns":8},{"damage":0,"enemies":"Orb Walker","floor":35,"turns":1},{"damage":0,"enemies":"3 Darklings","floor":38,"turns":7},{"damage":21,"enemies":"Reptomancer","floor":41,"turns":3},{"damage":2,"enemies":"Mind Bloom Boss Battle","floor":44,"turns":4},{"damage":1,"enemies":"Giant Head","floor":45,"turns":5},{"damage":20,"enemies":"Sphere and 2 Shapes","floor":47,"turns":4},{"damage":0,"enemies":"Transient","floor":48,"turns":5},{"damage":33,"enemies":"Donu and Deca","floor":50,"turns":6}],"seed_played":"4760609830090731960","potions_obtained":[{"floor":1,"key":"Strength Potion"},{"floor":2,"key":"Dexterity Potion"},{"floor":4,"key":"FearPotion"},{"floor":16,"key":"PowerPotion"}],"is_trial":false,"path_per_floor":["M","M","?","M","M","E","R","?","T","R","?","E","R","M","R","B",null,"M","$","?","M","?","R","M","E","T","E","M","$","?","M","R","B",null,"M","?","?","M","$","R","E","?","T","?","E","?","M","M","R","B"],"character_chosen":"THE_SILENT","items_purchased":["Cloak And Dagger","Footwork","Membership Card","Juzu Bracelet","Bronze Scales","HandDrill"],"campfire_rested":0,"item_purchase_floors":[19,19,29,29,39,39],"current_hp_per_floor":[62,62,62,62,45,27,27,20,20,20,20,18,18,30,30,39,62,61,61,61,45,42,42,40,25,25,28,39,39,39,41,41,44,69,69,69,69,69,69,69,48,48,48,46,45,45,37,37,37,4],"gold":215,"neow_bonus":"RANDOM_COMMON_RELIC","is_prod":false,"is_daily":false,"chose_seed":false,"campfire_upgraded":7,"win_rate":0,"timestamp":1554784067,"path_taken":["M","M","?","M","?","E","R","?","T","R","?","E","R","M","R","BOSS","M","$","?","?","?","R","M","E","T","E","M","$","?","M","R","BOSS","M","?","?","M","$","R","E","?","T","?","E","?","M","M","R","BOSS"],"build_version":"2019-01-23","purchased_purges":2,"victory":false,"max_hp_per_floor":[70,70,70,70,70,70,70,70,70,70,70,70,70,70,70,70,70,70,70,70,70,70,70,70,70,70,77,77,77,77,77,77,77,77,77,73,73,73,73,73,73,73,73,73,73,73,73,73,73,73],"card_choices":[{"not_picked":["Prepared","Dagger Spray"],"picked":"Footwork","floor":1},{"not_picked":["Finisher","Predator"],"picked":"PiercingWail","floor":2},{"not_picked":["Calculated Gamble","Tactician"],"picked":"Backflip","floor":4},{"not_picked":["Reflex","Underhanded Strike"],"picked":"Infinite Blades","floor":5},{"not_picked":["Flying Knee","Outmaneuver"],"picked":"Bouncing Flask","floor":6},{"not_picked":["Eviscerate","PiercingWail"],"picked":"Backstab","floor":12},{"not_picked":["Outmaneuver","Flechettes"],"picked":"Bane","floor":14},{"not_picked":["Glass Knife","Unload"],"picked":"After Image","floor":16},{"not_picked":["Sucker Punch","Quick Slash"],"picked":"Backstab","floor":18},{"not_picked":["Prepared","Dodge and Roll"],"picked":"Deadly Poison","floor":21},{"not_picked":["Backflip","Deflect+1"],"picked":"Noxious Fumes","floor":22},{"not_picked":["Reflex","Underhanded Strike"],"picked":"Deadly Poison","floor":24},{"not_picked":["Heel Hook+1","Phantasmal Killer"],"picked":"Envenom","floor":25},{"not_picked":["Poisoned Stab","Prepared"],"picked":"Infinite Blades","floor":27},{"not_picked":["Masterful Stab","Deflect"],"picked":"Riddle With Holes","floor":28},{"not_picked":["Deflect","Quick Slash","Infinite Blades"],"picked":"SKIP","floor":31},{"not_picked":["Storm of Steel","Doppelganger"],"picked":"Glass Knife","floor":33},{"not_picked":["Deadly Poison+1","Poisoned Stab"],"picked":"Dodge and Roll","floor":35},{"not_picked":["Dagger Spray","Finisher"],"picked":"Footwork","floor":38},{"not_picked":["Reflex","Dagger Spray"],"picked":"Riddle With Holes","floor":41},{"not_picked":["Quick Slash","Terror"],"picked":"Blade Dance","floor":44},{"not_picked":["Prepared","Sucker Punch"],"picked":"Choke","floor":45},{"not_picked":["Madness","Impatience"],"picked":"Discovery","floor":46},{"not_picked":["Footwork","Die Die Die"],"picked":"Prepared+1","floor":47},{"not_picked":["Flying Knee","Footwork+1","Deflect"],"picked":"SKIP","floor":48}],"player_experience":502473,"relics_obtained":[{"floor":6,"key":"Shuriken"},{"floor":9,"key":"Meat on the Bone"},{"floor":12,"key":"Nunchaku"},{"floor":22,"key":"StoneCalendar"},{"floor":22,"key":"Ninja Scroll"},{"floor":25,"key":"PreservedInsect"},{"floor":26,"key":"Bag of Marbles"},{"floor":27,"key":"Strawberry"},{"floor":41,"key":"Letter Opener"},{"floor":43,"key":"Art of War"},{"floor":44,"key":"Gambling Chip"},{"floor":45,"key":"Smiling Mask"}],"event_choices":[{"damage_healed":0,"gold_gain":0,"cards_transformed":["Strike_G"],"player_choice":"Transformed","damage_taken":0,"max_hp_gain":0,"max_hp_loss":0,"event_name":"Transmorgrifier","floor":3,"gold_loss":0,"cards_obtained":["Blade Dance"]},{"damage_healed":0,"gold_gain":0,"player_choice":"Success","damage_taken":7,"relics_obtained":["Torii"],"max_hp_gain":0,"max_hp_loss":0,"event_name":"Scrap Ooze","floor":8,"gold_loss":0},{"damage_healed":0,"gold_gain":100,"player_choice":"Pray","damage_taken":0,"max_hp_gain":0,"max_hp_loss":0,"event_name":"Golden Shrine","floor":11,"gold_loss":0},{"cards_removed":["Strike_G"],"damage_healed":0,"gold_gain":0,"player_choice":"Upgrade and Remove","damage_taken":0,"max_hp_gain":0,"max_hp_loss":0,"event_name":"Designer","floor":20,"gold_loss":90,"cards_upgraded":["Strike_G"]},{"damage_healed":0,"gold_gain":0,"player_choice":"Fight","damage_taken":0,"max_hp_gain":0,"max_hp_loss":0,"event_name":"Colosseum","floor":22,"gold_loss":0},{"damage_healed":0,"gold_gain":0,"player_choice":"Fought Nobs","damage_taken":0,"max_hp_gain":0,"max_hp_loss":0,"event_name":"Colosseum","floor":22,"gold_loss":0},{"damage_healed":0,"gold_gain":0,"player_choice":"Obtained Relic","damage_taken":0,"relics_obtained":["Matryoshka"],"max_hp_gain":0,"max_hp_loss":0,"event_name":"Addict","floor":30,"gold_loss":85},{"damage_healed":0,"gold_gain":0,"player_choice":"Max HP","damage_taken":0,"max_hp_gain":0,"max_hp_loss":4,"event_name":"Winding Halls","floor":36,"gold_loss":0},{"damage_healed":0,"gold_gain":0,"player_choice":"Forge","damage_taken":0,"max_hp_gain":0,"max_hp_loss":0,"event_name":"Accursed Blacksmith","floor":37,"gold_loss":0,"cards_upgraded":["Envenom"]},{"damage_healed":0,"gold_gain":0,"player_choice":"Paid","damage_taken":0,"relics_obtained":["Red Mask"],"max_hp_gain":0,"max_hp_loss":0,"event_name":"Tomb of Lord Red Mask","floor":42,"gold_loss":29},{"damage_healed":0,"gold_gain":0,"player_choice":"Fight","damage_taken":0,"max_hp_gain":0,"max_hp_loss":0,"event_name":"MindBloom","floor":44,"gold_loss":0},{"damage_healed":0,"gold_gain":0,"player_choice":"Memory 1","damage_taken":0,"max_hp_gain":0,"max_hp_loss":0,"event_name":"SensoryStone","floor":46,"gold_loss":0}],"is_beta":false,"boss_relics":[{"not_picked":["Cursed Key","Fusion Hammer"],"picked":"Sozu"},{"not_picked":["White Beast Statue","Ring of the Serpent"],"picked":"WristBlade"}],"items_purged_floors":[19,29],"is_endless":false,"potions_floor_spawned":[1,2,4,5,16,18,21,24,27,41,44,45,48],"killed_by":"Donu and Deca","ascension_level":12}