{"path_per_floor":["M","?","$","?","T","R","M","R","T","$","M","?","M","M","R","B",null,"M","?","?","M","$","R","?","M","T","$","$","R","$","T","R","B",null,"M","M","$","?","M","R","?","R","T","M","T","R","?","M","R","B"],"character_chosen":"IRONCLAD","items_purchased":["Searing Blow","Pommel Strike","Frozen Egg","Metallicize","Evolve","Dark Shackles"],"gold_per_floor":[109,109,34,34,34,34,54,54,107,6,23,123,135,152,152,248,278,292,292,325,338,82,82,82,101,149,81,81,81,3,75,75,174,174,194,211,116,0,16,16,16,16,16,31,55,55,55,72,72,72],"floor_reached":51,"campfire_rested":3,"playtime":76361,"current_hp_per_floor":[80,73,73,57,57,57,57,57,57,57,61,61,43,47,47,9,85,71,55,50,26,26,51,51,54,54,54,54,54,54,54,54,17,85,58,56,56,56,38,63,84,94,94,58,58,58,58,46,74,11],"items_purged":["Searing Blow","Strike_R"],"gold":72,"play_id":"d043875a-af47-4389-8ea7-487d878d3111","is_prod":false,"is_daily":false,"campfire_rituals":0,"campfire_upgraded":0,"is_hardmode":false,"path_taken":["M","?","$","?","?","R","?","R","T","$","?","?","?","M","R","BOSS","M","?","?","M","$","R","?","?","T","?","$","R","$","?","R","BOSS","M","M","$","?","M","R","?","R","T","M","?","R","?","M","R","BOSS"],"build_version":"2017-12-18-BETA2","purchased_purges":2,"victory":true,"master_deck":["Strike_R","Strike_R","Strike_R","Defend_R","Defend_R","Defend_R","Defend_R","Bash","Combust","Shrug It Off","Shrug It Off","Pommel Strike","Flame Barrier","Whirlwind","Power Through","Barricade","Armaments","Flex","Searing Blow","Battle Trance","Writhe","Spot Weakness","Spot Weakness","Metallicize","Evolve","Wild Strike","Limit Break","Twin Strike","Dark Shackles","Inflame","Writhe","Infernal Blade","Flex","Disarm"],"max_hp_per_floor":[80,80,80,80,80,80,80,80,80,80,80,80,80,80,80,80,85,85,85,85,85,85,85,85,85,85,85,85,85,85,85,85,85,85,85,85,85,85,85,85,85,95,95,95,95,95,95,95,95,95],"relics":["Burning Blood","Shovel","Bronze Scales","Prayer Wheel","Tiny Chest","Oddly Smooth Stone","Tiny House","Nilry\u0027s Codex","Red Mask","Frozen Egg","Centennial Puzzle","Juzu Bracelet","Sundial","Dodecahedron","Gambling Chip","White Beast Statue","Red Mask","Pear","Calipers","Blood Vial","Paper Frog"],"campfire_meditates":0,"card_choices":[{"not_picked":["Brutality","Perfected Strike"],"picked":"Combust"},{"not_picked":["Dual Wield","Body Slam"],"picked":"Shrug It Off"},{"not_picked":["Body Slam","Second Wind"],"picked":"Shrug It Off"},{"not_picked":["True Grit","Combust"],"picked":"Flame Barrier"},{"not_picked":["Feel No Pain","Disarm"],"picked":"Whirlwind"},{"not_picked":["Pommel Strike","Clash"],"picked":"Power Through"},{"not_picked":["Offering","Bludgeon"],"picked":"Barricade"},{"not_picked":["Cleave","Shrug It Off"],"picked":"Armaments"},{"not_picked":["Iron Wave","Body Slam"],"picked":"Flex"},{"not_picked":["Sever Soul","Fiend Fire"],"picked":"Searing Blow"},{"not_picked":["Anger","Pummel"],"picked":"Battle Trance"},{"not_picked":["Perfected Strike","Twin Strike"],"picked":"Spot Weakness"},{"not_picked":["True Grit","Headbutt"],"picked":"Spot Weakness"},{"not_picked":["Headbutt","Perfected Strike"],"picked":"Wild Strike"},{"not_picked":["Barricade","Berserk"],"picked":"Limit Break"},{"not_picked":["Dropkick","Headbutt"],"picked":"Twin Strike"},{"not_picked":["Dual Wield","Rupture"],"picked":"Inflame"},{"not_picked":["Feel No Pain","Shrug It Off"],"picked":"Infernal Blade"},{"not_picked":["Dual Wield","Perfected Strike"],"picked":"Flex"},{"not_picked":["Intimidate","Armaments"],"picked":"Disarm"}],"player_experience":65909,"potions_floor_usage":[11,16,21,36,36,39,44,50,50,50],"damage_taken":[{"damage":6,"enemies":"Cultist","floor":1,"turns":3},{"damage":6,"enemies":"Jaw Worm","floor":7,"turns":3},{"damage":2,"enemies":"Looter","floor":11,"turns":2},{"damage":24,"enemies":"Exordium Wildlife","floor":13,"turns":5},{"damage":2,"enemies":"2 Fungi Beasts","floor":14,"turns":3},{"damage":44,"enemies":"Hexaghost","floor":16,"turns":10},{"damage":20,"enemies":"Chosen","floor":18,"turns":8},{"damage":11,"enemies":"Masked Bandits","floor":20,"turns":2},{"damage":30,"enemies":"Shell Parasite","floor":21,"turns":7},{"damage":3,"enemies":"Snecko","floor":25,"turns":5},{"damage":64,"enemies":"Collector","floor":33,"turns":13},{"damage":33,"enemies":"Flame Bruiser 1 Orb","floor":35,"turns":8},{"damage":34,"enemies":"3 Shapes","floor":36,"turns":8},{"damage":24,"enemies":"Spire Growth","floor":39,"turns":6},{"damage":42,"enemies":"Sphere and 2 Shapes","floor":44,"turns":8},{"damage":20,"enemies":"4 Shapes","floor":48,"turns":3},{"damage":71,"enemies":"Time Eater","floor":50,"turns":15}],"event_choices":[{"event_name":"Golden Wing","player_choice":"Card Removal","floor":2,"damage_taken":0},{"event_name":"Shining Light","player_choice":"Entered Light","floor":4,"damage_taken":0},{"event_name":"Golden Shrine","player_choice":"Pray","floor":12,"damage_taken":0},{"event_name":"Cursed Tome","player_choice":"Obtained Book","floor":19,"damage_taken":0},{"event_name":"Masked Bandits","player_choice":"Fought over 292 gold","floor":20,"damage_taken":0},{"event_name":"The Mausoleum","player_choice":"Yes","floor":24,"damage_taken":0},{"event_name":"Tomb of Lord Red Mask","player_choice":"Paid","floor":38,"damage_taken":0},{"event_name":"Winding Halls","player_choice":"Writhe","floor":41,"damage_taken":0},{"event_name":"Mysterious Sphere","player_choice":"Ignore","floor":47,"damage_taken":0}],"boss_relics":[{"not_picked":["Ectoplasm","Eternal Feather"],"picked":"Tiny House"},{"not_picked":["Orrery","Runic Cube"],"picked":"White Beast Statue"}],"potions_floor_spawned":[1,7,13,14,20,21,33,35,36,39,44,48],"seed_played":"-4198899621939750564","is_trial":false}