{"gold_per_floor":[119,43,43,43,118,118,144,159,185,211,211,211,227,227,227,352,352,330,10,10,10,28,42,75,75,130,162,162,178,191,222,222,222],"floor_reached":33,"playtime":1009,"items_purged":[],"score":482,"play_id":"9f7106ef-88eb-44cf-ab28-b0cb735d027a","local_time":"20190328000842","is_ascension_mode":true,"campfire_choices":[{"floor":6,"key":"REST"},{"floor":11,"key":"REST"},{"data":"1","floor":15,"key":"LIFT"},{"data":"Crippling Poison","floor":25,"key":"SMITH"},{"data":"2","floor":28,"key":"LIFT"},{"floor":32,"key":"REST"}],"neow_cost":"NONE","seed_source_timestamp":105469436644826,"circlet_count":0,"master_deck":["AscendersBane","Defend_G","Defend_G+1","Defend_G","Defend_G","Defend_G","Strike_G","Survivor","Neutralize+1","Bouncing Flask+1","Choke","Cloak And Dagger","Crippling Poison+1","PiercingWail","Dagger Throw","Envenom+1","Distraction+1","Escape Plan+1","Predator+1","Backstab+1","Footwork+1","Poisoned Stab","Bane+1","Leg Sweep+1","Acrobatics","Adrenaline","Blade Dance","Die Die Die"],"relics":["Ring of the Snake","Girya","Frozen Egg 2","Orichalcum","Vajra","Bloody Idol","Astrolabe","Bottled Lightning","Letter Opener","War Paint","Happy Flower","Bag of Preparation"],"potions_floor_usage":[8,16,27,31,33,33],"damage_taken":[{"damage":3,"enemies":"Cultist","floor":1,"turns":4},{"damage":32,"enemies":"Lagavulin","floor":7,"turns":8},{"damage":0,"enemies":"2 Louse","floor":8,"turns":1},{"damage":28,"enemies":"Gremlin Nob","floor":10,"turns":5},{"damage":0,"enemies":"Small Slimes","floor":13,"turns":2},{"damage":16,"enemies":"Hexaghost","floor":16,"turns":10},{"damage":11,"enemies":"2 Thieves","floor":18,"turns":5},{"damage":4,"enemies":"Shell Parasite","floor":22,"turns":5},{"damage":8,"enemies":"Snecko","floor":23,"turns":4},{"damage":26,"enemies":"Book of Stabbing","floor":24,"turns":6},{"damage":15,"enemies":"Gremlin Leader","floor":27,"turns":6},{"damage":0,"enemies":"Centurion and Healer","floor":29,"turns":3},{"damage":9,"enemies":"Shelled Parasite and Fungi","floor":30,"turns":4},{"damage":12,"enemies":"Book of Stabbing","floor":31,"turns":5},{"damage":12,"enemies":"Collector","floor":33,"turns":7}],"seed_played":"-8720577819665433876","potions_obtained":[{"floor":7,"key":"Explosive Potion"},{"floor":13,"key":"SpeedPotion"},{"floor":18,"key":"EssenceOfSteel"},{"floor":29,"key":"FearPotion"},{"floor":30,"key":"Dexterity Potion"},{"floor":31,"key":"FearPotion"}],"is_trial":false,"path_per_floor":["M","$","?","?","?","R","E","M","T","E","R","?","M","?","R","B",null,"M","$","?","?","M","M","E","R","T","E","R","M","M","E","R","B"],"character_chosen":"THE_SILENT","items_purchased":["Choke","Bottled Lightning","Footwork+1"],"campfire_rested":3,"item_purchase_floors":[2,19,19],"current_hp_per_floor":[67,67,49,49,38,61,29,29,29,1,24,24,24,17,17,1,54,43,43,43,43,44,41,20,20,25,15,15,20,16,9,30,18],"gold":222,"neow_bonus":"TEN_PERCENT_HP_BONUS","is_prod":false,"is_daily":false,"chose_seed":false,"campfire_upgraded":1,"win_rate":0,"timestamp":1553753322,"path_taken":["M","$","?","?","?","R","E","M","T","E","R","?","?","?","R","BOSS","M","$","?","?","M","?","E","R","T","E","R","M","M","E","R","BOSS"],"build_version":"2019-01-23","purchased_purges":0,"victory":false,"max_hp_per_floor":[77,77,77,77,77,77,77,77,77,77,77,71,71,71,71,71,71,71,71,71,71,71,71,71,71,71,71,71,71,71,71,71,71],"card_choices":[{"not_picked":["Prepared","Dagger Throw"],"picked":"Bouncing Flask","floor":1},{"not_picked":["Flechettes","Finisher"],"picked":"Cloak And Dagger","floor":7},{"not_picked":["Poisoned Stab","Storm of Steel"],"picked":"Crippling Poison","floor":8},{"not_picked":["Acrobatics","Dagger Spray"],"picked":"PiercingWail","floor":10},{"not_picked":["Distraction","Setup"],"picked":"Dagger Throw","floor":13},{"not_picked":["Corpse Explosion","Glass Knife"],"picked":"Envenom+1","floor":16},{"not_picked":["PiercingWail","Cloak And Dagger"],"picked":"Backstab+1","floor":18},{"not_picked":["Finisher","Deadly Poison"],"picked":"Poisoned Stab","floor":22},{"not_picked":["Backflip","Deflect"],"picked":"Bane+1","floor":23},{"not_picked":["Sucker Punch","Dodge and Roll+1"],"picked":"Leg Sweep","floor":24},{"not_picked":["Riddle With Holes+1","Flechettes"],"picked":"Acrobatics","floor":27},{"not_picked":["Outmaneuver","Acrobatics"],"picked":"Adrenaline","floor":29},{"not_picked":["Terror","PiercingWail"],"picked":"Blade Dance","floor":30},{"not_picked":["Flying Knee+1","Deflect"],"picked":"Die Die Die","floor":31}],"player_experience":467528,"relics_obtained":[{"floor":7,"key":"Frozen Egg 2"},{"floor":9,"key":"Orichalcum"},{"floor":10,"key":"Vajra"},{"floor":24,"key":"Letter Opener"},{"floor":26,"key":"War Paint"},{"floor":27,"key":"Happy Flower"},{"floor":31,"key":"Bag of Preparation"}],"event_choices":[{"damage_healed":0,"gold_gain":0,"player_choice":"Success","damage_taken":18,"relics_obtained":["Girya"],"max_hp_gain":0,"max_hp_loss":0,"event_name":"Scrap Ooze","floor":3,"gold_loss":0},{"damage_healed":0,"gold_gain":0,"player_choice":"Grow","damage_taken":0,"max_hp_gain":0,"max_hp_loss":0,"event_name":"Living Wall","floor":4,"gold_loss":0,"cards_upgraded":["Neutralize"]},{"damage_healed":0,"gold_gain":75,"player_choice":"Gather Gold","damage_taken":11,"max_hp_gain":0,"max_hp_loss":0,"event_name":"World of Goop","floor":5,"gold_loss":0},{"damage_healed":0,"gold_gain":0,"player_choice":"Lose Max HP","damage_taken":0,"relics_obtained":["Golden Idol"],"max_hp_gain":0,"max_hp_loss":6,"event_name":"Golden Idol","floor":12,"gold_loss":0},{"cards_removed":["Strike_G"],"damage_healed":0,"gold_gain":0,"player_choice":"Card Removal","damage_taken":7,"max_hp_gain":0,"max_hp_loss":0,"event_name":"Golden Wing","floor":14,"gold_loss":0},{"damage_healed":0,"gold_gain":0,"player_choice":"Gave Idol","damage_taken":0,"relics_obtained":["Bloody Idol"],"max_hp_gain":0,"max_hp_loss":0,"event_name":"Forgotten Altar","floor":20,"relics_lost":["Golden Idol"],"gold_loss":0},{"damage_healed":0,"gold_gain":0,"player_choice":"Upgraded","damage_taken":0,"max_hp_gain":0,"max_hp_loss":0,"event_name":"Upgrade Shrine","floor":21,"gold_loss":0,"cards_upgraded":["Bouncing Flask"]}],"is_beta":false,"boss_relics":[{"not_picked":["Runic Pyramid","Cursed Key"],"picked":"Astrolabe"}],"items_purged_floors":[],"is_endless":false,"potions_floor_spawned":[7,13,18,29,30,31],"killed_by":"Collector","ascension_level":11}