{"gold_per_floor":[115,135,21,37,49,49,59,59,84,259,259,272,299,99,99,170,170,184,106,121,139,139,139,150,150,150,183,199,51,51,65,65,142,142,159,171,96,115,115,115,131,131,131,131,149,168,168,181,181,181],"floor_reached":50,"playtime":1742,"items_purged":["Strike_G","Doubt"],"score":813,"play_id":"9f9532e3-0e32-4659-9b8b-824d6afeb47f","local_time":"20190917224806","is_ascension_mode":true,"campfire_choices":[{"data":"Neutralize","floor":6,"key":"SMITH"},{"data":"Poisoned Stab","floor":8,"key":"SMITH"},{"data":"All Out Attack","floor":11,"key":"SMITH"},{"data":"Blur","floor":15,"key":"SMITH"},{"data":"Noxious Fumes","floor":23,"key":"SMITH"},{"floor":25,"key":"REST"},{"data":"Backflip","floor":30,"key":"SMITH"},{"floor":32,"key":"REST"},{"data":"Footwork","floor":40,"key":"SMITH"},{"data":"Dash","floor":42,"key":"SMITH"},{"data":"Dash","floor":44,"key":"SMITH"},{"floor":47,"key":"REST"},{"data":"Calculated Gamble","floor":49,"key":"SMITH"}],"neow_cost":"NONE","seed_source_timestamp":321422476205498,"circlet_count":0,"master_deck":["AscendersBane","Defend_G","Defend_G","Defend_G","Defend_G","Defend_G","Survivor","Neutralize+1","Poisoned Stab+1","Backstab","All Out Attack+1","Heel Hook","Sucker Punch","Blur+1","Poisoned Stab","Backflip+1","Noxious Fumes+1","Catalyst+1","Calculated Gamble+1","Writhe","Escape Plan","Dash+1","Wraith Form v2","Predator+1","Cloak And Dagger+1","Unload+1","Dash+1","Footwork+1","Catalyst+1","Backflip+1","Regret","Footwork+1","Blur"],"relics":["Ring of the Snake","MealTicket","Dream Catcher","Cursed Key","Lantern","Ornamental Fan","Sundial","Snake Skull","Astrolabe","Tough Bandages"],"potions_floor_usage":[7,13,18,27,33,45,50,50],"damage_taken":[{"damage":1,"enemies":"2 Louse","floor":1,"turns":3},{"damage":0,"enemies":"Cultist","floor":2,"turns":3},{"damage":8,"enemies":"Jaw Worm","floor":4,"turns":5},{"damage":4,"enemies":"Gremlin Gang","floor":5,"turns":2},{"damage":10,"enemies":"Large Slime","floor":7,"turns":6},{"damage":0,"enemies":"2 Fungi Beasts","floor":12,"turns":2},{"damage":7,"enemies":"Lagavulin","floor":13,"turns":6},{"damage":13,"enemies":"Hexaghost","floor":16,"turns":11},{"damage":2,"enemies":"3 Byrds","floor":18,"turns":5},{"damage":5,"enemies":"Shell Parasite","floor":20,"turns":4},{"damage":27,"enemies":"Chosen and Byrds","floor":21,"turns":6},{"damage":16,"enemies":"Snake Plant","floor":24,"turns":4},{"damage":15,"enemies":"Slavers","floor":27,"turns":5},{"damage":11,"enemies":"3 Cultists","floor":28,"turns":5},{"damage":4,"enemies":"Sentry and Sphere","floor":31,"turns":5},{"damage":34,"enemies":"Collector","floor":33,"turns":6},{"damage":4,"enemies":"3 Darklings","floor":35,"turns":4},{"damage":5,"enemies":"3 Shapes","floor":36,"turns":6},{"damage":7,"enemies":"Jaw Worm Horde","floor":38,"turns":4},{"damage":8,"enemies":"Maw","floor":41,"turns":6},{"damage":15,"enemies":"Writhing Mass","floor":45,"turns":6},{"damage":3,"enemies":"Sphere and 2 Shapes","floor":46,"turns":8},{"damage":0,"enemies":"Maw","floor":48,"turns":6},{"damage":66,"enemies":"Awakened One","floor":50,"turns":15}],"seed_played":"-8539375513543352128","potions_obtained":[{"floor":2,"key":"GhostInAJar"},{"floor":7,"key":"AttackPotion"},{"floor":12,"key":"Explosive Potion"},{"floor":13,"key":"Fire Potion"},{"floor":24,"key":"PowerPotion"},{"floor":27,"key":"Dexterity Potion"},{"floor":31,"key":"FearPotion"},{"floor":35,"key":"Weak Potion"},{"floor":45,"key":"Fire Potion"}],"is_trial":false,"path_per_floor":["M","M","$","M","M","R","M","R","T","?","R","M","E","$","R","B",null,"M","$","M","M","?","R","M","R","T","E","M","$","R","M","R","B",null,"M","M","$","M","?","R","M","R","T","R","M","M","R","M","R","B"],"character_chosen":"THE_SILENT","items_purchased":["Backstab","Poisoned Stab","Backflip","Noxious Fumes","Snake Skull","Footwork"],"campfire_rested":3,"item_purchase_floors":[3,14,14,19,29,37],"current_hp_per_floor":[62,62,62,54,50,50,40,40,40,40,40,40,33,48,48,35,61,59,70,65,38,38,38,22,43,43,28,17,32,32,28,49,15,56,52,47,62,55,70,70,62,62,62,62,47,44,65,65,65,0],"gold":181,"neow_bonus":"REMOVE_CARD","is_prod":false,"is_daily":false,"chose_seed":false,"campfire_upgraded":10,"win_rate":0,"timestamp":1568785686,"path_taken":["M","M","$","M","M","R","M","R","T","?","R","M","E","$","R","BOSS","M","$","M","M","?","R","M","R","T","E","?","$","R","M","R","BOSS","M","M","$","M","?","R","M","R","T","R","?","M","R","M","R","BOSS"],"build_version":"2019-09-17","purchased_purges":2,"victory":false,"max_hp_per_floor":[70,70,70,70,70,70,70,70,70,70,70,70,70,70,70,70,70,70,70,70,70,70,70,70,70,70,70,70,70,70,70,70,70,70,70,70,70,70,70,70,70,70,70,70,70,70,70,70,70,70],"card_choices":[{"not_picked":["Sucker Punch","Acrobatics"],"picked":"Poisoned Stab","floor":1},{"not_picked":["Acrobatics","Distraction"],"picked":"Crippling Poison","floor":2},{"not_picked":["Riddle With Holes","Choke"],"picked":"All Out Attack","floor":4},{"not_picked":["Quick Slash","Dagger Spray"],"picked":"Heel Hook","floor":5},{"not_picked":["Riddle With Holes","Blade Dance"],"picked":"Sucker Punch","floor":7},{"not_picked":["Predator","Dagger Throw"],"picked":"Blur","floor":12},{"not_picked":["Sucker Punch","Flechettes","Blade Dance"],"picked":"SKIP","floor":13},{"not_picked":["Cloak And Dagger","Tactician","Expertise"],"picked":"SKIP","floor":18},{"not_picked":["Cloak And Dagger","Outmaneuver"],"picked":"Catalyst+1","floor":20},{"not_picked":["Deadly Poison","Infinite Blades","Quick Slash"],"picked":"SKIP","floor":21},{"not_picked":["Bullet Time","Calculated Gamble","Poisoned Stab"],"picked":"SKIP","floor":24},{"not_picked":["Bullet Time","Poisoned Stab"],"picked":"Calculated Gamble","floor":24},{"not_picked":["Poisoned Stab","Predator","Prepared"],"picked":"SKIP","floor":27},{"not_picked":["Infinite Blades+1","Expertise"],"picked":"Escape Plan","floor":28},{"not_picked":["Masterful Stab","Slice"],"picked":"Dash","floor":31},{"not_picked":["Night Terror","Phantasmal Killer"],"picked":"Wraith Form v2","floor":33},{"not_picked":["Dagger Throw","Dagger Spray"],"picked":"Dash","floor":35},{"not_picked":["Dagger Throw","Distraction","Slice+1"],"picked":"SKIP","floor":36},{"not_picked":["Flying Knee","Crippling Poison+1"],"picked":"Catalyst+1","floor":38},{"not_picked":["Finisher","Distraction"],"picked":"Backflip+1","floor":41},{"not_picked":["Bane+1","Backstab"],"picked":"Footwork+1","floor":45},{"not_picked":["Catalyst+1","Noxious Fumes"],"picked":"Blur","floor":46},{"not_picked":["Bane","Grand Finale","Outmaneuver"],"picked":"SKIP","floor":48}],"player_experience":658029,"relics_obtained":[{"floor":9,"key":"MealTicket"},{"floor":13,"key":"Dream Catcher"},{"floor":26,"key":"Ornamental Fan"},{"floor":27,"key":"Sundial"},{"floor":43,"key":"Tough Bandages"}],"event_choices":[{"damage_healed":0,"gold_gain":175,"player_choice":"AGREE","damage_taken":0,"max_hp_gain":0,"max_hp_loss":0,"event_name":"Liars Game","floor":10,"gold_loss":0,"cards_obtained":["Doubt"]},{"damage_healed":0,"gold_gain":0,"player_choice":"Gave Potion","damage_taken":0,"relics_obtained":["Lantern"],"max_hp_gain":0,"max_hp_loss":0,"event_name":"WeMeetAgain","floor":22,"gold_loss":0},{"cards_removed":["Crippling Poison"],"damage_healed":15,"gold_gain":0,"player_choice":"Offered Uncommon","damage_taken":0,"max_hp_gain":0,"max_hp_loss":0,"event_name":"Bonfire Elementals","floor":39,"gold_loss":0}],"is_beta":true,"boss_relics":[{"not_picked":["Runic Pyramid","Calling Bell"],"picked":"Cursed Key"},{"not_picked":["Velvet Choker","WristBlade"],"picked":"Astrolabe"}],"items_purged_floors":[3,14],"is_endless":false,"potions_floor_spawned":[2,7,12,13,24,27,31,35,45],"killed_by":"Awakened One","ascension_level":13}