{"gold_per_floor":[212,231,247,260,273,301,301,315,339,339,489,81,92,127,127,201,201,201,121,121,121,121],"floor_reached":22,"playtime":1678,"items_purged":["Doubt"],"score":400,"play_id":"caa8b70b-3ee9-4875-8639-273dbf656e8b","local_time":"20190928003752","is_ascension_mode":true,"campfire_choices":[{"floor":7.0,"key":"REST"},{"floor":10.0,"key":"REST"},{"data":"Defragment","floor":15.0,"key":"SMITH"}],"neow_cost":"NONE","seed_source_timestamp":1650457470674161,"circlet_count":0,"master_deck":["AscendersBane","Strike_B","Strike_B","Strike_B","Strike_B","Defend_B","Defend_B","Defend_B","Defend_B","Zap","Dualcast","Defragment+1","Genetic Algorithm","Cold Snap","Ball Lightning","Go for the Eyes","Creative AI","Capacitor","Coolheaded"],"special_seed":0,"relics":["Cracked Core","Strawberry","Lantern","Dream Catcher","Happy Flower","Dodecahedron","Ectoplasm"],"potions_floor_usage":[],"damage_taken":[{"damage":0.0,"enemies":"Small Slimes","floor":1.0,"turns":2.0},{"damage":7.0,"enemies":"Jaw Worm","floor":2.0,"turns":4.0},{"damage":5.0,"enemies":"2 Louse","floor":3.0,"turns":3.0},{"damage":5.0,"enemies":"2 Fungi Beasts","floor":4.0,"turns":4.0},{"damage":17.0,"enemies":"Lots of Slimes","floor":5.0,"turns":5.0},{"damage":17.0,"enemies":"Lagavulin","floor":6.0,"turns":6.0},{"damage":7.0,"enemies":"Exordium Thugs","floor":8.0,"turns":4.0},{"damage":0.0,"enemies":"Red Slaver","floor":13.0,"turns":3.0},{"damage":5.0,"enemies":"Gremlin Nob","floor":14.0,"turns":3.0},{"damage":14.0,"enemies":"The Guardian","floor":16.0,"turns":13.0},{"damage":25.0,"enemies":"Chosen","floor":18.0,"turns":5.0},{"damage":10.0,"enemies":"2 Thieves","floor":19.0,"turns":4.0},{"damage":8.0,"enemies":"3 Cultists","floor":20.0,"turns":5.0},{"damage":26,"enemies":"Shelled Parasite and Fungi","floor":22,"turns":4}],"seed_played":"-6442029885850164866","potions_obtained":[{"floor":2.0,"key":"Dexterity Potion"},{"floor":4.0,"key":"Strength Potion"},{"floor":5.0,"key":"FearPotion"},{"floor":6.0,"key":"Swift Potion"},{"floor":13.0,"key":"Poison Potion"},{"floor":19.0,"key":"PowerPotion"}],"is_trial":false,"path_per_floor":["M","M","M","M","M","E","R","M","T","R","?","$","M","E","R","B",null,"M","M","M","?","M"],"character_chosen":"DEFECT","items_purchased":["Dream Catcher","Happy Flower"],"campfire_rested":2,"item_purchase_floors":[12,12],"current_hp_per_floor":[64,57,52,47,30,20,43,36,36,59,59,59,59,54,54,40,69,44,34,26,26,0],"gold":121,"neow_bonus":"HUNDRED_GOLD","is_prod":false,"is_daily":false,"chose_seed":false,"campfire_upgraded":1,"win_rate":0,"timestamp":1569645472,"path_taken":["M","M","M","M","M","E","R","M","T","R","?","$","M","E","R","BOSS","M","M","M","?","M"],"build_version":"2019-07-17","purchased_purges":1,"victory":false,"max_hp_per_floor":[71,71,71,71,71,78,78,78,78,78,78,78,78,78,78,78,78,78,78,78,78,78],"card_choices":[{"not_picked":["Redo","Beam Cell"],"picked":"Defragment","floor":1.0},{"not_picked":["Beam Cell","Leap"],"picked":"Genetic Algorithm","floor":2.0},{"not_picked":["Barrage","Undo"],"picked":"Cold Snap","floor":3.0},{"not_picked":["Hello World","Streamline"],"picked":"Ball Lightning","floor":4.0},{"not_picked":["Melter","Hologram"],"picked":"Go for the Eyes","floor":5.0},{"not_picked":["Redo","Stack","Hologram"],"picked":"SKIP","floor":6.0},{"not_picked":["Fusion","Darkness","Hello World"],"picked":"SKIP","floor":8.0},{"not_picked":["Hologram","Stack","Turbo"],"picked":"SKIP","floor":13.0},{"not_picked":["Sweeping Beam","Chaos","Force Field"],"picked":"SKIP","floor":14.0},{"not_picked":["Machine Learning","Amplify"],"picked":"Creative AI","floor":16.0},{"not_picked":["Barrage","Darkness"],"picked":"Capacitor","floor":18.0},{"not_picked":["Streamline","Steam Power"],"picked":"Coolheaded","floor":19.0},{"not_picked":["Turbo","Hologram","Beam Cell"],"picked":"SKIP","floor":20.0}],"player_experience":501388,"relics_obtained":[{"floor":6.0,"key":"Strawberry"},{"floor":9.0,"key":"Lantern"},{"floor":14.0,"key":"Dodecahedron"}],"event_choices":[{"damage_healed":0.0,"max_hp_gain":0.0,"max_hp_loss":0.0,"gold_gain":150.0,"event_name":"Liars Game","player_choice":"AGREE","floor":11.0,"gold_loss":0.0,"damage_taken":0.0,"cards_obtained":["Doubt"]},{"damage_healed":0.0,"max_hp_gain":0.0,"max_hp_loss":0.0,"gold_gain":0.0,"event_name":"The Mausoleum","player_choice":"Ignored","floor":21.0,"gold_loss":0.0,"damage_taken":0.0}],"is_beta":false,"boss_relics":[{"not_picked":["Inserter","Runic Dome"],"picked":"Ectoplasm"}],"items_purged_floors":[12],"is_endless":false,"potions_floor_spawned":[2,4,5,6,13,19],"killed_by":"Shelled Parasite and Fungi","ascension_level":20}