{"gold_per_floor":[117,133,144,47,65,65,15,15,15,15,29,61,80,106,106,207,207,227,239,154,165,10,10,20,20,20,20,20,33,50,50,50,147,147,160,260,56,66,66,93,93,103,103,103,3,33,33,33,33,33],"floor_reached":51,"playtime":2898,"items_purged":["Strike_P","Eruption"],"score":680,"play_id":"5a160b27-6135-492b-b5c7-03d185ccb804","local_time":"20190910195526","is_ascension_mode":false,"campfire_choices":[{"data":"Establishment","floor":6.0,"key":"SMITH"},{"data":"Unraveling","floor":8.0,"key":"SMITH"},{"data":"WindmillStrike","floor":10.0,"key":"SMITH"},{"floor":15.0,"key":"REST"},{"floor":23.0,"key":"REST"},{"data":"Protect","floor":25.0,"key":"SMITH"},{"data":"SandsOfTime","floor":27.0,"key":"SMITH"},{"floor":32.0,"key":"REST"},{"floor":41.0,"key":"REST"},{"floor":44.0,"key":"REST"},{"floor":47,"key":"REST"},{"data":"Nirvana","floor":49,"key":"SMITH"}],"neow_cost":"NONE","seed_source_timestamp":39212823467011,"circlet_count":0,"master_deck":["Strike_P","Strike_P","Defend_P","Defend_P","Defend_P","Defend_P","Vigilance","FollowUp","SandsOfTime+1","Unraveling+1","WindmillStrike+1","EmptyBody","Establishment+1","Protect+1","CarveReality","FlowState","CurseOfTheBell","SandsOfTime","WindmillStrike","EmptyBody+1","CutThroughFate","SandsOfTime","MasterReality","EmptyMind+1","CrushJoints","Adaptation+1","Crescendo+1","Nirvana+1","Sanctity","Crescendo+1"],"special_seed":0,"relics":["PureWater","NeowsBlessing","Ginger","Eternal Feather","Vajra","Calling Bell","MealTicket","Pantograph","Du-Vu Doll","Juzu Bracelet","Question Card","Gremlin Horn","Cursed Key","Omamori","Orichalcum","Blood Vial","Dream Catcher","InkBottle"],"potions_floor_usage":[50],"damage_taken":[{"damage":0.0,"enemies":"Small Slimes","floor":1.0,"turns":2.0},{"damage":0.0,"enemies":"Jaw Worm","floor":2.0,"turns":1.0},{"damage":0.0,"enemies":"2 Louse","floor":3.0,"turns":1.0},{"damage":7.0,"enemies":"Large Slime","floor":5.0,"turns":4.0},{"damage":26.0,"enemies":"Exordium Thugs","floor":11.0,"turns":4.0},{"damage":27.0,"enemies":"3 Sentries","floor":12.0,"turns":8.0},{"damage":2.0,"enemies":"Blue Slaver","floor":13.0,"turns":3.0},{"damage":17.0,"enemies":"The Guardian","floor":16.0,"turns":11.0},{"damage":39.0,"enemies":"3 Byrds","floor":18.0,"turns":7.0},{"damage":11.0,"enemies":"2 Thieves","floor":19.0,"turns":4.0},{"damage":13.0,"enemies":"Shelled Parasite and Fungi","floor":21.0,"turns":3.0},{"damage":17.0,"enemies":"Snake Plant","floor":24.0,"turns":4.0},{"damage":14.0,"enemies":"3 Cultists","floor":29.0,"turns":4.0},{"damage":5.0,"enemies":"Snecko","floor":30.0,"turns":4.0},{"damage":54.0,"enemies":"Champ","floor":33.0,"turns":8.0},{"damage":11.0,"enemies":"Orb Walker","floor":35.0,"turns":4.0},{"damage":14.0,"enemies":"3 Darklings","floor":38.0,"turns":5.0},{"damage":53.0,"enemies":"Giant Head","floor":40.0,"turns":8.0},{"damage":16.0,"enemies":"Jaw Worm Horde","floor":42.0,"turns":3.0},{"damage":43,"enemies":"Nemesis","floor":46,"turns":5},{"damage":48,"enemies":"Time Eater","floor":50,"turns":14}],"seed_played":"-5979933651171414967","potions_obtained":[{"floor":1.0,"key":"Weak Potion"},{"floor":3.0,"key":"Regen Potion"},{"floor":5.0,"key":"PowerPotion"},{"floor":18.0,"key":"DuplicationPotion"},{"floor":30.0,"key":"Dexterity Potion"},{"floor":33.0,"key":"SkillPotion"},{"floor":38.0,"key":"FearPotion"},{"floor":46,"key":"Block Potion"}],"is_trial":false,"path_per_floor":["M","M","M","$","M","R","?","R","T","R","M","E","M","T","R","B",null,"M","M","?","M","$","R","M","R","T","R","?","M","M","?","R","B",null,"M","?","$","M","?","E","R","M","T","R","$","E","R","?","R","B",null],"character_chosen":"WATCHER","items_purchased":["WindmillStrike","EmptyBody","WindmillStrike","Omamori","CrushJoints"],"campfire_rested":6,"item_purchase_floors":[4,4,22,37,37],"current_hp_per_floor":[65,65,65,65,58,58,58,58,58,58,32,5,3,3,31,14,65,26,15,15,11,26,57,40,52,52,64,64,50,45,34,67,16,70,59,59,70,56,56,3,39,23,23,59,70,27,63,63,70,22],"gold":33,"neow_bonus":"THREE_ENEMY_KILL","is_prod":false,"is_daily":false,"chose_seed":false,"campfire_upgraded":6,"win_rate":0.0,"timestamp":1568112926,"path_taken":["M","M","M","$","M","R","?","R","T","R","M","E","M","?","R","BOSS","M","M","?","M","$","R","M","R","T","R","?","M","M","?","R","BOSS","M","?","$","M","?","E","R","M","T","R","$","E","R","?","R","BOSS"],"build_version":"2019-09-09v2","purchased_purges":2,"victory":true,"max_hp_per_floor":[65,65,65,65,65,65,65,65,65,65,65,65,65,65,65,65,65,65,65,65,65,65,65,65,65,65,65,65,65,65,70,70,70,70,70,70,70,70,70,70,70,70,70,70,70,70,70,70,70,70],"card_choices":[{"not_picked":["EmptyMind","EmptyBody"],"picked":"FollowUp","floor":1.0},{"not_picked":["Sanctity","Fasting"],"picked":"SandsOfTime","floor":2.0},{"not_picked":["Perseverance","EmptyFist"],"picked":"Unraveling","floor":3.0},{"not_picked":["FollowUp","Consecrate"],"picked":"Establishment","floor":5.0},{"not_picked":["Adaptation","InnerPeace"],"picked":"Protect","floor":11.0},{"not_picked":["Halt","Wallop","FollowUp"],"picked":"SKIP","floor":12.0},{"not_picked":["SpiritShield","Consecrate"],"picked":"CarveReality","floor":13.0},{"not_picked":["Vault","Ragnarok"],"picked":"FlowState","floor":16.0},{"not_picked":["Consecrate","FollowUp","Tantrum+1"],"picked":"SKIP","floor":18.0},{"not_picked":["Consecrate","InnerPeace"],"picked":"SandsOfTime","floor":19.0},{"not_picked":["Conclude+1","Tantrum","Establishment"],"picked":"SKIP","floor":21.0},{"not_picked":["ReachHeaven","FollowUp"],"picked":"EmptyBody+1","floor":24.0},{"not_picked":["Establishment","SpiritShield+1","Adaptation"],"picked":"CutThroughFate","floor":29.0},{"not_picked":["FollowUp+1","ClearTheMind","Scrawl"],"picked":"SandsOfTime","floor":30.0},{"not_picked":["Judgement","Brilliance","Unraveling"],"picked":"MasterReality","floor":33.0},{"not_picked":["TalkToTheHand","Halt+1","EmptyFist+1"],"picked":"EmptyMind+1","floor":35.0},{"not_picked":["FollowUp","JustLucky+1","Crescendo"],"picked":"Adaptation+1","floor":38.0},{"not_picked":["WindmillStrike","Protect","Sanctity"],"picked":"Crescendo+1","floor":40.0},{"not_picked":["CarveReality+1","Halt+1","EmptyFist"],"picked":"Nirvana","floor":42.0},{"not_picked":["ClearTheMind+1","CarveReality+1","EmptyMind"],"picked":"Sanctity","floor":46},{"not_picked":["JustLucky","ClearTheMind+1","EmptyFist+1"],"picked":"Crescendo+1","floor":47}],"player_experience":580316,"relics_obtained":[{"floor":9.0,"key":"Ginger"},{"floor":12.0,"key":"Eternal Feather"},{"floor":14.0,"key":"Vajra"},{"floor":17.0,"key":"MealTicket"},{"floor":17.0,"key":"Pantograph"},{"floor":17.0,"key":"Du-Vu Doll"},{"floor":26.0,"key":"Question Card"},{"floor":28.0,"key":"Gremlin Horn"},{"floor":40.0,"key":"Orichalcum"},{"floor":43.0,"key":"Blood Vial"},{"floor":46,"key":"Dream Catcher"}],"event_choices":[{"cards_removed":["Strike_P"],"damage_healed":0.0,"max_hp_gain":0.0,"max_hp_loss":0.0,"gold_gain":0.0,"event_name":"The Cleric","player_choice":"Card Removal","floor":7.0,"gold_loss":50.0,"damage_taken":0.0},{"damage_healed":0.0,"max_hp_gain":0.0,"max_hp_loss":0.0,"gold_gain":0.0,"event_name":"Addict","player_choice":"Obtained Relic","floor":20.0,"gold_loss":85.0,"damage_taken":0.0,"relics_obtained":["Juzu Bracelet"]},{"damage_healed":0.0,"max_hp_gain":0.0,"max_hp_loss":0.0,"gold_gain":0.0,"event_name":"Wheel of Change","player_choice":"Relic","floor":28.0,"gold_loss":0.0,"damage_taken":0.0},{"damage_healed":0.0,"max_hp_gain":5.0,"max_hp_loss":0.0,"gold_gain":0.0,"event_name":"Forgotten Altar","player_choice":"Shed Blood","floor":31.0,"gold_loss":0.0,"damage_taken":16.0},{"damage_healed":0.0,"max_hp_gain":0.0,"max_hp_loss":0.0,"gold_gain":100.0,"event_name":"Golden Shrine","player_choice":"Pray","floor":36.0,"gold_loss":0.0,"damage_taken":0.0},{"damage_healed":0.0,"max_hp_gain":0.0,"max_hp_loss":0.0,"gold_gain":0.0,"event_name":"Mysterious Sphere","player_choice":"Ignored","floor":39.0,"gold_loss":0.0,"damage_taken":0.0},{"damage_healed":0,"gold_gain":0,"player_choice":"Gave Potion","damage_taken":0,"relics_obtained":["InkBottle"],"max_hp_gain":0,"max_hp_loss":0,"event_name":"WeMeetAgain","floor":48,"gold_loss":0}],"is_beta":true,"boss_relics":[{"not_picked":["SacredBark","Runic Dome"],"picked":"Calling Bell"},{"not_picked":["Astrolabe","Philosopher\u0027s Stone"],"picked":"Cursed Key"}],"items_purged_floors":[22,45],"is_endless":false,"potions_floor_spawned":[1,3,5,12,13,18,30,33,38,46],"ascension_level":0}