{"gold_per_floor":[116,43,57,7,7,7,7,7,77,94,108,124,137,137,137,242,242,258,273,273,273,11,24,24,24,70,88,107,7,7,25,25,25],"floor_reached":33,"playtime":5516,"items_purged":["Strike_R","Strike_R"],"score":239,"play_id":"07d6e5eb-673c-4369-bb2e-ca0e485b216a","local_time":"20190701211510","is_ascension_mode":false,"campfire_choices":[{"data":"Armaments","floor":6,"key":"SMITH"},{"data":"Metallicize","floor":8,"key":"SMITH"},{"data":"True Grit","floor":15,"key":"SMITH"},{"floor":25,"key":"REST"},{"floor":30,"key":"REST"},{"data":"Barricade","floor":32,"key":"SMITH"}],"neow_cost":"NONE","seed_source_timestamp":4889920015800,"circlet_count":0,"master_deck":["Strike_R","Strike_R","Defend_R","Defend_R","Defend_R","Defend_R","Bash","True Grit+1","Headbutt","Metallicize+1","Armaments+1","Shrug It Off","Heavy Blade+1","Clothesline+1","Rampage+1","Barricade+1","True Grit+1","Whirlwind+1","Ghostly Armor","Body Slam+1","Uppercut+1","Evolve"],"relics":["Burning Blood","Molten Egg 2","Darkstone Periapt","Velvet Choker","Vajra","Oddly Smooth Stone"],"potions_floor_usage":[16,18,18,28,31],"damage_taken":[{"damage":4,"enemies":"2 Louse","floor":1,"turns":3},{"damage":3,"enemies":"Jaw Worm","floor":3,"turns":4},{"damage":2,"enemies":"Cultist","floor":10,"turns":5},{"damage":5,"enemies":"Large Slime","floor":11,"turns":9},{"damage":1,"enemies":"Blue Slaver","floor":12,"turns":4},{"damage":5,"enemies":"Exordium Thugs","floor":13,"turns":5},{"damage":45,"enemies":"Hexaghost","floor":16,"turns":12},{"damage":4,"enemies":"Spheric Guardian","floor":18,"turns":8},{"damage":35,"enemies":"3 Byrds","floor":19,"turns":10},{"damage":0,"enemies":"Snecko","floor":23,"turns":6},{"damage":15,"enemies":"Snake Plant","floor":27,"turns":6},{"damage":0,"enemies":"Chosen and Byrds","floor":28,"turns":6},{"damage":3,"enemies":"Sentry and Sphere","floor":31,"turns":8},{"damage":93,"enemies":"Automaton","floor":33,"turns":12}],"seed_played":"-7459787015698445133","potions_obtained":[{"floor":1,"key":"Weak Potion"},{"floor":10,"key":"Weak Potion"},{"floor":11,"key":"Dexterity Potion"},{"floor":19,"key":"Block Potion"},{"floor":27,"key":"LiquidBronze"}],"is_trial":false,"path_per_floor":["M","$","M","$","?","R","T","R","T","M","M","M","M","?","R","B",null,"M","M","$","?","$","M","?","R","T","M","M","$","R","M","R","B"],"character_chosen":"IRONCLAD","items_purchased":["Metallicize","Shrug It Off","Vajra","Ghostly Armor"],"campfire_rested":2,"item_purchase_floors":[2,4,22,22],"current_hp_per_floor":[80,80,80,80,80,80,80,80,80,80,80,80,80,85,85,46,85,85,56,56,40,40,46,37,64,64,55,61,61,88,90,90,0],"gold":25,"neow_bonus":"TRANSFORM_CARD","is_prod":false,"is_daily":false,"chose_seed":false,"campfire_upgraded":4,"win_rate":1,"timestamp":1562012110,"path_taken":["M","$","M","$","?","R","?","R","T","M","?","M","M","?","R","BOSS","M","M","$","?","$","M","?","R","T","M","?","$","R","M","R","BOSS"],"build_version":"2019-01-23","purchased_purges":2,"victory":false,"max_hp_per_floor":[80,80,80,80,80,80,80,80,80,80,80,80,80,85,85,85,85,85,85,85,90,90,90,90,90,90,90,90,90,90,90,90,90],"card_choices":[{"not_picked":["Sever Soul","Sword Boomerang"],"picked":"Headbutt","floor":1},{"not_picked":["Iron Wave","True Grit"],"picked":"Armaments","floor":3},{"not_picked":["Perfected Strike+1","Rupture"],"picked":"Heavy Blade+1","floor":10},{"not_picked":["Searing Blow+1","Fiend Fire+1"],"picked":"Clothesline+1","floor":11},{"not_picked":["Armaments","Fire Breathing"],"picked":"Rampage+1","floor":12},{"not_picked":["Evolve","Sword Boomerang+1","True Grit"],"picked":"SKIP","floor":13},{"not_picked":["Evolve","Sword Boomerang+1","True Grit"],"picked":"SKIP","floor":13},{"not_picked":["Fiend Fire+1","Reaper+1"],"picked":"Barricade","floor":16},{"not_picked":["Sever Soul+1","Twin Strike+1"],"picked":"True Grit+1","floor":18},{"not_picked":["Flex","Twin Strike+1"],"picked":"Whirlwind+1","floor":19},{"not_picked":["Clash+1","Flex+1"],"picked":"Body Slam+1","floor":23},{"not_picked":["Rage","Twin Strike+1"],"picked":"Uppercut+1","floor":27},{"not_picked":["Perfected Strike+1","Clash+1","True Grit"],"picked":"SKIP","floor":28},{"not_picked":["Fire Breathing","Reckless Charge+1"],"picked":"Evolve","floor":31}],"player_experience":15274,"relics_obtained":[{"floor":7,"key":"Molten Egg 2"},{"floor":9,"key":"Darkstone Periapt"},{"floor":26,"key":"Oddly Smooth Stone"}],"event_choices":[{"damage_healed":0,"gold_gain":0,"player_choice":"Ignored","damage_taken":0,"max_hp_gain":0,"max_hp_loss":0,"event_name":"Liars Game","floor":5,"gold_loss":0},{"damage_healed":0,"gold_gain":0,"player_choice":"Donut","damage_taken":0,"max_hp_gain":5,"max_hp_loss":0,"event_name":"Big Fish","floor":14,"gold_loss":0},{"damage_healed":0,"gold_gain":0,"player_choice":"Shed Blood","damage_taken":21,"max_hp_gain":5,"max_hp_loss":0,"event_name":"Forgotten Altar","floor":21,"gold_loss":0},{"damage_healed":0,"gold_gain":0,"player_choice":"","damage_taken":9,"max_hp_gain":0,"max_hp_loss":0,"event_name":"Knowing Skull","floor":24,"potions_obtained":[],"gold_loss":0,"cards_obtained":[]}],"is_beta":false,"boss_relics":[{"not_picked":["Runic Pyramid","Philosopher\u0027s Stone"],"picked":"Velvet Choker"}],"items_purged_floors":[22,29],"is_endless":false,"potions_floor_spawned":[1,10,11,19,27],"killed_by":"Automaton","ascension_level":0}