{"gold_per_floor":[113,125,125,138,33,33,49,74,121,155,155,165,185,201,201,275,275,255,180,199,249,249,249,261,261,287,299,324,336,364,388,400,412],"floor_reached":33,"playtime":1408,"items_purged":["Strike_B"],"score":496,"play_id":"0ae04c84-5a80-4a28-878c-6965151cf3f1","local_time":"20181008235833","is_ascension_mode":true,"campfire_choices":[{"data":"Fusion","floor":6.0,"key":"SMITH"},{"floor":11.0,"key":"REST"},{"data":"Tempest","floor":15.0,"key":"SMITH"},{"data":"Bandage Up","floor":23.0,"key":"SMITH"},{"data":"Zap","floor":25.0,"key":"SMITH"},{"data":"Conserve Battery","floor":27.0,"key":"SMITH"},{"data":"Capacitor","floor":29.0,"key":"SMITH"},{"data":"Dualcast","floor":32.0,"key":"SMITH"}],"neow_cost":"NONE","seed_source_timestamp":9752800645920,"circlet_count":0,"master_deck":["Strike_B","Strike_B","Defend_B","Defend_B","Defend_B","Zap+1","Dualcast+1","AscendersBane","Leap","Cold Snap","Fusion+1","Lockon+1","Bandage Up+1","Tempest+1","Cold Snap","Capacitor+1","Compile Driver","Skim","Melter","Reboot","Sweeping Beam","Conserve Battery+1","Steam Power","Compile Driver+1","Seek","Undo+1"],"special_seed":0,"relics":["Cracked Core","Question Card","Oddly Smooth Stone","Bag of Preparation","Coffee Dripper","MawBank"],"potions_floor_usage":[33],"damage_taken":[{"damage":1.0,"enemies":"Cultist","floor":1.0,"turns":4.0},{"damage":5.0,"enemies":"Jaw Worm","floor":2.0,"turns":3.0},{"damage":0.0,"enemies":"Small Slimes","floor":4.0,"turns":3.0},{"damage":33.0,"enemies":"Exordium Thugs","floor":7.0,"turns":7.0},{"damage":21.0,"enemies":"3 Sentries","floor":8.0,"turns":7.0},{"damage":9.0,"enemies":"Gremlin Nob","floor":10.0,"turns":3.0},{"damage":4.0,"enemies":"Exordium Wildlife","floor":12.0,"turns":5.0},{"damage":1.0,"enemies":"Blue Slaver","floor":13.0,"turns":3.0},{"damage":4.0,"enemies":"Gremlin Gang","floor":14.0,"turns":3.0},{"damage":22.0,"enemies":"Hexaghost","floor":16.0,"turns":8.0},{"damage":20.0,"enemies":"2 Thieves","floor":18.0,"turns":4.0},{"damage":0.0,"enemies":"Spheric Guardian","floor":20.0,"turns":2.0},{"damage":14.0,"enemies":"Cultist and Chosen","floor":24.0,"turns":5.0},{"damage":22.0,"enemies":"Shelled Parasite and Fungi","floor":28.0,"turns":4.0},{"damage":1.0,"enemies":"Snake Plant","floor":30.0,"turns":3.0},{"damage":14.0,"enemies":"Snecko","floor":31.0,"turns":3.0},{"damage":27,"enemies":"Collector","floor":33,"turns":5}],"seed_played":"6602670037628378284","potions_obtained":[{"floor":4.0,"key":"FearPotion"},{"floor":7.0,"key":"Strength Potion"},{"floor":10.0,"key":"Fire Potion"},{"floor":12.0,"key":"LiquidBronze"},{"floor":14.0,"key":"AttackPotion"},{"floor":20.0,"key":"Ancient Potion"},{"floor":24.0,"key":"Strength Potion"}],"is_trial":false,"path_per_floor":["M","M","?","M","$","R","M","E","T","E","R","M","M","M","R","B",null,"M","$","M","?","?","R","M","R","T","R","M","R","M","M","R"],"character_chosen":"DEFECT","items_purchased":["Bandage Up"],"campfire_rested":1,"item_purchase_floors":[5],"current_hp_per_floor":[63,58,58,58,58,58,29,12,12,7,28,28,31,31,31,13,57,41,41,45,45,45,45,37,37,37,37,21,21,26,18,18,0],"gold":412,"neow_bonus":"REMOVE_CARD","is_prod":false,"is_daily":false,"chose_seed":false,"campfire_upgraded":7,"win_rate":0,"timestamp":1539068313,"path_taken":["M","M","?","M","$","R","M","E","T","E","R","M","M","M","R","BOSS","M","$","M","?","?","R","M","R","T","R","M","R","?","?","R","BOSS"],"build_version":"2018-10-08","purchased_purges":1,"victory":false,"max_hp_per_floor":[71,71,71,71,71,71,71,71,71,71,71,71,71,71,71,71,71,71,71,71,71,71,71,71,71,71,71,71,71,71,71,71,71],"card_choices":[{"not_picked":["Barrage","Stack"],"picked":"Leap","floor":1.0},{"not_picked":["Doom and Gloom","Double Energy"],"picked":"Cold Snap","floor":2.0},{"not_picked":["Gash","Leap"],"picked":"Lockon","floor":4.0},{"not_picked":["Leap","Steam"],"picked":"Tempest","floor":7.0},{"not_picked":["Sweeping Beam","Tempest"],"picked":"Cold Snap","floor":8.0},{"not_picked":["Creative AI","Fusion","Heatsinks"],"picked":"Capacitor","floor":10.0},{"not_picked":["Beam Cell","Aggregate","Barrage"],"picked":"Compile Driver","floor":12.0},{"not_picked":["Cold Snap","Blizzard","Leap"],"picked":"Skim","floor":13.0},{"not_picked":["Rebound","Stack","Fusion"],"picked":"Melter","floor":14.0},{"not_picked":["Machine Learning","Hyperbeam","Creative AI"],"picked":"Reboot","floor":16.0},{"not_picked":["Streamline","Ball Lightning","Turbo"],"picked":"Sweeping Beam","floor":18.0},{"not_picked":["Gash","Force Field","Capacitor"],"picked":"Conserve Battery","floor":20.0},{"not_picked":["Rebound","Coolheaded","Blizzard"],"picked":"Steam Power","floor":24.0},{"not_picked":["Sweeping Beam","BootSequence","Go for the Eyes"],"picked":"Compile Driver+1","floor":28.0},{"not_picked":["Storm","Conserve Battery","Compile Driver"],"picked":"Seek","floor":30.0},{"not_picked":["Streamline","Fusion","Go for the Eyes"],"picked":"Undo+1","floor":31.0}],"player_experience":517081,"relics_obtained":[{"floor":8.0,"key":"Question Card"},{"floor":9.0,"key":"Oddly Smooth Stone"},{"floor":10.0,"key":"Bag of Preparation"},{"floor":26.0,"key":"MawBank"}],"event_choices":[{"event_name":"Transmorgrifier","player_choice":"Transform","floor":3.0,"damage_taken":0.0},{"event_name":"Nest","player_choice":"Stole From Cult","floor":21.0,"damage_taken":0.0},{"event_name":"Accursed Blacksmith","player_choice":"Forge","floor":22.0,"damage_taken":0.0}],"is_beta":true,"boss_relics":[{"not_picked":["Lizard Tail","Runic Pyramid"],"picked":"Coffee Dripper"}],"items_purged_floors":[19],"is_endless":false,"potions_floor_spawned":[4,7,10,12,14,20,24],"killed_by":"Collector","ascension_level":18}