{"gold_per_floor":[119,394,281,299,316,351,351,383,410,436,449,213,229,244,244,341,341,353,353,86,99,99,99],"floor_reached":23,"playtime":693,"items_purged":["Regret"],"score":299,"play_id":"d88b9d70-1f7f-4af6-8088-efdee3661d9f","local_time":"20190210154939","is_ascension_mode":true,"campfire_choices":[{"floor":15,"key":"REST"}],"neow_cost":"NONE","seed_source_timestamp":598868203544276,"circlet_count":0,"master_deck":["Defend_G+1","Defend_G+1","Defend_G+1","Defend_G+1","Defend_G+1","Strike_G+1","Strike_G+1","Strike_G+1","Strike_G+1","Strike_G+1","Neutralize","Corpse Explosion","Dodge and Roll","Footwork","Backstab","Blade Dance+1","Accuracy","Noxious Fumes","Footwork","Backflip","Accuracy","A Thousand Cuts","After Image","Cloak And Dagger","Backstab"],"relics":["Ring of the Snake","Strawberry","FaceOfCleric","Centennial Puzzle","Orichalcum","Happy Flower","War Paint","WristBlade","Blood Vial","Tiny Chest"],"potions_floor_usage":[6,10,16,16,16],"damage_taken":[{"damage":7,"enemies":"Jaw Worm","floor":1,"turns":4},{"damage":5,"enemies":"Cultist","floor":4,"turns":4},{"damage":0,"enemies":"2 Louse","floor":5,"turns":2},{"damage":18,"enemies":"Gremlin Nob","floor":6,"turns":4},{"damage":17,"enemies":"3 Sentries","floor":8,"turns":4},{"damage":23,"enemies":"Lagavulin","floor":10,"turns":8},{"damage":0,"enemies":"Exordium Thugs","floor":11,"turns":5},{"damage":0,"enemies":"Large Slime","floor":13,"turns":6},{"damage":1,"enemies":"3 Louse","floor":14,"turns":3},{"damage":30,"enemies":"Slime Boss","floor":16,"turns":10},{"damage":19,"enemies":"3 Byrds","floor":18,"turns":4},{"damage":14,"enemies":"2 Thieves","floor":21,"turns":2},{"damage":50,"enemies":"Gremlin Leader","floor":23,"turns":4}],"seed_played":"-3641369378503831558","potions_obtained":[{"floor":4,"key":"Weak Potion"},{"floor":8,"key":"GhostInAJar"},{"floor":10,"key":"EssenceOfSteel"},{"floor":13,"key":"Weak Potion"},{"floor":14,"key":"Regen Potion"}],"is_trial":false,"path_per_floor":["M","?","$","M","M","E","?","E","T","E","M","$","M","M","R","B",null,"M","?","$","M","?","E"],"character_chosen":"THE_SILENT","items_purchased":["Footwork","War Paint","Accuracy","Blood Vial","Tiny Chest"],"campfire_rested":1,"item_purchase_floors":[3,12,12,20,20],"current_hp_per_floor":[56,56,56,51,51,40,40,24,24,2,3,3,4,4,28,14,66,48,48,48,37,37,0],"gold":99,"neow_bonus":"ONE_RANDOM_RARE_CARD","is_prod":false,"is_daily":false,"chose_seed":false,"campfire_upgraded":0,"win_rate":0,"timestamp":1549838979,"path_taken":["M","?","$","M","?","E","?","E","T","E","M","?","M","M","R","BOSS","M","?","$","M","?","E"],"build_version":"2019-01-23","purchased_purges":1,"victory":false,"max_hp_per_floor":[70,70,70,70,70,77,77,78,78,79,80,80,81,82,82,83,83,84,84,84,85,85,85],"card_choices":[{"not_picked":["Underhanded Strike","Riddle With Holes"],"picked":"Dodge and Roll","floor":1},{"not_picked":["Riddle With Holes","Caltrops"],"picked":"Backstab","floor":4},{"not_picked":["Reflex","Flying Knee"],"picked":"Blade Dance","floor":5},{"not_picked":["Escape Plan","Dagger Throw"],"picked":"Accuracy","floor":6},{"not_picked":["Escape Plan","Tactician"],"picked":"Noxious Fumes","floor":8},{"not_picked":["Bane","Slice"],"picked":"Footwork","floor":10},{"not_picked":["Blade Dance","Acrobatics"],"picked":"Backflip","floor":11},{"not_picked":["Predator","Bane"],"picked":"A Thousand Cuts","floor":13},{"not_picked":["Flying Knee","Dagger Spray","Dodge and Roll"],"picked":"SKIP","floor":14},{"not_picked":["Glass Knife","Wraith Form v2"],"picked":"After Image","floor":16},{"not_picked":["All Out Attack","Flying Knee"],"picked":"Cloak And Dagger","floor":18},{"not_picked":["Bane","Underhanded Strike+1"],"picked":"Backstab","floor":21}],"player_experience":350617,"relics_obtained":[{"floor":6,"key":"Strawberry"},{"floor":8,"key":"Centennial Puzzle"},{"floor":9,"key":"Orichalcum"},{"floor":10,"key":"Happy Flower"}],"event_choices":[{"damage_healed":0,"gold_gain":275,"player_choice":"Desecrate","damage_taken":0,"max_hp_gain":0,"max_hp_loss":0,"event_name":"Golden Shrine","floor":2,"gold_loss":0,"cards_obtained":["Regret"]},{"damage_healed":0,"gold_gain":0,"player_choice":"Trade","damage_taken":0,"relics_obtained":["FaceOfCleric"],"max_hp_gain":0,"max_hp_loss":0,"event_name":"FaceTrader","floor":7,"gold_loss":0},{"damage_healed":0,"gold_gain":0,"player_choice":"Simplicity","damage_taken":0,"max_hp_gain":0,"max_hp_loss":0,"event_name":"Back to Basics","floor":19,"gold_loss":0,"cards_upgraded":["Defend_G","Defend_G","Defend_G","Defend_G","Strike_G","Strike_G","Strike_G","Strike_G","Strike_G"]},{"cards_removed":["Survivor"],"damage_healed":0,"gold_gain":0,"player_choice":"Purged","damage_taken":0,"max_hp_gain":0,"max_hp_loss":0,"event_name":"Purifier","floor":22,"gold_loss":0}],"is_beta":false,"boss_relics":[{"not_picked":["Ring of the Serpent","Orrery"],"picked":"WristBlade"}],"items_purged_floors":[3],"is_endless":false,"potions_floor_spawned":[4,8,10,13,14],"killed_by":"Gremlin Leader","ascension_level":6}