{"gold_per_floor":[119,49,61,61,61,99,99,112,112,143,167,167,181,215,215,341,341,341,341,341,341,48,48,48,48,48,48,48,48,48,48,48,48],"floor_reached":33,"playtime":1213,"items_purged":["Regret"],"score":421,"play_id":"b51d0634-0a04-41a6-b3aa-a7ce5b6f76c0","local_time":"20190214224143","is_ascension_mode":true,"campfire_choices":[{"data":"Neutralize","floor":7,"key":"SMITH"},{"floor":15,"key":"REST"},{"floor":24,"key":"REST"},{"data":"Infinite Blades","floor":32,"key":"SMITH"}],"neow_cost":"NONE","seed_source_timestamp":5317106106559,"circlet_count":0,"master_deck":["Defend_G","Defend_G","Defend_G","Defend_G","Defend_G","Strike_G","Strike_G","Strike_G","Strike_G","Strike_G","Survivor","Neutralize+1","Bouncing Flask","Footwork","Dagger Throw","Storm of Steel+1","Blade Dance+1","Dagger Spray","Dramatic Entrance","Blade Dance+1","Deadly Poison+1","Night Terror+1","Blur+1","PiercingWail+1","Backflip+1","Infinite Blades+1","Wraith Form v2","Phantasmal Killer+1","Blur+1","Caltrops"],"relics":["Ring of the Snake","NeowsBlessing","Toxic Egg 2","Golden Idol","Kunai","FossilizedHelix","Bag of Preparation","Odd Mushroom","Ectoplasm","Oddly Smooth Stone","Pen Nib","Mercury Hourglass","Juzu Bracelet","MutagenicStrength"],"potions_floor_usage":[14,16,16,23,23,33],"damage_taken":[{"damage":0,"enemies":"Cultist","floor":1,"turns":1},{"damage":0,"enemies":"Small Slimes","floor":3,"turns":1},{"damage":0,"enemies":"Gremlin Nob","floor":6,"turns":1},{"damage":7,"enemies":"Jaw Worm","floor":8,"turns":2},{"damage":22,"enemies":"3 Sentries","floor":10,"turns":8},{"damage":6,"enemies":"3 Louse","floor":11,"turns":3},{"damage":0,"enemies":"Looter","floor":13,"turns":3},{"damage":0,"enemies":"The Mushroom Lair","floor":14,"turns":2},{"damage":15,"enemies":"Hexaghost","floor":16,"turns":7},{"damage":2,"enemies":"Spheric Guardian","floor":18,"turns":3},{"damage":6,"enemies":"Chosen","floor":19,"turns":4},{"damage":0,"enemies":"3 Cultists","floor":20,"turns":5},{"damage":16,"enemies":"Snake Plant","floor":21,"turns":7},{"damage":17,"enemies":"Slavers","floor":23,"turns":9},{"damage":36,"enemies":"Book of Stabbing","floor":25,"turns":9},{"damage":0,"enemies":"Centurion and Healer","floor":28,"turns":7},{"damage":0,"enemies":"Cultist and Chosen","floor":30,"turns":4},{"damage":0,"enemies":"Snake Plant","floor":31,"turns":3},{"damage":25,"enemies":"Automaton","floor":33,"turns":8}],"seed_played":"3815828353833681559","potions_obtained":[{"floor":1,"key":"LiquidBronze"},{"floor":3,"key":"Weak Potion"},{"floor":10,"key":"Energy Potion"},{"floor":18,"key":"GamblersBrew"},{"floor":21,"key":"GhostInAJar"},{"floor":31,"key":"SpeedPotion"}],"is_trial":false,"path_per_floor":["M","$","M","?","?","E","R","M","T","E","M","?","M","?","R","B",null,"M","M","M","M","$","E","R","E","T","?","M","?","M","M","R","B"],"character_chosen":"THE_SILENT","items_purchased":["Footwork","Infinite Blades","Oddly Smooth Stone"],"campfire_rested":2,"item_purchase_floors":[2,22,22],"current_hp_per_floor":[63,63,63,63,46,46,46,39,39,17,11,11,11,11,32,17,57,55,49,49,33,33,16,37,1,1,1,1,24,24,24,24,0],"gold":48,"neow_bonus":"THREE_ENEMY_KILL","is_prod":false,"is_daily":false,"chose_seed":false,"campfire_upgraded":2,"win_rate":0,"timestamp":1550209303,"path_taken":["M","?","M","?","?","E","R","M","T","E","M","?","?","?","R","BOSS","M","M","M","M","$","E","R","E","T","?","M","?","M","M","R","BOSS"],"build_version":"2019-01-23","purchased_purges":1,"victory":false,"max_hp_per_floor":[70,70,70,70,70,70,70,70,70,70,70,70,70,70,70,70,70,70,70,70,70,70,70,70,70,70,70,70,70,70,70,70,70],"card_choices":[{"not_picked":["Deflect","Sucker Punch"],"picked":"Bouncing Flask","floor":1},{"not_picked":["Eviscerate","Expertise"],"picked":"Dagger Throw","floor":3},{"not_picked":["Caltrops","Escape Plan+1"],"picked":"Storm of Steel+1","floor":6},{"not_picked":["Bane","Reflex+1"],"picked":"Blade Dance+1","floor":8},{"not_picked":["Quick Slash","Bane"],"picked":"Dagger Spray","floor":10},{"not_picked":["Concentrate+1","Deflect+1","Expertise+1"],"picked":"SKIP","floor":11},{"not_picked":["Prepared+1","Dodge and Roll+1"],"picked":"Blade Dance+1","floor":13},{"not_picked":["Unload","Flying Knee"],"picked":"Deadly Poison+1","floor":14},{"not_picked":["Adrenaline+1","Burst+1"],"picked":"Night Terror+1","floor":16},{"not_picked":["Underhanded Strike","Acrobatics+1"],"picked":"Blur+1","floor":18},{"not_picked":["Bane+1","Outmaneuver+1"],"picked":"PiercingWail+1","floor":19},{"not_picked":["Dagger Spray","Underhanded Strike"],"picked":"Backflip+1","floor":20},{"not_picked":["Outmaneuver+1","Concentrate+1","Tactician+1"],"picked":"SKIP","floor":21},{"not_picked":["Acrobatics+1","Outmaneuver+1"],"picked":"Wraith Form v2","floor":23},{"not_picked":["Calculated Gamble+1","Dodge and Roll+1"],"picked":"Phantasmal Killer+1","floor":25},{"not_picked":["Underhanded Strike+1","Eviscerate+1"],"picked":"Blur+1","floor":28},{"not_picked":["Backflip+1","Deflect+1"],"picked":"Caltrops","floor":30},{"not_picked":["Quick Slash","Eviscerate","Flechettes+1"],"picked":"SKIP","floor":31}],"player_experience":359728,"relics_obtained":[{"floor":6,"key":"Kunai"},{"floor":9,"key":"FossilizedHelix"},{"floor":10,"key":"Bag of Preparation"},{"floor":14,"key":"Odd Mushroom"},{"floor":23,"key":"Pen Nib"},{"floor":25,"key":"Mercury Hourglass"},{"floor":26,"key":"Juzu Bracelet"}],"event_choices":[{"damage_healed":0,"gold_gain":0,"player_choice":"Box","damage_taken":0,"relics_obtained":["Toxic Egg 2"],"max_hp_gain":0,"max_hp_loss":0,"event_name":"Big Fish","floor":4,"gold_loss":0,"cards_obtained":["Regret"]},{"damage_healed":0,"gold_gain":0,"player_choice":"Take Damage","damage_taken":17,"relics_obtained":["Golden Idol"],"max_hp_gain":0,"max_hp_loss":0,"event_name":"Golden Idol","floor":5,"gold_loss":0},{"damage_healed":0,"gold_gain":0,"player_choice":"1 cards matched","damage_taken":0,"max_hp_gain":0,"max_hp_loss":0,"event_name":"Match and Keep!","floor":12,"gold_loss":0,"cards_obtained":["Dramatic Entrance"]},{"damage_healed":0,"gold_gain":0,"player_choice":"Fought Mushrooms","damage_taken":0,"max_hp_gain":0,"max_hp_loss":0,"event_name":"Mushrooms","floor":14,"gold_loss":0},{"damage_healed":0,"gold_gain":0,"player_choice":"Inject Mutagens","damage_taken":0,"relics_obtained":["MutagenicStrength"],"max_hp_gain":0,"max_hp_loss":0,"event_name":"Drug Dealer","floor":27,"gold_loss":0},{"damage_healed":23,"gold_gain":0,"player_choice":"Heal","damage_taken":0,"max_hp_gain":0,"max_hp_loss":0,"event_name":"The Library","floor":29,"gold_loss":0}],"is_beta":false,"boss_relics":[{"not_picked":["Fusion Hammer","Busted Crown"],"picked":"Ectoplasm"}],"items_purged_floors":[22],"is_endless":false,"potions_floor_spawned":[1,3,10,11,18,21,31],"killed_by":"Automaton","ascension_level":6}