{"gold_per_floor":[115,40,40,50,62,62,8,20,20,35,45,45,63,77,77,180,180,193,118,18,18,28,28,28,59,59,59,76,76,108,19,19,124,124,137,137,154,154,171,171,120,138,220,232,232,232,252,271,271,271],"floor_reached":51,"playtime":5670,"items_purged":["Regret","Strike_G"],"score":611,"play_id":"c1cb4b79-d4bf-475c-87d1-a403a95ceef4","local_time":"20190919040153","is_ascension_mode":false,"campfire_choices":[{"data":"Tactician","floor":6,"key":"SMITH"},{"data":"Dagger Throw","floor":12,"key":"SMITH"},{"data":"Backstab","floor":15,"key":"SMITH"},{"floor":23,"key":"REST"},{"data":"Tools of the Trade","floor":27,"key":"SMITH"},{"data":"Backstab","floor":32,"key":"SMITH"},{"data":"Burst","floor":40,"key":"SMITH"},{"data":"Underhanded Strike","floor":46,"key":"SMITH"},{"floor":49,"key":"REST"}],"neow_cost":"CURSE","seed_source_timestamp":581848922060700,"circlet_count":0,"master_deck":["Defend_G","Defend_G","Defend_G","Survivor","Neutralize","Sucker Punch","Backstab+1","Tactician+1","Flying Knee","Dagger Throw+1","Flying Knee","Underhanded Strike+1","Acrobatics","Backstab+1","Tools of the Trade+1","Doppelganger","Escape Plan","Sucker Punch+1","Deadly Poison","Crippling Poison","Noxious Fumes+1","Predator+1","Reflex","Burst+1","Underhanded Strike+1","Backflip+1","Endless Agony+1","Backflip+1"],"relics":["Ring of the Snake","Strawberry","Philosopher\u0027s Stone","Paper Crane","Matryoshka","Red Mask","Busted Crown","Kunai","Bottled Lightning","Eternal Feather","Ninja Scroll"],"potions_floor_usage":[13,16,16,16,18,25,33,33,39,42,44,50],"damage_taken":[{"damage":2,"enemies":"2 Louse","floor":1,"turns":2},{"damage":0,"enemies":"Cultist","floor":4,"turns":4},{"damage":0,"enemies":"Jaw Worm","floor":5,"turns":3},{"damage":0,"enemies":"Large Slime","floor":8,"turns":6},{"damage":0,"enemies":"2 Fungi Beasts","floor":10,"turns":3},{"damage":0,"enemies":"3 Louse","floor":11,"turns":3},{"damage":0,"enemies":"Exordium Wildlife","floor":13,"turns":2},{"damage":0,"enemies":"Gremlin Gang","floor":14,"turns":4},{"damage":11,"enemies":"Hexaghost","floor":16,"turns":10},{"damage":6,"enemies":"2 Thieves","floor":18,"turns":4},{"damage":0,"enemies":"Spheric Guardian","floor":22,"turns":3},{"damage":15,"enemies":"Slavers","floor":25,"turns":5},{"damage":0,"enemies":"Cultist and Chosen","floor":28,"turns":5},{"damage":14,"enemies":"Masked Bandits","floor":30,"turns":4},{"damage":17,"enemies":"Automaton","floor":33,"turns":9},{"damage":0,"enemies":"Orb Walker","floor":35,"turns":3},{"damage":20,"enemies":"3 Darklings","floor":37,"turns":4},{"damage":11,"enemies":"Sphere and 2 Shapes","floor":39,"turns":6},{"damage":10,"enemies":"Spire Growth","floor":42,"turns":4},{"damage":0,"enemies":"4 Shapes","floor":44,"turns":5},{"damage":23,"enemies":"3 Darklings","floor":47,"turns":3},{"damage":0,"enemies":"Jaw Worm Horde","floor":48,"turns":3},{"damage":25,"enemies":"Awakened One","floor":50,"turns":15}],"seed_played":"-3780009321970282623","potions_obtained":[{"floor":5,"key":"PowerPotion"},{"floor":10,"key":"Swift Potion"},{"floor":11,"key":"SkillPotion"},{"floor":14,"key":"SpeedPotion"},{"floor":16,"key":"FearPotion"},{"floor":22,"key":"Energy Potion"},{"floor":30,"key":"Weak Potion"},{"floor":33,"key":"Dexterity Potion"},{"floor":35,"key":"GhostInAJar"},{"floor":37,"key":"Block Potion"},{"floor":39,"key":"Weak Potion"}],"is_trial":false,"path_per_floor":["M","$","?","M","M","R","$","M","T","M","M","R","M","M","R","B",null,"M","?","$","?","M","R","?","E","T","R","M","?","?","$","R","B",null,"M","?","M","T","M","R","$","M","T","M","?","R","M","M","R","B",null],"character_chosen":"THE_SILENT","items_purchased":["Flying Knee","Reflex","SkillPotion","Backflip"],"campfire_rested":2,"item_purchase_floors":[7,31,31,41],"current_hp_per_floor":[68,68,68,68,68,68,68,68,75,75,75,75,75,75,75,64,77,71,71,71,57,57,81,81,66,66,66,66,66,52,52,52,35,82,82,82,62,62,51,51,51,41,41,41,41,56,33,33,72,47],"gold":271,"neow_bonus":"TRANSFORM_TWO_CARDS","is_prod":false,"is_daily":false,"chose_seed":false,"campfire_upgraded":7,"win_rate":0.0,"timestamp":1568880113,"path_taken":["M","$","?","M","M","R","$","M","T","M","M","R","?","M","R","BOSS","M","?","$","?","M","R","?","E","T","R","M","?","?","?","R","BOSS","M","?","M","?","?","R","$","M","T","M","?","R","M","M","R","BOSS"],"build_version":"2019-09-18","purchased_purges":2,"victory":true,"max_hp_per_floor":[70,70,70,70,70,70,70,70,77,77,77,77,77,77,77,77,77,77,77,77,82,82,82,82,82,82,82,82,82,82,82,82,82,82,82,82,82,82,82,82,82,82,82,82,82,82,82,82,82,82],"card_choices":[{"not_picked":["Dagger Spray","Dagger Throw"],"picked":"Tactician","floor":1},{"not_picked":["PiercingWail","Poisoned Stab"],"picked":"Flying Knee","floor":4},{"not_picked":["Expertise","Quick Slash"],"picked":"Dagger Throw","floor":5},{"not_picked":["Acrobatics","Infinite Blades"],"picked":"Underhanded Strike","floor":8},{"not_picked":["Cloak And Dagger","Flying Knee"],"picked":"Acrobatics","floor":10},{"not_picked":["Predator","Infinite Blades"],"picked":"Backstab","floor":11},{"not_picked":["Well Laid Plans","Tactician"],"picked":"Tools of the Trade","floor":13},{"not_picked":["Dodge and Roll","Acrobatics","Infinite Blades"],"picked":"SKIP","floor":14},{"not_picked":["Corpse Explosion","Glass Knife"],"picked":"Doppelganger","floor":16},{"not_picked":["Blade Dance","Bane"],"picked":"Escape Plan","floor":18},{"not_picked":["Caltrops","Crippling Poison"],"picked":"Sucker Punch+1","floor":22},{"not_picked":["Caltrops","Envenom"],"picked":"Noxious Fumes+1","floor":25},{"not_picked":["Acrobatics","Caltrops","Dodge and Roll"],"picked":"SKIP","floor":28},{"not_picked":["Crippling Poison","Slice"],"picked":"Predator+1","floor":30},{"not_picked":["Venomology","Tools of the Trade"],"picked":"Burst","floor":33},{"not_picked":[],"picked":"Underhanded Strike+1","floor":35},{"not_picked":["Dagger Spray+1"],"picked":"SKIP","floor":37},{"not_picked":["Expertise"],"picked":"SKIP","floor":39},{"not_picked":["Bane+1"],"picked":"SKIP","floor":42},{"not_picked":["Catalyst+1"],"picked":"SKIP","floor":44},{"not_picked":[],"picked":"Endless Agony+1","floor":47},{"not_picked":[],"picked":"Backflip+1","floor":48}],"player_experience":95244,"relics_obtained":[{"floor":9,"key":"Strawberry"},{"floor":25,"key":"Paper Crane"},{"floor":26,"key":"Matryoshka"},{"floor":30,"key":"Red Mask"},{"floor":38,"key":"Kunai"},{"floor":38,"key":"Bottled Lightning"},{"floor":43,"key":"Eternal Feather"},{"floor":43,"key":"Ninja Scroll"}],"event_choices":[{"cards_removed":["Strike_G"],"damage_healed":0,"gold_gain":0,"player_choice":"Took Card","damage_taken":0,"max_hp_gain":0,"max_hp_loss":0,"event_name":"NoteForYourself","floor":3,"gold_loss":0,"cards_obtained":["Iron Wave"]},{"cards_removed":["Strike_G"],"damage_healed":0,"gold_gain":0,"player_choice":"Gave Gold","damage_taken":0,"max_hp_gain":0,"max_hp_loss":0,"event_name":"Beggar","floor":19,"gold_loss":75},{"damage_healed":0,"gold_gain":0,"player_choice":"Shed Blood","damage_taken":19,"max_hp_gain":5,"max_hp_loss":0,"event_name":"Forgotten Altar","floor":21,"gold_loss":0},{"damage_healed":0,"gold_gain":0,"cards_transformed":["Strike_G","Defend_G"],"player_choice":"Became Test Subject","damage_taken":0,"max_hp_gain":0,"max_hp_loss":0,"event_name":"Drug Dealer","floor":24,"gold_loss":0,"cards_obtained":["Deadly Poison","Crippling Poison"]},{"damage_healed":0,"gold_gain":0,"player_choice":"Ignored","damage_taken":0,"max_hp_gain":0,"max_hp_loss":0,"event_name":"Ghosts","floor":29,"gold_loss":0},{"damage_healed":0,"gold_gain":0,"player_choice":"Fought Bandits","damage_taken":0,"max_hp_gain":0,"max_hp_loss":0,"event_name":"Masked Bandits","floor":30,"gold_loss":0},{"cards_removed":["Iron Wave"],"damage_healed":0,"gold_gain":0,"player_choice":"Removed Attack","damage_taken":0,"max_hp_gain":0,"max_hp_loss":0,"event_name":"Falling","floor":36,"gold_loss":0},{"damage_healed":0,"gold_gain":0,"player_choice":"Upgraded","damage_taken":0,"max_hp_gain":0,"max_hp_loss":0,"event_name":"Upgrade Shrine","floor":45,"gold_loss":0,"cards_upgraded":["Backflip"]}],"is_beta":true,"boss_relics":[{"not_picked":["Fusion Hammer","Ectoplasm"],"picked":"Philosopher\u0027s Stone"},{"not_picked":["Calling Bell","Black Star"],"picked":"Busted Crown"}],"items_purged_floors":[2,20],"is_endless":false,"potions_floor_spawned":[5,10,11,14,16,22,30,33,35,37,39],"ascension_level":0}