{"path_per_floor":["M","?","?","?","?","E","R","$","T","R","$","M","M","T","R","B",null,"M","?","?","M","?","$","R","M","T","?","M"],"character_chosen":"IRONCLAD","items_purchased":["Flex","Kunai","Spot Weakness","Oddly Smooth Stone"],"gold_per_floor":[116,116,116,116,116,148,148,46,346,346,9,27,44,44,44,146,146,159,159,159,170,170,22,22,41,41,41,57],"floor_reached":29,"campfire_rested":3,"playtime":1372,"current_hp_per_floor":[80,80,77,77,77,26,50,50,50,50,50,45,46,46,70,13,80,70,54,54,42,42,42,66,46,46,31,24],"items_purged":["Strike_R"],"gold":57,"play_id":"f475b12b-2419-41e1-99dc-9ca9d01e6c21","is_prod":false,"is_daily":false,"campfire_rituals":0,"campfire_upgraded":1,"is_hardmode":false,"path_taken":["M","?","?","?","?","E","R","$","T","R","$","M","?","?","R","BOSS","M","?","?","M","?","$","R","?","T","?","?","E"],"build_version":"2017-12-18-BETA2","purchased_purges":1,"victory":false,"master_deck":["Strike_R","Strike_R","Strike_R","Strike_R","Defend_R","Defend_R","Defend_R","Defend_R","Bash","Heavy Blade","Flex","Flex","Spot Weakness","Heavy Blade","Sever Soul","Demon Form","Intimidate","Power Through","Blood for Blood","Twin Strike","Wild Strike"],"max_hp_per_floor":[80,80,80,80,80,80,80,80,80,80,80,80,80,80,80,80,80,80,80,80,80,80,80,80,80,80,85,85],"relics":["Black Blood","Red Skull","Omamori","Spirit Poop","Dodecahedron","Old Coin","Kunai","Magic Flower","Enchiridion","Blood Vial","Oddly Smooth Stone","Ginger"],"campfire_meditates":0,"card_choices":[{"not_picked":["True Grit","Twin Strike"],"picked":"Heavy Blade"},{"not_picked":["Iron Wave","Exhume"],"picked":"Flex"},{"not_picked":["Wild Strike","Fire Breathing"],"picked":"Heavy Blade"},{"not_picked":["Dual Wield","Havoc"],"picked":"Sever Soul"},{"not_picked":["Exhume","Berserk"],"picked":"Demon Form"},{"not_picked":["Clothesline","Feel No Pain"],"picked":"Intimidate"},{"not_picked":["Sword Boomerang","Armaments"],"picked":"Blood for Blood"},{"not_picked":["Combust","Pommel Strike"],"picked":"Twin Strike"},{"not_picked":["Body Slam","Warcry"],"picked":"Wild Strike"}],"player_experience":234269,"potions_floor_usage":[18,21],"damage_taken":[{"damage":6,"enemies":"Jaw Worm","floor":1,"turns":4},{"damage":57,"enemies":"3 Sentries","floor":6,"turns":8},{"damage":11,"enemies":"Blue Slaver","floor":12,"turns":4},{"damage":5,"enemies":"Looter","floor":13,"turns":2},{"damage":66,"enemies":"The Guardian","floor":16,"turns":8},{"damage":25,"enemies":"Spheric Guardian","floor":18,"turns":4},{"damage":27,"enemies":"3 Byrds","floor":21,"turns":6},{"damage":38,"enemies":"3 Cultists","floor":25,"turns":7},{"damage":25,"enemies":"Slaver and Parasite","floor":28,"turns":4},{"damage":36,"enemies":"Slavers","floor":29,"turns":2}],"event_choices":[{"event_name":"Accursed Blacksmith","player_choice":"Rummage","floor":2,"damage_taken":0},{"event_name":"Scrap Ooze","player_choice":"success","floor":3,"damage_taken":3},{"event_name":"Bonfire Elementals","player_choice":"CURSE","floor":4,"damage_taken":0},{"event_name":"Living Wall","player_choice":"Grow","floor":5,"damage_taken":0},{"event_name":"Cursed Tome","player_choice":"Obtained Book","floor":19,"damage_taken":0},{"event_name":"The Library","player_choice":"Read","floor":20,"damage_taken":0},{"event_name":"The Mausoleum","player_choice":"Yes","floor":22,"damage_taken":0},{"event_name":"Forgotten Altar","player_choice":"Shed Blood","floor":27,"damage_taken":0}],"boss_relics":[{"not_picked":["Calling Bell","Black Star"],"picked":"Black Blood"}],"potions_floor_spawned":[16,18,25],"seed_played":"-1098862575041963399","killed_by":"Slavers","is_trial":false}