{"path_per_floor":["M","M","?","M","M","E","R","E","T","M","R","?","M","$","R"],"character_chosen":"DEFECT","items_purchased":["Frozen Egg 2"],"gold_per_floor":[219,232,232,245,257,284,284,346,370,386,386,386,409,156,156,156],"floor_reached":16,"campfire_rested":3,"playtime":3187,"current_hp_per_floor":[66,55,55,52,46,27,49,25,25,25,47,29,25,25,47,0],"items_purged":[],"gold":156,"score":146,"play_id":"45a78819-496a-4f03-9461-e037daef5a3d","local_time":"20180507192915","is_prod":false,"is_daily":false,"chose_seed":false,"is_ascension_mode":true,"campfire_upgraded":0,"timestamp":1525735755,"path_taken":["BOSS","M","M","?","M","?","E","R","E","T","M","R","?","?","$","R","BOSS"],"build_version":"2018-05-03","seed_source_timestamp":0,"purchased_purges":0,"victory":false,"master_deck":["Strike_B","Strike_B","Strike_B","Defend_B","Defend_B","Defend_B","Defend_B","Zap","Dualcast","Beam Cell","Beam Cell","Chill","Chaos","Reinforced Body","Cold Snap","Auto Shields"],"max_hp_per_floor":[75,75,75,75,75,75,75,75,75,75,75,75,75,75,75,75],"relics":["Cracked Core","Orichalcum","Tiny Chest","Ancient Tea Set","Golden Idol","Frozen Egg 2"],"card_choices":[{"not_picked":["Barrage","Leap"],"picked":"Beam Cell","floor":1},{"not_picked":["Skim","Barrage"],"picked":"Beam Cell","floor":2},{"not_picked":["Capacitor","Loop"],"picked":"Chill","floor":4},{"not_picked":["Darkness","Axe Kick"],"picked":"Chaos","floor":6},{"not_picked":["Barrage","Multi-Cast"],"picked":"Reinforced Body","floor":8},{"not_picked":["Streamline","Axe Kick"],"picked":"Cold Snap","floor":10},{"not_picked":["Barrage","Axe Kick"],"picked":"Auto Shields","floor":13}],"player_experience":729416,"potions_floor_usage":[16,16],"damage_taken":[{"damage":2,"enemies":"2 Louse","floor":1,"turns":3},{"damage":11,"enemies":"Cultist","floor":2,"turns":4},{"damage":3,"enemies":"Small Slimes","floor":4,"turns":3},{"damage":6,"enemies":"Exordium Wildlife","floor":5,"turns":2},{"damage":19,"enemies":"3 Sentries","floor":6,"turns":8},{"damage":24,"enemies":"Gremlin Nob","floor":8,"turns":4},{"damage":0,"enemies":"Large Slime","floor":10,"turns":6},{"damage":4,"enemies":"Red Slaver","floor":13,"turns":2},{"damage":53,"enemies":"Hexaghost","floor":16,"turns":11}],"event_choices":[{"event_name":"Purifier","player_choice":"One Purge","floor":3,"damage_taken":0},{"event_name":"Golden Idol","player_choice":"Take Damage","floor":12,"damage_taken":0}],"boss_relics":[],"potions_floor_spawned":[2,4,5,8],"seed_played":"4947248180670821721","killed_by":"Hexaghost","ascension_level":6,"is_trial":false}