{"gold_per_floor":[13,27,47,24,24,50,50,50,73,85,85,7,7,20,20,125,125,139,155,155,335,353,353,379,379,404,68,99,115,150,162,162,260,260,276,288,301,301,316,316,349,349,417,450,460,460,475,509,509,509,509,509,32,59,59],"floor_reached":55,"playtime":1815,"items_purged":["Strike_P","Parasite"],"score":892,"play_id":"a518f512-a4d4-4660-95a4-dc63ae8f5585","local_time":"20190913132037","is_ascension_mode":false,"campfire_choices":[{"data":"1","floor":7.0,"key":"LIFT"},{"data":"2","floor":11.0,"key":"LIFT"},{"data":"3","floor":13.0,"key":"LIFT"},{"data":"Evaluate","floor":15.0,"key":"SMITH"},{"floor":23.0,"key":"REST"},{"data":"RitualDagger","floor":25.0,"key":"SMITH"},{"floor":32.0,"key":"REST"},{"data":"DeusExMachina","floor":40.0,"key":"SMITH"},{"data":"Wallop","floor":42.0,"key":"SMITH"},{"floor":46.0,"key":"RECALL"},{"data":"Collect","floor":49,"key":"SMITH"},{"data":"EmptyMind","floor":52,"key":"SMITH"}],"neow_cost":"NO_GOLD","seed_source_timestamp":0,"circlet_count":0,"master_deck":["Defend_P","Defend_P","Defend_P","Defend_P","Eruption+1","Vigilance","Scrawl","FlyingSleeves+1","CrushJoints+1","Crescendo","Ragnarok+1","Evaluate+1","FearNoEvil","Ragnarok+1","Halt+1","Blasphemy+1","RitualDagger+1","Crescendo+1","Wallop+1","EmptyMind+1","DeusExMachina+1","JustLucky+1","Collect+1","Master of Strategy","Fasting","TalkToTheHand+1"],"special_seed":0,"relics":["PureWater","Girya","Strawberry","InkBottle","Astrolabe","Toy Ornithopter","Oddly Smooth Stone","Membership Card","WingedGreaves","Juzu Bracelet","Eternal Feather","Runic Pyramid","Melange","Bronze Scales","HornCleat","Sling","Whetstone","Letter Opener","Blood Vial"],"potions_floor_usage":[55,55,55],"damage_taken":[{"damage":0.0,"enemies":"Cultist","floor":1.0,"turns":2.0},{"damage":0.0,"enemies":"Jaw Worm","floor":2.0,"turns":2.0},{"damage":3.0,"enemies":"Small Slimes","floor":3.0,"turns":4.0},{"damage":5.0,"enemies":"Lagavulin","floor":6.0,"turns":5.0},{"damage":8.0,"enemies":"Red Slaver","floor":10.0,"turns":2.0},{"damage":0.0,"enemies":"Exordium Wildlife","floor":14.0,"turns":1.0},{"damage":0.0,"enemies":"Slime Boss","floor":16.0,"turns":2.0},{"damage":0.0,"enemies":"3 Byrds","floor":18.0,"turns":1.0},{"damage":0.0,"enemies":"Spheric Guardian","floor":19.0,"turns":2.0},{"damage":5.0,"enemies":"Chosen and Byrds","floor":22.0,"turns":2.0},{"damage":22.0,"enemies":"Gremlin Leader","floor":24.0,"turns":3.0},{"damage":15.0,"enemies":"Slavers","floor":28.0,"turns":2.0},{"damage":0.0,"enemies":"Snecko","floor":29.0,"turns":2.0},{"damage":0.0,"enemies":"Gremlin Leader","floor":30.0,"turns":2.0},{"damage":16.0,"enemies":"Centurion and Healer","floor":31.0,"turns":4.0},{"damage":49.0,"enemies":"Automaton","floor":33.0,"turns":8.0},{"damage":0.0,"enemies":"Orb Walker","floor":35.0,"turns":2.0},{"damage":17.0,"enemies":"3 Darklings","floor":36.0,"turns":3.0},{"damage":7.0,"enemies":"4 Shapes","floor":37.0,"turns":3.0},{"damage":0.0,"enemies":"Maw","floor":39.0,"turns":2.0},{"damage":0.0,"enemies":"Nemesis","floor":41.0,"turns":3.0},{"damage":3.0,"enemies":"Giant Head","floor":44.0,"turns":4.0},{"damage":0.0,"enemies":"Writhing Mass","floor":45.0,"turns":2.0},{"damage":2.0,"enemies":"Sphere and 2 Shapes","floor":47.0,"turns":3.0},{"damage":17,"enemies":"Nemesis","floor":48,"turns":3},{"damage":23,"enemies":"Time Eater","floor":50,"turns":5},{"damage":44,"enemies":"Shield and Spear","floor":54,"turns":3},{"damage":44,"enemies":"The Heart","floor":55,"turns":3}],"seed_played":"-6834916390402629124","potions_obtained":[{"floor":1.0,"key":"Weak Potion"},{"floor":3.0,"key":"Dexterity Potion"},{"floor":14.0,"key":"Poison Potion"},{"floor":16.0,"key":"FearPotion"},{"floor":19.0,"key":"DuplicationPotion"},{"floor":30.0,"key":"DuplicationPotion"},{"floor":31.0,"key":"Regen Potion"},{"floor":35.0,"key":"Ancient Potion"},{"floor":36.0,"key":"StancePotion"},{"floor":45.0,"key":"GamblersBrew"},{"floor":48,"key":"SpeedPotion"}],"is_trial":false,"path_per_floor":["M","M","M","$","?","E","R","?","T","M","R","$","R","M","R","B",null,"M","M","?","?","M","R","E","R","T","$","E","M","E","M","R","B",null,"M","M","M","?","M","R","E","R","T","E","M","R","M","E","R","B",null,"R","$","E","B"],"character_chosen":"WATCHER","items_purchased":["Crescendo","FearNoEvil","Membership Card","WingedGreaves","Sling","Whetstone","Letter Opener","Master of Strategy","PowerPotion","Fasting"],"campfire_rested":2,"item_purchase_floors":[4,12,27,27,53,53,53,53,53,53],"current_hp_per_floor":[65,65,62,62,62,64,64,64,64,56,56,56,56,56,56,56,72,72,72,66,45,40,61,39,39,39,39,29,29,34,18,51,21,72,72,55,48,48,58,70,70,72,72,69,69,72,70,53,65,42,72,72,69,25,0],"gold":59,"neow_bonus":"ONE_RARE_RELIC","is_prod":false,"is_daily":false,"chose_seed":false,"campfire_upgraded":6,"win_rate":0.0,"timestamp":1568395237,"path_taken":["M","M","M","?","?","E","R","?","T","M","R","$","R","?","R","BOSS","M","M","?","?","M","R","E","R","T","$","E","M","E","M","R","BOSS","M","M","M","?","M","R","E","R","T","E","M","R","M","E","R","BOSS","R","$","E","BOSS"],"build_version":"2019-09-12","purchased_purges":2,"victory":false,"max_hp_per_floor":[65,65,65,65,65,72,72,72,72,72,72,72,72,72,72,72,72,72,72,72,72,72,72,72,72,72,72,72,72,72,72,72,72,72,72,72,72,72,72,72,72,72,72,72,72,72,72,72,72,72,72,72,69,69,69],"card_choices":[{"not_picked":["SpiritShield","DeceiveReality"],"picked":"Scrawl","floor":1.0},{"not_picked":["ClearTheMind","Protect"],"picked":"FlyingSleeves","floor":2.0},{"not_picked":["Protect","ClearTheMind"],"picked":"CrushJoints","floor":3.0},{"not_picked":["Evaluate","Crescendo"],"picked":"Ragnarok","floor":6.0},{"not_picked":["EmptyFist","Devotion"],"picked":"Evaluate","floor":10.0},{"not_picked":["Halt","CutThroughFate","Prostrate"],"picked":"SKIP","floor":14.0},{"not_picked":["Meditate","Fasting"],"picked":"FlyingSleeves+1","floor":18.0},{"not_picked":["Perseverance+1","Protect","CrushJoints"],"picked":"SKIP","floor":19.0},{"not_picked":["ThirdEye","Establishment","Tantrum"],"picked":"SKIP","floor":22.0},{"not_picked":["FlurryOfBlows","Tantrum","Scrawl"],"picked":"SKIP","floor":24.0},{"not_picked":["Devotion","Sanctity","InnerPeace"],"picked":"SKIP","floor":28.0},{"not_picked":["Devotion","Sanctity","InnerPeace"],"picked":"SKIP","floor":28.0},{"not_picked":["EmptyFist","SandsOfTime"],"picked":"Crescendo+1","floor":29.0},{"not_picked":["CrushJoints+1","Vengeance"],"picked":"Wallop","floor":30.0},{"not_picked":["Prostrate","FollowUp"],"picked":"EmptyMind","floor":31.0},{"not_picked":["SignatureMove","Unraveling"],"picked":"DeusExMachina","floor":33.0},{"not_picked":["Prostrate","Scrawl"],"picked":"JustLucky+1","floor":35.0},{"not_picked":["ThirdEye","Devotion+1","Meditate+1"],"picked":"SKIP","floor":36.0},{"not_picked":["ClearTheMind+1","Weave","Prostrate"],"picked":"SKIP","floor":37.0},{"not_picked":["Halt+1","FollowUp+1","Consecrate+1"],"picked":"SKIP","floor":39.0},{"not_picked":["FollowUp+1","EmptyMind","Prostrate"],"picked":"SKIP","floor":41.0},{"not_picked":["Halt+1","ThirdEye","ReachHeaven"],"picked":"SKIP","floor":44.0},{"not_picked":["Scrawl","ClearTheMind+1"],"picked":"Collect","floor":45.0},{"not_picked":["ClearTheMind","Sanctity+1","Vengeance"],"picked":"SKIP","floor":47.0},{"not_picked":["CleanseEvil","PathToVictory","Prostrate+1"],"picked":"SKIP","floor":48},{"not_picked":["EmptyFist","Swivel+1"],"picked":"TalkToTheHand+1","floor":54}],"player_experience":774318,"relics_obtained":[{"floor":6.0,"key":"Strawberry"},{"floor":9.0,"key":"InkBottle"},{"floor":24.0,"key":"Toy Ornithopter"},{"floor":26.0,"key":"Oddly Smooth Stone"},{"floor":28.0,"key":"Juzu Bracelet"},{"floor":30.0,"key":"Eternal Feather"},{"floor":41.0,"key":"Melange"},{"floor":44.0,"key":"Bronze Scales"},{"floor":48,"key":"HornCleat"},{"floor":54,"key":"Blood Vial"}],"event_choices":[{"damage_healed":0.0,"max_hp_gain":0.0,"max_hp_loss":0.0,"gold_gain":0.0,"event_name":"Living Wall","player_choice":"Grow","floor":5.0,"gold_loss":0.0,"damage_taken":0.0,"cards_upgraded":["CrushJoints"]},{"damage_healed":0.0,"max_hp_gain":0.0,"max_hp_loss":0.0,"gold_gain":0.0,"event_name":"Upgrade Shrine","player_choice":"Upgraded","floor":8.0,"gold_loss":0.0,"damage_taken":0.0,"cards_upgraded":["Ragnarok"]},{"damage_healed":0.0,"max_hp_gain":0.0,"max_hp_loss":0.0,"gold_gain":0.0,"event_name":"Nest","player_choice":"Joined the Cult","floor":20.0,"gold_loss":0.0,"damage_taken":6.0,"cards_obtained":["RitualDagger"]},{"damage_healed":0.0,"max_hp_gain":0.0,"max_hp_loss":0.0,"gold_gain":180.0,"event_name":"Knowing Skull","player_choice":"GOLD GOLD ","floor":21.0,"potions_obtained":[],"gold_loss":0.0,"damage_taken":21.0,"cards_obtained":[]},{"cards_removed":["FlyingSleeves"],"damage_healed":0.0,"max_hp_gain":0.0,"max_hp_loss":0.0,"gold_gain":0.0,"event_name":"Falling","player_choice":"Removed Attack","floor":38.0,"gold_loss":0.0,"damage_taken":0.0}],"is_beta":true,"boss_relics":[{"not_picked":["Snecko Eye","Coffee Dripper"],"picked":"Astrolabe"},{"not_picked":["HolyWater","Fusion Hammer"],"picked":"Runic Pyramid"}],"items_purged_floors":[27,53],"is_endless":false,"potions_floor_spawned":[1,3,14,16,19,24,30,31,35,36,45,48],"killed_by":"The Heart","ascension_level":0}