{"gold_per_floor":[113,188,188,206,54,54,79,91,117,117,136,148,148,162,162,261,261,281,23,41,41,52,52],"floor_reached":23,"playtime":803,"items_purged":[],"score":251,"play_id":"e99e8f3d-0149-44f0-87d5-164e1773f452","local_time":"20190212160813","is_ascension_mode":true,"campfire_choices":[{"data":"Cloak And Dagger","floor":6,"key":"SMITH"},{"floor":13,"key":"REST"},{"data":"Accuracy","floor":15,"key":"SMITH"}],"neow_cost":"NONE","seed_source_timestamp":772673447546457,"circlet_count":0,"master_deck":["Defend_G+1","Defend_G","Defend_G","Defend_G","Defend_G","Strike_G","Strike_G+1","Strike_G","Strike_G","Survivor","Neutralize","Cloak And Dagger+1","Cloak And Dagger","Dodge and Roll","Accuracy+1","Well Laid Plans","Acrobatics","Adrenaline","Burst","Prepared","Bouncing Flask+1","Shame","Backflip"],"relics":["Ring of the Snake","Boot","Bag of Marbles","Regal Pillow","Smiling Mask","Sozu","Bottled Lightning","Incense Burner"],"potions_floor_usage":[16,16,23],"damage_taken":[{"damage":1,"enemies":"2 Louse","floor":1,"turns":3},{"damage":1,"enemies":"Cultist","floor":4,"turns":3},{"damage":27,"enemies":"Gremlin Nob","floor":7,"turns":5},{"damage":0,"enemies":"Jaw Worm","floor":8,"turns":2},{"damage":0,"enemies":"3 Louse","floor":11,"turns":3},{"damage":0,"enemies":"Exordium Wildlife","floor":12,"turns":4},{"damage":2,"enemies":"Gremlin Gang","floor":14,"turns":6},{"damage":26,"enemies":"The Guardian","floor":16,"turns":16},{"damage":10,"enemies":"3 Byrds","floor":18,"turns":5},{"damage":6,"enemies":"Chosen","floor":20,"turns":5},{"damage":22,"enemies":"Snecko","floor":22,"turns":4},{"damage":0,"enemies":"Gremlin Leader","floor":23,"turns":6}],"seed_played":"1461872866287960640","potions_obtained":[{"floor":8,"key":"Dexterity Potion"},{"floor":11,"key":"SpeedPotion"},{"floor":16,"key":"GhostInAJar"}],"is_trial":false,"path_per_floor":["M","?","?","M","$","R","E","M","T","?","M","M","R","M","R","B",null,"M","$","M","?","M","E"],"character_chosen":"THE_SILENT","items_purchased":["Bag of Marbles","Bottled Lightning"],"campfire_rested":1,"item_purchase_floors":[5,19],"current_hp_per_floor":[62,51,37,36,36,36,9,9,9,9,9,9,45,43,43,17,57,47,47,41,41,19,19],"gold":52,"neow_bonus":"RANDOM_COMMON_RELIC","is_prod":false,"is_daily":false,"chose_seed":false,"campfire_upgraded":2,"win_rate":0,"timestamp":1550012893,"path_taken":["M","?","?","M","$","R","E","M","T","?","?","M","R","M","R","BOSS","M","$","?","?","M","E"],"build_version":"2019-01-23","purchased_purges":0,"victory":false,"max_hp_per_floor":[70,70,70,70,70,70,70,70,70,70,70,70,70,70,70,70,70,70,70,70,70,70,70],"card_choices":[{"not_picked":["Underhanded Strike","Sucker Punch"],"picked":"Cloak And Dagger","floor":1},{"not_picked":["Outmaneuver","Dagger Throw"],"picked":"Cloak And Dagger","floor":4},{"not_picked":["Deflect","Catalyst"],"picked":"Dodge and Roll","floor":7},{"not_picked":["PiercingWail","Backflip"],"picked":"Accuracy","floor":8},{"not_picked":["Backflip","Slice"],"picked":"Well Laid Plans","floor":11},{"not_picked":["Calculated Gamble","Escape Plan"],"picked":"Acrobatics","floor":12},{"not_picked":["Flying Knee","Prepared"],"picked":"Adrenaline","floor":14},{"not_picked":["Tools of the Trade","Venomology"],"picked":"Burst","floor":16},{"not_picked":["Expertise+1","Concentrate"],"picked":"Prepared","floor":18},{"not_picked":["Predator","Slice"],"picked":"Bouncing Flask+1","floor":20},{"not_picked":["Expertise+1","Terror+1"],"picked":"Backflip","floor":22}],"player_experience":354932,"relics_obtained":[{"floor":7,"key":"Regal Pillow"},{"floor":9,"key":"Smiling Mask"}],"event_choices":[{"damage_healed":0,"gold_gain":75,"player_choice":"Gather Gold","damage_taken":11,"max_hp_gain":0,"max_hp_loss":0,"event_name":"World of Goop","floor":2,"gold_loss":0},{"damage_healed":0,"gold_gain":0,"player_choice":"Entered Light","damage_taken":14,"max_hp_gain":0,"max_hp_loss":0,"event_name":"Shining Light","floor":3,"gold_loss":0,"cards_upgraded":["Defend_G","Strike_G"]},{"cards_removed":["Strike_G"],"damage_healed":0,"gold_gain":0,"player_choice":"Purged","damage_taken":0,"max_hp_gain":0,"max_hp_loss":0,"event_name":"Purifier","floor":10,"gold_loss":0},{"damage_healed":0,"gold_gain":0,"player_choice":"Stole Relic","damage_taken":0,"relics_obtained":["Incense Burner"],"max_hp_gain":0,"max_hp_loss":0,"event_name":"Addict","floor":21,"gold_loss":0,"cards_obtained":["Shame"]}],"is_beta":false,"boss_relics":[{"not_picked":["Coffee Dripper","Calling Bell"],"picked":"Sozu"}],"items_purged_floors":[],"is_endless":false,"potions_floor_spawned":[8,11,16,18,22],"killed_by":"Gremlin Leader","ascension_level":6}