{"gold_per_floor":[117,136,136,154,174,174,192,42,77,77,77,77,77,102,119,119,220,220,233,53,152,152,27,61,61,73,73,91,91,119,131,151,151,255,255,268,268,33,45,0,0,0,0,0,0,10,10,44,59,59,59],"floor_reached":51,"playtime":1818,"items_purged":["Strike_B","Strike_B","Strike_B"],"score":776,"play_id":"b2ba1325-0986-40ab-b1ef-d4becb74b512","local_time":"20190905153833","is_ascension_mode":true,"campfire_choices":[{"data":"Go for the Eyes","floor":11.0,"key":"SMITH"},{"floor":13.0,"key":"REST"},{"floor":16.0,"key":"REST"},{"data":"Defragment","floor":25.0,"key":"SMITH"},{"floor":29.0,"key":"REST"},{"floor":33,"key":"REST"},{"data":"Echo Form","floor":41,"key":"SMITH"},{"data":"Seek","floor":43,"key":"SMITH"},{"data":"Seek","floor":45,"key":"SMITH"},{"data":"Reinforced Body","floor":47,"key":"SMITH"},{"floor":50,"key":"REST"}],"neow_cost":"NONE","seed_source_timestamp":320055712994809,"circlet_count":0,"master_deck":["Defend_B","Defend_B","Defend_B","Defend_B","Zap+1","Dualcast","Seek+1","Lockon","Auto Shields","Go for the Eyes+1","Conserve Battery","All For One","Multi-Cast","Sweeping Beam","Chill","Echo Form+1","Gash+1","Defragment+1","Gash+1","Reinforced Body+1","Hologram+1","Decay","Cold Snap+1","Beam Cell+1","Seek+1","Streamline+1","Writhe","FTL+1","Biased Cognition","Doubt","Glacier"],"special_seed":0,"relics":["Cracked Core","Dodecahedron","Bag of Marbles","Bronze Scales","Cursed Key","Molten Egg 2","Orichalcum","Du-Vu Doll","Sozu","Red Mask","Regal Pillow","Ancient Tea Set"],"potions_floor_usage":[32,34],"damage_taken":[{"damage":1.0,"enemies":"Cultist","floor":1.0,"turns":3.0},{"damage":2.0,"enemies":"2 Louse","floor":2.0,"turns":2.0},{"damage":18.0,"enemies":"3 Louse","floor":4.0,"turns":4.0},{"damage":1.0,"enemies":"Looter","floor":5.0,"turns":3.0},{"damage":5.0,"enemies":"Exordium Thugs","floor":7.0,"turns":4.0},{"damage":23.0,"enemies":"3 Sentries","floor":9.0,"turns":5.0},{"damage":15.0,"enemies":"Lagavulin","floor":14.0,"turns":6.0},{"damage":5.0,"enemies":"2 Fungi Beasts","floor":15.0,"turns":2.0},{"damage":0.0,"enemies":"Hexaghost","floor":17.0,"turns":7.0},{"damage":10.0,"enemies":"Shell Parasite","floor":19.0,"turns":5.0},{"damage":5.0,"enemies":"Book of Stabbing","floor":24.0,"turns":4.0},{"damage":0.0,"enemies":"3 Byrds","floor":26.0,"turns":4.0},{"damage":16.0,"enemies":"Shelled Parasite and Fungi","floor":28.0,"turns":6.0},{"damage":1.0,"enemies":"Gremlin Leader","floor":30.0,"turns":6.0},{"damage":7.0,"enemies":"3 Cultists","floor":31.0,"turns":4.0},{"damage":10,"enemies":"Centurion and Healer","floor":32,"turns":5},{"damage":13,"enemies":"Champ","floor":34,"turns":9},{"damage":0,"enemies":"3 Shapes","floor":36,"turns":7},{"damage":7,"enemies":"Orb Walker","floor":39,"turns":2},{"damage":9,"enemies":"Transient","floor":46,"turns":5},{"damage":10,"enemies":"Nemesis","floor":48,"turns":7},{"damage":27,"enemies":"3 Darklings","floor":49,"turns":3},{"damage":82,"enemies":"Donu and Deca","floor":51,"turns":11}],"seed_played":"7476504865138657198","potions_obtained":[{"floor":1.0,"key":"Fire Potion"},{"floor":5.0,"key":"Weak Potion"},{"floor":7.0,"key":"SpeedPotion"},{"floor":14.0,"key":"PowerPotion"},{"floor":15.0,"key":"LiquidBronze"},{"floor":17.0,"key":"Weak Potion"},{"floor":26.0,"key":"SpeedPotion"},{"floor":30.0,"key":"SpeedPotion"},{"floor":31.0,"key":"SpeedPotion"}],"is_trial":false,"path_per_floor":["M","M","M","M","M","?","M","$","E","T","R","?","R","E","M","R","B",null,"M","$","?","?","$","E","R","M","T","M","R","E","M","M","R","B",null,"M","?","$","M","?","R","$","R","T","R","M","R","E","M","R","B"],"character_chosen":"DEFECT","items_purchased":["FocusPotion","Defragment","FTL+1","Biased Cognition"],"campfire_rested":5,"item_purchase_floors":[8,20,38,38],"current_hp_per_floor":[67,65,65,47,46,46,41,41,18,18,18,11,33,18,13,35,35,65,55,55,55,55,55,50,50,50,50,34,56,55,48,38,60,47,68,68,75,75,68,68,68,68,68,68,68,59,59,49,22,59,0],"gold":59,"neow_bonus":"ONE_RANDOM_RARE_CARD","is_prod":false,"is_daily":false,"chose_seed":false,"campfire_upgraded":6,"win_rate":0,"timestamp":1567665513,"path_taken":["M","M","M","?","M","?","M","?","E","T","R","?","R","E","M","R","BOSS","M","$","?","?","$","E","R","M","T","M","R","E","?","M","R","BOSS","M","?","$","M","?","R","?","R","T","R","M","R","E","M","R","BOSS"],"build_version":"2019-07-17","purchased_purges":3,"victory":false,"max_hp_per_floor":[75,75,75,75,75,75,75,75,75,75,75,75,75,75,75,75,75,75,75,75,75,75,75,75,75,75,75,75,75,75,75,75,75,75,75,75,75,75,75,75,75,75,75,75,75,75,75,75,75,75,75],"card_choices":[{"not_picked":["Leap","Stack"],"picked":"Lockon","floor":1.0},{"not_picked":["Storm","Genetic Algorithm"],"picked":"Auto Shields","floor":2.0},{"not_picked":["Reprogram","Hologram"],"picked":"Go for the Eyes","floor":4.0},{"not_picked":["Coolheaded","Compile Driver"],"picked":"Conserve Battery","floor":5.0},{"not_picked":["Double Energy","Rebound"],"picked":"All For One","floor":7.0},{"not_picked":["Go for the Eyes","Stack"],"picked":"Multi-Cast","floor":9.0},{"not_picked":["Aggregate","Leap"],"picked":"Sweeping Beam","floor":14.0},{"not_picked":["Scrape","Streamline"],"picked":"Chill","floor":15.0},{"not_picked":["Meteor Strike","Machine Learning"],"picked":"Echo Form","floor":17.0},{"not_picked":["Streamline","Barrage"],"picked":"Gash+1","floor":19.0},{"not_picked":["Stack+1","Loop"],"picked":"Reinforced Body","floor":24.0},{"not_picked":["Darkness+1","Rip and Tear+1"],"picked":"Hologram+1","floor":26.0},{"not_picked":["BootSequence","Go for the Eyes+1","Redo"],"picked":"SKIP","floor":28.0},{"not_picked":["Amplify","Beam Cell+1"],"picked":"Cold Snap+1","floor":30.0},{"not_picked":["Lockon+1","BootSequence+1","Redo"],"picked":"SKIP","floor":31.0},{"not_picked":["Stack+1","Buffer"],"picked":"Beam Cell+1","floor":32},{"not_picked":["Thunder Strike+1","Amplify"],"picked":"Seek","floor":34},{"not_picked":["Redo","Go for the Eyes+1"],"picked":"Streamline+1","floor":36},{"not_picked":["Force Field","Lockon+1","Compile Driver+1"],"picked":"SKIP","floor":39},{"not_picked":["Doom and Gloom+1","Darkness","Hologram"],"picked":"SKIP","floor":46},{"not_picked":["Recycle+1","Redo+1"],"picked":"Glacier","floor":48},{"not_picked":["Self Repair+1","Fusion","Turbo+1"],"picked":"SKIP","floor":49}],"player_experience":348253,"relics_obtained":[{"floor":9.0,"key":"Dodecahedron"},{"floor":10.0,"key":"Bag of Marbles"},{"floor":14.0,"key":"Bronze Scales"},{"floor":24.0,"key":"Molten Egg 2"},{"floor":27.0,"key":"Orichalcum"},{"floor":30.0,"key":"Du-Vu Doll"},{"floor":44,"key":"Regal Pillow"},{"floor":48,"key":"Ancient Tea Set"}],"event_choices":[{"damage_healed":0.0,"max_hp_gain":0.0,"max_hp_loss":0.0,"gold_gain":0.0,"event_name":"Living Wall","player_choice":"Grow","floor":6.0,"gold_loss":0.0,"damage_taken":0.0,"cards_upgraded":["Zap"]},{"cards_removed":["Strike_B"],"damage_healed":0.0,"max_hp_gain":0.0,"max_hp_loss":0.0,"gold_gain":0.0,"event_name":"Golden Wing","player_choice":"Card Removal","floor":12.0,"gold_loss":0.0,"damage_taken":7.0},{"damage_healed":0.0,"max_hp_gain":0.0,"max_hp_loss":0.0,"gold_gain":99.0,"event_name":"Nest","player_choice":"Stole From Cult","floor":21.0,"gold_loss":0.0,"damage_taken":0.0},{"damage_healed":0.0,"max_hp_gain":0.0,"max_hp_loss":0.0,"gold_gain":0.0,"event_name":"Duplicator","player_choice":"Copied","floor":22.0,"gold_loss":0.0,"damage_taken":0.0,"cards_obtained":["Gash"]},{"damage_healed":19,"gold_gain":0,"player_choice":"Writhe","damage_taken":0,"max_hp_gain":0,"max_hp_loss":0,"event_name":"Winding Halls","floor":37,"gold_loss":0,"cards_obtained":["Writhe"]},{"damage_healed":0,"gold_gain":0,"player_choice":"Paid","damage_taken":0,"relics_obtained":["Red Mask"],"max_hp_gain":0,"max_hp_loss":0,"event_name":"Tomb of Lord Red Mask","floor":40,"gold_loss":45}],"is_beta":false,"boss_relics":[{"not_picked":["Eternal Feather","Philosopher\u0027s Stone"],"picked":"Cursed Key"},{"not_picked":["FrozenCore","Tiny House"],"picked":"Sozu"}],"items_purged_floors":[8,20,23],"is_endless":false,"potions_floor_spawned":[1,5,7,14,15,17,26,30,31,46,49],"killed_by":"Donu and Deca","ascension_level":7}