{"gold_per_floor":[111,130,55,73,73,73,101,64,91,91,14,26,40,57,57,133,133,93,93,93,9,9,9,9,9,9,9,9,9,9,9,9,9,9,9,9,9,9,9,9,9,9,9,9,9,9,9,9,9,9],"floor_reached":51,"playtime":2016,"items_purged":["Strike_G"],"score":1214,"play_id":"2268cb2a-88d6-44c8-a5c9-0fb7308fb5e2","local_time":"20190927150322","is_ascension_mode":true,"campfire_choices":[{"data":"Deadly Poison","floor":6.0,"key":"SMITH"},{"data":"Cloak And Dagger","floor":10.0,"key":"SMITH"},{"data":"Calculated Gamble","floor":15.0,"key":"SMITH"},{"data":"Accuracy","floor":23.0,"key":"SMITH"},{"data":"Blade Dance","floor":25.0,"key":"SMITH"},{"data":"Footwork","floor":30.0,"key":"SMITH"},{"floor":32.0,"key":"REST"},{"floor":42,"key":"REST"},{"data":"Well Laid Plans","floor":44,"key":"SMITH"},{"data":"Accuracy","floor":47,"key":"SMITH"},{"floor":49,"key":"REST"}],"neow_cost":"NONE","seed_source_timestamp":0,"circlet_count":0,"master_deck":["AscendersBane","Strike_G+1","Strike_G+1","Defend_G+1","Defend_G+1","Defend_G+1","Defend_G+1","Defend_G+1","Survivor","Neutralize+1","Choke","Deadly Poison+1","Poisoned Stab","Cloak And Dagger+1","Accuracy+1","Escape Plan","Calculated Gamble+1","Well Laid Plans+1","Backflip","After Image","Leg Sweep","Blade Dance+1","Footwork+1","Adrenaline","Terror","Panache","Accuracy+1","Infinite Blades"],"special_seed":0,"relics":["Ring of the Snake","NeowsBlessing","Potion Belt","Centennial Puzzle","Ectoplasm","The Specimen","Empty Cage","InkBottle","Shuriken"],"potions_floor_usage":[39,40,48,50,50,50,50,50,50],"damage_taken":[{"damage":0.0,"enemies":"Cultist","floor":1.0,"turns":1.0},{"damage":0.0,"enemies":"Jaw Worm","floor":2.0,"turns":1.0},{"damage":0.0,"enemies":"Small Slimes","floor":4.0,"turns":1.0},{"damage":24.0,"enemies":"Lagavulin","floor":7.0,"turns":6.0},{"damage":3.0,"enemies":"Looter","floor":12.0,"turns":3.0},{"damage":1.0,"enemies":"2 Fungi Beasts","floor":13.0,"turns":3.0},{"damage":8.0,"enemies":"Exordium Wildlife","floor":14.0,"turns":4.0},{"damage":10.0,"enemies":"Hexaghost","floor":16.0,"turns":10.0},{"damage":0.0,"enemies":"2 Thieves","floor":18.0,"turns":4.0},{"damage":5.0,"enemies":"Spheric Guardian","floor":19.0,"turns":6.0},{"damage":2.0,"enemies":"Cultist and Chosen","floor":20.0,"turns":7.0},{"damage":19.0,"enemies":"Chosen and Byrds","floor":24.0,"turns":8.0},{"damage":1.0,"enemies":"3 Cultists","floor":28.0,"turns":6.0},{"damage":22.0,"enemies":"Automaton","floor":33.0,"turns":13.0},{"damage":1.0,"enemies":"3 Darklings","floor":35.0,"turns":5.0},{"damage":2.0,"enemies":"Orb Walker","floor":37.0,"turns":3.0},{"damage":4,"enemies":"3 Darklings","floor":39,"turns":5},{"damage":22,"enemies":"Nemesis","floor":40,"turns":7},{"damage":3,"enemies":"4 Shapes","floor":45,"turns":6},{"damage":5,"enemies":"Transient","floor":46,"turns":6},{"damage":11,"enemies":"Sphere and 2 Shapes","floor":48,"turns":4},{"damage":36,"enemies":"Time Eater","floor":50,"turns":10}],"seed_played":"7692665417256106466","potions_obtained":[{"floor":1.0,"key":"AttackPotion"},{"floor":7.0,"key":"FearPotion"},{"floor":13.0,"key":"SteroidPotion"},{"floor":18.0,"key":"Ancient Potion"},{"floor":28.0,"key":"SkillPotion"},{"floor":33.0,"key":"SteroidPotion"},{"floor":35.0,"key":"EntropicBrew"},{"floor":37.0,"key":"Weak Potion"},{"floor":39,"key":"GamblersBrew"},{"floor":40,"key":"Swift Potion"}],"is_trial":false,"path_per_floor":["M","M","$","M","?","R","E","$","T","R","$","M","M","M","R","B",null,"M","M","M","$","?","R","M","R","T","?","M","?","R","$","R","B",null,"M","?","M","?","M","E","$","R","T","R","M","M","R","M","R","B",null],"character_chosen":"THE_SILENT","items_purchased":["Accuracy","Escape Plan","Ancient Potion"],"campfire_rested":3,"item_purchase_floors":[8,11,21],"current_hp_per_floor":[59,59,59,59,59,59,35,35,35,35,35,32,31,23,23,13,53,53,48,46,46,46,46,27,27,27,27,26,26,26,26,45,23,55,54,54,52,47,43,21,21,39,39,39,36,31,31,20,38,2],"gold":9,"neow_bonus":"THREE_ENEMY_KILL","is_prod":false,"is_daily":false,"chose_seed":false,"campfire_upgraded":8,"win_rate":0,"timestamp":1569621802,"path_taken":["M","?","$","M","?","R","E","$","T","R","?","M","M","M","R","BOSS","M","M","M","$","?","R","M","R","T","?","M","?","R","$","R","BOSS","M","?","M","?","M","E","?","R","T","R","M","M","R","M","R","BOSS"],"build_version":"2019-09-27","purchased_purges":1,"victory":true,"max_hp_per_floor":[66,66,66,66,66,66,66,66,66,66,66,66,66,66,66,66,66,66,66,66,66,66,66,66,66,66,66,66,66,66,66,66,66,66,66,63,63,63,63,63,63,63,63,63,63,63,63,63,63,63],"card_choices":[{"not_picked":["Reflex","Tactician"],"picked":"Choke","floor":1.0},{"not_picked":["Prepared","Finisher"],"picked":"Deadly Poison","floor":2.0},{"not_picked":["Outmaneuver","Dodge and Roll"],"picked":"Poisoned Stab","floor":4.0},{"not_picked":["Poisoned Stab","Eviscerate"],"picked":"Cloak And Dagger","floor":7.0},{"not_picked":["Quick Slash","Deadly Poison"],"picked":"Calculated Gamble","floor":12.0},{"not_picked":["Slice","Catalyst"],"picked":"Well Laid Plans","floor":13.0},{"not_picked":["Outmaneuver","Sucker Punch"],"picked":"Backflip","floor":14.0},{"not_picked":["A Thousand Cuts","Night Terror"],"picked":"After Image","floor":16.0},{"not_picked":["Crippling Poison","All Out Attack"],"picked":"Leg Sweep","floor":18.0},{"not_picked":["Dagger Throw","Slice+1"],"picked":"Blade Dance","floor":19.0},{"not_picked":["Prepared","Reflex","Deadly Poison"],"picked":"SKIP","floor":20.0},{"not_picked":["Outmaneuver","Dagger Spray"],"picked":"Footwork","floor":24.0},{"not_picked":["Bane","Prepared","Deadly Poison"],"picked":"SKIP","floor":28.0},{"not_picked":["Phantasmal Killer","Glass Knife"],"picked":"Adrenaline","floor":33.0},{"not_picked":["Backstab+1","Underhanded Strike"],"picked":"Terror","floor":35.0},{"not_picked":["Concentrate","Noxious Fumes","Outmaneuver"],"picked":"SKIP","floor":37.0},{"not_picked":["Concentrate","Noxious Fumes","Outmaneuver"],"picked":"SKIP","floor":37.0},{"not_picked":["Jack Of All Trades","Swift Strike"],"picked":"Panache","floor":38.0},{"not_picked":["Sucker Punch","Cloak And Dagger"],"picked":"Accuracy","floor":39},{"not_picked":["Terror","Choke","Backstab"],"picked":"SKIP","floor":40},{"not_picked":["Blade Dance","Deflect","Crippling Poison"],"picked":"SKIP","floor":45},{"not_picked":["Catalyst","Well Laid Plans","Sucker Punch"],"picked":"SKIP","floor":46},{"not_picked":["Tactician","Slice"],"picked":"Infinite Blades","floor":48}],"player_experience":686294,"relics_obtained":[{"floor":7.0,"key":"Potion Belt"},{"floor":9.0,"key":"Centennial Puzzle"},{"floor":26.0,"key":"The Specimen"},{"floor":40,"key":"InkBottle"},{"floor":43,"key":"Shuriken"}],"event_choices":[{"damage_healed":0.0,"max_hp_gain":0.0,"max_hp_loss":0.0,"gold_gain":0.0,"event_name":"Accursed Blacksmith","player_choice":"Forge","floor":5.0,"gold_loss":0.0,"damage_taken":0.0,"cards_upgraded":["Neutralize"]},{"damage_healed":0.0,"max_hp_gain":0.0,"max_hp_loss":0.0,"gold_gain":0.0,"event_name":"Ghosts","player_choice":"Ignored","floor":22.0,"gold_loss":0.0,"damage_taken":0.0},{"damage_healed":0.0,"max_hp_gain":0.0,"max_hp_loss":0.0,"gold_gain":0.0,"event_name":"Cursed Tome","player_choice":"Ignored","floor":27.0,"gold_loss":0.0,"damage_taken":0.0},{"damage_healed":0.0,"max_hp_gain":0.0,"max_hp_loss":0.0,"gold_gain":0.0,"event_name":"Back to Basics","player_choice":"Simplicity","floor":29.0,"gold_loss":0.0,"damage_taken":0.0,"cards_upgraded":["Strike_G","Strike_G","Strike_G","Strike_G","Defend_G","Defend_G","Defend_G","Defend_G","Defend_G"]},{"damage_healed":0.0,"max_hp_gain":0.0,"max_hp_loss":3.0,"gold_gain":0.0,"event_name":"Winding Halls","player_choice":"Max HP","floor":36.0,"gold_loss":0.0,"damage_taken":0.0},{"damage_healed":0.0,"max_hp_gain":0.0,"max_hp_loss":0.0,"gold_gain":0.0,"event_name":"SensoryStone","player_choice":"Memory 2","floor":38.0,"gold_loss":0.0,"damage_taken":5.0}],"is_beta":true,"boss_relics":[{"not_picked":["Snecko Eye","WristBlade"],"picked":"Ectoplasm"},{"not_picked":["Runic Dome","Astrolabe"],"picked":"Empty Cage"}],"items_purged_floors":[3],"is_endless":false,"potions_floor_spawned":[1,7,13,18,28,33,35,37,39,40],"ascension_level":17}