{"gold_per_floor":[99,99,99,99,99,99,99,99,99,99,99,99,99,99,99,99,99,99,0,0,0,0,0,0,0,0,0,0,0,0,0,0,0,0,0,0,0,0,0,0,0,0,0,0,0,0,0,0,0,0],"floor_reached":51,"playtime":8353,"items_purged":[],"score":984,"play_id":"ecdc8a9c-1c9d-4bc3-a2e4-4fe1c1a5c1a4","local_time":"20180712212829","is_ascension_mode":false,"campfire_choices":[{"data":"Survivor","floor":6,"key":"SMITH"},{"floor":8,"key":"REST"},{"floor":15,"key":"REST"},{"floor":25,"key":"REST"},{"data":"After Image","floor":28,"key":"SMITH"},{"data":"1","floor":32,"key":"LIFT"},{"data":"2","floor":42,"key":"LIFT"},{"floor":49,"key":"REST"}],"neow_cost":"NONE","seed_source_timestamp":2319354263308800,"circlet_count":0,"master_deck":["Defend_G+1","Defend_G+1","Defend_G+1","Defend_G+1","Defend_G+1","Strike_G+1","Strike_G+1","Strike_G+1","Strike_G+1","Survivor+1","Neutralize","Terror+1","PiercingWail","Sucker Punch","Well Laid Plans","Quick Slash","Dagger Spray","Noxious Fumes","After Image+1","Acrobatics+1","Reflex+1","Caltrops","Backflip","Footwork","Blur+1","Sucker Punch","A Thousand Cuts","Flying Knee+1","Blur","Dagger Spray+1","Noxious Fumes","Noxious Fumes","Endless Agony+1","PiercingWail+1","Infinite Blades+1","Catalyst+1"],"relics":["Ectoplasm","Oddly Smooth Stone","Boot","Incense Burner","Bottled Flame","Eternal Feather","War Paint","Centennial Puzzle","Snake Skull","Girya","White Beast Statue","Mercury Hourglass","Old Coin","Mango","Ancient Tea Set","Question Card"],"potions_floor_usage":[14,16,23,31,31,31,37,39,40,40,40,40,41,44,44,47],"damage_taken":[{"damage":0,"enemies":"Jaw Worm","floor":1,"turns":6},{"damage":0,"enemies":"2 Louse","floor":4,"turns":3},{"damage":2,"enemies":"Small Slimes","floor":5,"turns":4},{"damage":34,"enemies":"3 Sentries","floor":7,"turns":14},{"damage":0,"enemies":"Red Slaver","floor":10,"turns":5},{"damage":0,"enemies":"Exordium Thugs","floor":11,"turns":4},{"damage":10,"enemies":"Gremlin Nob","floor":14,"turns":3},{"damage":14,"enemies":"Hexaghost","floor":16,"turns":10},{"damage":3,"enemies":"Shell Parasite","floor":18,"turns":6},{"damage":1,"enemies":"Spheric Guardian","floor":21,"turns":6},{"damage":42,"enemies":"Slavers","floor":23,"turns":6},{"damage":3,"enemies":"Slaver and Parasite","floor":24,"turns":6},{"damage":0,"enemies":"Snecko","floor":29,"turns":5},{"damage":0,"enemies":"Centurion and Healer","floor":30,"turns":8},{"damage":11,"enemies":"Gremlin Leader","floor":31,"turns":8},{"damage":28,"enemies":"Automaton","floor":33,"turns":11},{"damage":11,"enemies":"Flame Bruiser 1 Orb","floor":35,"turns":8},{"damage":0,"enemies":"Orb Walker","floor":36,"turns":5},{"damage":2,"enemies":"Spire Growth","floor":37,"turns":8},{"damage":3,"enemies":"4 Shapes","floor":39,"turns":6},{"damage":14,"enemies":"Nemesis","floor":40,"turns":6},{"damage":0,"floor":41,"turns":7},{"damage":0,"enemies":"Maw","floor":44,"turns":6},{"damage":0,"enemies":"3 Darklings","floor":45,"turns":5},{"damage":44,"enemies":"2 Orb Walkers","floor":46,"turns":7},{"damage":2,"enemies":"Transient","floor":47,"turns":5},{"damage":51,"enemies":"Donu and Deca","floor":50,"turns":9}],"seed_played":"-6800085479596920897","potions_obtained":[{"floor":5,"key":"SteroidPotion"},{"floor":7,"key":"PowerPotion"},{"floor":21,"key":"Regen Potion"},{"floor":23,"key":"FearPotion"},{"floor":24,"key":"SkillPotion"},{"floor":29,"key":"Block Potion"},{"floor":33,"key":"Fire Potion"},{"floor":35,"key":"FearPotion"},{"floor":36,"key":"Poison Potion"},{"floor":37,"key":"Swift Potion"},{"floor":39,"key":"EntropicBrew"},{"floor":40,"key":"Energy Potion"},{"floor":41,"key":"AttackPotion"},{"floor":44,"key":"FairyPotion"},{"floor":45,"key":"SneckoOil"},{"floor":46,"key":"GhostInAJar"},{"floor":47,"key":"FairyPotion"}],"is_trial":false,"path_per_floor":["M","?","?","M","M","R","E","R","T","M","M","?","T","E","R","B",null,"M","?","?","M","?","E","M","R","T","T","R","M","M","E","R","B",null,"M","M","M","T","M","E","?","R","T","M","M","E","M","?","R","B"],"character_chosen":"THE_SILENT","items_purchased":[],"campfire_rested":4,"item_purchase_floors":[],"current_hp_per_floor":[70,70,70,70,68,68,34,55,55,55,55,55,55,45,66,52,70,67,67,67,66,66,33,30,59,59,59,67,67,67,56,66,38,70,59,59,57,57,54,40,54,66,66,66,66,22,20,20,59,8],"gold":0,"neow_bonus":"BOSS_RELIC","is_prod":false,"is_daily":false,"chose_seed":false,"campfire_upgraded":2,"win_rate":0,"timestamp":1531456109,"path_taken":["M","?","?","?","M","R","E","R","T","M","M","?","?","E","R","BOSS","M","?","?","M","?","E","?","R","T","?","R","M","M","E","R","BOSS","M","M","M","?","M","E","?","R","T","M","M","E","M","?","R","BOSS"],"build_version":"2018-07-12","purchased_purges":0,"victory":true,"max_hp_per_floor":[70,70,70,70,70,70,70,70,70,70,70,70,70,70,70,70,70,70,70,70,70,70,70,70,70,70,70,70,70,70,70,70,70,70,70,70,70,70,70,70,84,84,84,84,84,84,84,84,84,84],"card_choices":[{"not_picked":["Prepared","Dagger Throw"],"picked":"Terror","floor":1},{"not_picked":["Deadly Poison","Finisher"],"picked":"PiercingWail","floor":4},{"not_picked":["Riddle With Holes","Slice"],"picked":"Sucker Punch","floor":5},{"not_picked":["Deadly Poison","Prepared"],"picked":"Well Laid Plans","floor":7},{"not_picked":["Endless Agony","Dagger Throw"],"picked":"Quick Slash","floor":10},{"not_picked":["Outmaneuver","Acrobatics"],"picked":"Dagger Spray","floor":11},{"not_picked":["Prepared","Leg Sweep"],"picked":"Noxious Fumes","floor":14},{"not_picked":["Unload","Venomology"],"picked":"After Image","floor":16},{"not_picked":["PiercingWail","Dagger Spray"],"picked":"Acrobatics+1","floor":18},{"not_picked":["Acrobatics","Underhanded Strike"],"picked":"Caltrops","floor":21},{"not_picked":["Dash","Backstab"],"picked":"Backflip","floor":23},{"not_picked":["Prepared","Crippling Poison"],"picked":"Footwork","floor":24},{"not_picked":["PiercingWail","Underhanded Strike"],"picked":"Blur+1","floor":29},{"not_picked":["PiercingWail","Deadly Poison+1"],"picked":"Sucker Punch","floor":30},{"not_picked":["Deadly Poison","Acrobatics","Finisher"],"picked":"SKIP","floor":31},{"not_picked":["Deadly Poison","Acrobatics","Finisher"],"picked":"SKIP","floor":31},{"not_picked":["Bullet Time","Envenom"],"picked":"A Thousand Cuts","floor":33},{"not_picked":["Deadly Poison","Bouncing Flask+1"],"picked":"Flying Knee+1","floor":35},{"not_picked":["Sucker Punch+1","Slice"],"picked":"Blur","floor":36},{"not_picked":["All Out Attack+1","Predator+1"],"picked":"Dagger Spray+1","floor":37},{"not_picked":["Prepared","Endless Agony"],"picked":"Noxious Fumes","floor":39},{"not_picked":["All Out Attack","Flying Knee"],"picked":"Noxious Fumes","floor":40},{"not_picked":["Flying Knee","Outmaneuver+1"],"picked":"Endless Agony+1","floor":41},{"not_picked":["Night Terror","Flying Knee+1"],"picked":"PiercingWail+1","floor":44},{"not_picked":["Endless Agony","PiercingWail+1"],"picked":"Infinite Blades+1","floor":45},{"not_picked":["Dagger Spray","Finisher","Terror+1"],"picked":"SKIP","floor":46},{"not_picked":["Well Laid Plans+1","PiercingWail+1","Burst"],"picked":"Catalyst+1","floor":47}],"player_experience":45571,"relics_obtained":[{"floor":7,"key":"Oddly Smooth Stone"},{"floor":9,"key":"Boot"},{"floor":13,"key":"Incense Burner"},{"floor":14,"key":"Bottled Flame"},{"floor":23,"key":"War Paint"},{"floor":26,"key":"Centennial Puzzle"},{"floor":27,"key":"Snake Skull"},{"floor":31,"key":"Girya"},{"floor":38,"key":"Mercury Hourglass"},{"floor":40,"key":"Old Coin"},{"floor":41,"key":"Mango"},{"floor":43,"key":"Ancient Tea Set"},{"floor":46,"key":"Question Card"}],"event_choices":[{"event_name":"Golden Idol","player_choice":"Ignored","floor":2,"damage_taken":0},{"event_name":"Match and Keep!","player_choice":"0 cards matched","floor":3,"damage_taken":0},{"event_name":"Liars Game","player_choice":"disagreed","floor":12,"damage_taken":0},{"event_name":"Masked Bandits","player_choice":"Paid Bandits 99 gold","floor":19,"damage_taken":0},{"event_name":"Transmorgrifier","player_choice":"Transform","floor":20,"damage_taken":0},{"event_name":"Back to Basics","player_choice":"Simplicity","floor":22,"damage_taken":0},{"event_name":"MindBloom","player_choice":"Fight","floor":41,"damage_taken":0},{"event_name":"Mysterious Sphere","player_choice":"Ignore","floor":48,"damage_taken":0}],"boss_relics":[{"not_picked":["Runic Dome","Runic Pyramid"],"picked":"Eternal Feather"},{"not_picked":["Fusion Hammer","Astrolabe"],"picked":"White Beast Statue"}],"items_purged_floors":[],"is_endless":false,"potions_floor_spawned":[5,7,21,23,24,29,33,35,36,37,39,40,41,44,45,46,47],"ascension_level":0}