{"gold_per_floor":[118,137,150,173,186,186,186,200,200,200,55,67,67],"floor_reached":13,"playtime":302,"items_purged":["Strike_G"],"score":100,"play_id":"30fbfc07-818e-4a82-8c37-df256a2dfb50","local_time":"20190214222117","is_ascension_mode":true,"campfire_choices":[{"data":"Cloak And Dagger","floor":6,"key":"SMITH"}],"neow_cost":"NONE","seed_source_timestamp":5000527215015,"circlet_count":0,"master_deck":["Defend_G","Defend_G","Defend_G","Defend_G","Defend_G","Strike_G","Strike_G","Strike_G","Survivor","Neutralize","Quick Slash","Cloak And Dagger+1","Accuracy","Accuracy","Dagger Throw"],"relics":["Ring of the Snake","NeowsBlessing","Blood Vial","Potion Belt"],"potions_floor_usage":[8,13],"damage_taken":[{"damage":0,"enemies":"Cultist","floor":1,"turns":1},{"damage":0,"enemies":"Small Slimes","floor":2,"turns":1},{"damage":0,"enemies":"Jaw Worm","floor":3,"turns":1},{"damage":22,"enemies":"2 Fungi Beasts","floor":5,"turns":5},{"damage":37,"enemies":"Exordium Thugs","floor":8,"turns":5},{"damage":9,"enemies":"Gremlin Gang","floor":12,"turns":6},{"damage":24,"enemies":"3 Sentries","floor":13,"turns":10}],"seed_played":"3059991511320821986","potions_obtained":[{"floor":5,"key":"PowerPotion"},{"floor":12,"key":"Block Potion"}],"is_trial":false,"path_per_floor":["M","M","M","T","M","R","?","M","T","?","$","M","E"],"character_chosen":"THE_SILENT","items_purchased":["Accuracy"],"campfire_rested":0,"item_purchase_floors":[11],"current_hp_per_floor":[63,63,63,63,43,43,66,31,31,31,31,24,2],"gold":67,"neow_bonus":"THREE_ENEMY_KILL","is_prod":false,"is_daily":false,"chose_seed":false,"campfire_upgraded":1,"win_rate":0,"timestamp":1550208077,"path_taken":["M","M","M","?","M","R","?","?","T","?","$","?","E"],"build_version":"2019-01-23","purchased_purges":1,"victory":false,"max_hp_per_floor":[70,70,70,70,70,70,70,70,70,70,70,70,70],"card_choices":[{"not_picked":["Slice","Bouncing Flask"],"picked":"Quick Slash","floor":1},{"not_picked":["Sucker Punch","Crippling Poison"],"picked":"Cloak And Dagger","floor":2},{"not_picked":["Choke","Setup","Calculated Gamble"],"picked":"SKIP","floor":3},{"not_picked":["PiercingWail","Masterful Stab"],"picked":"Accuracy","floor":5},{"not_picked":["Slice","PiercingWail","Expertise"],"picked":"SKIP","floor":8},{"not_picked":["Flechettes","PiercingWail"],"picked":"Dagger Throw","floor":12}],"player_experience":359426,"relics_obtained":[{"floor":4,"key":"Blood Vial"},{"floor":9,"key":"Potion Belt"}],"event_choices":[{"damage_healed":23,"gold_gain":0,"player_choice":"Banana","damage_taken":0,"max_hp_gain":0,"max_hp_loss":0,"event_name":"Big Fish","floor":7,"gold_loss":0},{"cards_removed":["Strike_G"],"damage_healed":0,"gold_gain":0,"player_choice":"Purged","damage_taken":0,"max_hp_gain":0,"max_hp_loss":0,"event_name":"Purifier","floor":10,"gold_loss":0}],"is_beta":false,"boss_relics":[],"items_purged_floors":[11],"is_endless":false,"potions_floor_spawned":[5,12],"killed_by":"3 Sentries","ascension_level":6}