{"gold_per_floor":[119,194,194,159,159,159,185,185,238,259,274,297,297,75,75,203,203,224,70,169,190,230,230,58,58,82,100,100,120,120],"floor_reached":30,"playtime":2865,"items_purged":["mysticmod:Strike_Mystic","mysticmod:Strike_Mystic","mysticmod:Defend_Mystic"],"score":251,"play_id":"b0147703-cb34-4a83-9101-2a156fe4fef2","local_time":"20190706191631","is_ascension_mode":false,"campfire_choices":[{"data":"mysticmod:ArcaneDodge","floor":6,"key":"SMITH"},{"data":"mysticmod:FloatingDisk","floor":13,"key":"SMITH"},{"floor":15,"key":"REST"},{"floor":23,"key":"REST"},{"data":"mysticmod:Spellstrike","floor":25,"key":"SMITH"}],"neow_cost":"NONE","seed_source_timestamp":2227968010600,"circlet_count":0,"master_deck":["mysticmod:Strike_Mystic","mysticmod:Defend_Mystic+1","mysticmod:Defend_Mystic+1","mysticmod:Defend_Mystic+1","mysticmod:ArcaneDodge+1","mysticmod:ShockingGrasp+1","mysticmod:Stoneskin","mysticmod:Spellstrike","mysticmod:PreparedCaster","mysticmod:FloatingDisk+1","mysticmod:MysticalShield","mysticmod:ArcaneAccuracy","mysticmod:ComponentsPouch","mysticmod:Spellstrike+1","mysticmod:TomeOfSpells","mysticmod:Snowball","mysticmod:EarthenWall","mysticmod:PowerSlash","mysticmod:Grease","mysticmod:GreaterInvisibility","mysticmod:SuddenClarity","mysticmod:Riposte"],"relics":["mysticmod:SpellBook","NeowsBlessing","Bottled Lightning","Golden Idol","War Paint","Centennial Puzzle","Orrery","Red Mask","Strawberry"],"potions_floor_usage":[16,21,22],"damage_taken":[{"damage":0,"enemies":"Jaw Worm","floor":1,"turns":1},{"damage":0,"enemies":"Lagavulin","floor":7,"turns":1},{"damage":0,"enemies":"2 Louse","floor":10,"turns":1},{"damage":0,"enemies":"Small Slimes","floor":11,"turns":4},{"damage":3,"enemies":"3 Louse","floor":12,"turns":3},{"damage":7,"enemies":"The Guardian","floor":16,"turns":14},{"damage":20,"enemies":"Chosen","floor":18,"turns":8},{"damage":2,"enemies":"Shell Parasite","floor":21,"turns":7},{"damage":29,"enemies":"Masked Bandits","floor":22,"turns":7},{"damage":3,"enemies":"Shelled Parasite and Fungi","floor":27,"turns":12},{"damage":14,"enemies":"Cultist and Chosen","floor":29,"turns":13},{"damage":4,"enemies":"Centurion and Healer","floor":30,"turns":5}],"seed_played":"1013338564641609399","potions_obtained":[{"floor":1,"key":"Poison Potion"},{"floor":7,"key":"Regen Potion"},{"floor":12,"key":"LiquidBronze"},{"floor":29,"key":"PowerPotion"}],"is_trial":false,"path_per_floor":["M","?","?","?","?","R","E","?","T","M","M","M","R","$","R","B",null,"M","$","?","M","?","R","$","R","T","M","$","M","M"],"character_chosen":"MYSTIC_CLASS","items_purchased":["Centennial Puzzle","mysticmod:PowerSlash","mysticmod:SuddenClarity"],"campfire_rested":2,"item_purchase_floors":[14,19,24],"current_hp_per_floor":[77,66,59,77,62,62,62,43,43,43,43,40,40,40,63,56,77,57,57,57,70,41,64,64,64,71,68,68,54,50],"gold":120,"neow_bonus":"THREE_ENEMY_KILL","is_prod":false,"is_daily":false,"chose_seed":false,"campfire_upgraded":3,"win_rate":0.0,"timestamp":1562436991,"path_taken":["M","?","?","?","?","R","E","?","T","M","M","M","R","?","R","BOSS","M","$","?","M","?","R","$","R","T","M","?","M","?"],"build_version":"2019-07-05","purchased_purges":3,"victory":false,"max_hp_per_floor":[77,77,77,77,77,77,77,77,77,77,77,77,77,77,77,77,77,77,77,77,77,77,77,77,77,84,84,84,84,84],"card_choices":[{"not_picked":["mysticmod:Shield","mysticmod:TomeOfSpells"],"picked":"mysticmod:Stoneskin","floor":1},{"not_picked":["mysticmod:Sideswipe","mysticmod:Shield"],"picked":"mysticmod:Spellstrike","floor":7},{"not_picked":["mysticmod:ComboCaster","mysticmod:MagicMissile"],"picked":"mysticmod:PreparedCaster","floor":10},{"not_picked":["mysticmod:Flurry","mysticmod:KeenEdge","mysticmod:LightningBolt"],"picked":"SKIP","floor":11},{"not_picked":["mysticmod:Probe","mysticmod:LightningBolt"],"picked":"mysticmod:FloatingDisk","floor":12},{"not_picked":["mysticmod:GeminiForm","mysticmod:ObscuringMist"],"picked":"mysticmod:MysticalShield","floor":16},{"not_picked":["mysticmod:Feint","mysticmod:CorrosiveTouch"],"picked":"mysticmod:ArcaneAccuracy","floor":17},{"not_picked":["mysticmod:LightningBolt","mysticmod:Alacrity"],"picked":"mysticmod:ComponentsPouch","floor":17},{"not_picked":["mysticmod:Flourish","mysticmod:Snowball"],"picked":"mysticmod:Spellstrike","floor":17},{"not_picked":["mysticmod:Shield","mysticmod:Snowball"],"picked":"mysticmod:TomeOfSpells","floor":17},{"not_picked":["mysticmod:Probe","mysticmod:PreparedCaster"],"picked":"mysticmod:Snowball","floor":17},{"not_picked":["mysticmod:CureLightWounds","mysticmod:LightningBolt"],"picked":"mysticmod:EarthenWall","floor":18},{"not_picked":["mysticmod:DiviningBlow","mysticmod:HeavyStrike"],"picked":"mysticmod:Grease","floor":21},{"not_picked":["mysticmod:PowerSlash+1","mysticmod:Fly"],"picked":"mysticmod:GreaterInvisibility","floor":22},{"not_picked":["mysticmod:HeavyStrike","mysticmod:HunkerDown"],"picked":"mysticmod:Riposte","floor":27},{"not_picked":["mysticmod:SuddenClarity","mysticmod:Grease+1","mysticmod:Daze"],"picked":"SKIP","floor":29}],"player_experience":40475,"relics_obtained":[{"floor":7,"key":"Bottled Lightning"},{"floor":9,"key":"War Paint"},{"floor":22,"key":"Red Mask"},{"floor":26,"key":"Strawberry"}],"event_choices":[{"damage_healed":0,"gold_gain":75,"player_choice":"Gather Gold","damage_taken":11,"max_hp_gain":0,"max_hp_loss":0,"event_name":"World of Goop","floor":2,"gold_loss":0},{"cards_removed":["mysticmod:Strike_Mystic"],"damage_healed":0,"gold_gain":0,"player_choice":"Card Removal","damage_taken":7,"max_hp_gain":0,"max_hp_loss":0,"event_name":"Golden Wing","floor":3,"gold_loss":0},{"damage_healed":19,"gold_gain":0,"player_choice":"Healed","damage_taken":0,"max_hp_gain":0,"max_hp_loss":0,"event_name":"The Cleric","floor":4,"gold_loss":35},{"damage_healed":0,"gold_gain":0,"player_choice":"Entered Light","damage_taken":15,"max_hp_gain":0,"max_hp_loss":0,"event_name":"Shining Light","floor":5,"gold_loss":0,"cards_upgraded":["mysticmod:Defend_Mystic","mysticmod:ShockingGrasp"]},{"damage_healed":0,"gold_gain":0,"player_choice":"Take Damage","damage_taken":19,"relics_obtained":["Golden Idol"],"max_hp_gain":0,"max_hp_loss":0,"event_name":"Golden Idol","floor":8,"gold_loss":0},{"damage_healed":0,"gold_gain":99,"player_choice":"Stole From Cult","damage_taken":0,"max_hp_gain":0,"max_hp_loss":0,"event_name":"Nest","floor":20,"gold_loss":0},{"damage_healed":0,"gold_gain":0,"player_choice":"Fought Bandits","damage_taken":0,"max_hp_gain":0,"max_hp_loss":0,"event_name":"Masked Bandits","floor":22,"gold_loss":0}],"is_beta":false,"boss_relics":[{"not_picked":["White Beast Statue","Lizard Tail"],"picked":"Orrery"}],"items_purged_floors":[14,19,24],"is_endless":false,"potions_floor_spawned":[1,7,12,29],"killed_by":"Centurion and Healer","ascension_level":0}