{"gold_per_floor":[117,67,67,81,81,109,128,145,145,160,185,60,77,102,102,204,204,221,221,238,238,248,248,282,282,282,299,214,214,244,264,264,365,365,378,378],"floor_reached":36,"playtime":1922,"items_purged":["Defend_G"],"score":596,"play_id":"6389b8b6-61fe-4b3d-aa27-fced9cbb6f58","local_time":"20190214231141","is_ascension_mode":true,"campfire_choices":[{"floor":15.0,"key":"REST"},{"floor":23.0,"key":"REST"},{"floor":25.0,"key":"REST"},{"data":"Neutralize","floor":32.0,"key":"SMITH"}],"neow_cost":"NONE","seed_source_timestamp":252751240485700,"circlet_count":0,"master_deck":["Defend_G+1","Defend_G","Defend_G","Defend_G","Survivor","Neutralize+1","Dagger Throw","Cloak And Dagger","Infinite Blades","Cloak And Dagger","Footwork","PiercingWail","Backstab","Corpse Explosion","Bane","Caltrops+1","PiercingWail+1","Poisoned Stab","Bite","Bite","Bite","Bite","Bite","Dodge and Roll","Deadly Poison","After Image","Footwork"],"special_seed":0,"relics":["Ring of the Snake","NeowsBlessing","Unceasing Top","Blue Candle","Question Card","FossilizedHelix","Busted Crown","MutagenicStrength","Pen Nib","Bottled Flame","Omamori","Blood Vial","Cursed Key"],"potions_floor_usage":[33],"damage_taken":[{"damage":0.0,"enemies":"Small Slimes","floor":1.0,"turns":1.0},{"damage":0.0,"enemies":"2 Louse","floor":4.0,"turns":1.0},{"damage":0.0,"enemies":"Gremlin Nob","floor":6.0,"turns":1.0},{"damage":0.0,"enemies":"Jaw Worm","floor":7.0,"turns":5.0},{"damage":3.0,"enemies":"Large Slime","floor":8.0,"turns":7.0},{"damage":4.0,"enemies":"3 Louse","floor":10.0,"turns":3.0},{"damage":10.0,"enemies":"Lagavulin","floor":11.0,"turns":8.0},{"damage":0.0,"enemies":"2 Fungi Beasts","floor":13.0,"turns":4.0},{"damage":26.0,"enemies":"The Guardian","floor":16.0,"turns":19.0},{"damage":20.0,"enemies":"Spheric Guardian","floor":18.0,"turns":6.0},{"damage":0.0,"enemies":"Chosen","floor":20.0,"turns":6.0},{"damage":17.0,"enemies":"Sentry and Sphere","floor":22.0,"turns":6.0},{"damage":14.0,"enemies":"Slavers","floor":24.0,"turns":3.0},{"damage":0.0,"enemies":"Snake Plant","floor":27.0,"turns":5.0},{"damage":12.0,"enemies":"Gremlin Leader","floor":30.0,"turns":9.0},{"damage":0.0,"enemies":"Cultist and Chosen","floor":31.0,"turns":3.0},{"damage":55,"enemies":"Automaton","floor":33,"turns":9},{"damage":0,"enemies":"3 Shapes","floor":35,"turns":3},{"damage":62,"enemies":"2 Orb Walkers","floor":36,"turns":5}],"seed_played":"6151377558737628273","potions_obtained":[{"floor":1.0,"key":"Swift Potion"},{"floor":10.0,"key":"Poison Potion"},{"floor":11.0,"key":"LiquidBronze"},{"floor":13.0,"key":"Weak Potion"},{"floor":20.0,"key":"GhostInAJar"},{"floor":30.0,"key":"Strength Potion"},{"floor":31.0,"key":"SneckoOil"},{"floor":33,"key":"GhostInAJar"},{"floor":35,"key":"GamblersBrew"}],"is_trial":false,"path_per_floor":["M","?","?","M","?","E","M","M","T","M","E","$","M","T","R","B",null,"M","?","M","?","M","R","E","R","T","M","?","?","E","M","R","B",null,"M","?"],"character_chosen":"THE_SILENT","items_purchased":["PiercingWail"],"campfire_rested":3,"item_purchase_floors":[12],"current_hp_per_floor":[63,63,49,49,24,24,24,21,21,17,7,7,7,7,28,2,53,33,20,20,20,3,25,11,33,33,33,33,33,41,47,47,6,41,47,0],"gold":378,"neow_bonus":"THREE_ENEMY_KILL","is_prod":false,"is_daily":false,"chose_seed":false,"campfire_upgraded":1,"win_rate":0,"timestamp":1550214701,"path_taken":["M","?","?","M","?","E","M","M","T","M","E","$","M","?","R","BOSS","M","?","M","?","M","R","E","R","T","M","?","?","E","M","R","BOSS","M","?"],"build_version":"2019-01-23","purchased_purges":1,"victory":false,"max_hp_per_floor":[70,70,70,70,70,70,70,70,70,70,70,70,70,70,70,70,70,70,75,75,75,75,75,75,75,75,75,75,52,52,52,52,52,52,52,52],"card_choices":[{"not_picked":["Flechettes","Reflex"],"picked":"Dagger Throw","floor":1.0},{"not_picked":["Finisher","Backflip"],"picked":"Cloak And Dagger","floor":4.0},{"not_picked":["Outmaneuver","PiercingWail"],"picked":"Infinite Blades","floor":6.0},{"not_picked":["Dagger Throw","Acrobatics"],"picked":"Cloak And Dagger","floor":7.0},{"not_picked":["Blade Dance","Prepared","Unload"],"picked":"SKIP","floor":8.0},{"not_picked":["Caltrops","Slice","Dash"],"picked":"Footwork","floor":10.0},{"not_picked":["Bane","Distraction","Blade Dance","Prepared"],"picked":"SKIP","floor":11.0},{"not_picked":["Escape Plan","Cloak And Dagger","Outmaneuver"],"picked":"Backstab","floor":13.0},{"not_picked":["Bullet Time","Die Die Die","Glass Knife"],"picked":"Corpse Explosion","floor":16.0},{"not_picked":["Setup+1"],"picked":"Bane","floor":18.0},{"not_picked":["Dodge and Roll"],"picked":"Caltrops+1","floor":20.0},{"not_picked":["Underhanded Strike"],"picked":"PiercingWail+1","floor":22.0},{"not_picked":["Quick Slash","Sucker Punch"],"picked":"SKIP","floor":24.0},{"not_picked":["Heel Hook"],"picked":"Poisoned Stab","floor":27.0},{"not_picked":["Tactician"],"picked":"Dodge and Roll","floor":30.0},{"not_picked":["Deflect+1"],"picked":"Deadly Poison","floor":31.0},{"not_picked":["Phantasmal Killer"],"picked":"After Image","floor":33},{"not_picked":["Heel Hook+1"],"picked":"Footwork","floor":35}],"player_experience":969773,"relics_obtained":[{"floor":6.0,"key":"Blue Candle"},{"floor":9.0,"key":"Question Card"},{"floor":11.0,"key":"FossilizedHelix"},{"floor":24.0,"key":"Pen Nib"},{"floor":26.0,"key":"Bottled Flame"},{"floor":30.0,"key":"Blood Vial"}],"event_choices":[{"cards_removed":["Strike_G"],"damage_healed":0.0,"max_hp_gain":0.0,"max_hp_loss":0.0,"gold_gain":0.0,"event_name":"The Cleric","player_choice":"Card Removal","floor":2.0,"gold_loss":50.0,"damage_taken":0.0},{"damage_healed":0.0,"max_hp_gain":0.0,"max_hp_loss":0.0,"gold_gain":0.0,"event_name":"Shining Light","player_choice":"Entered Light","floor":3.0,"gold_loss":0.0,"damage_taken":14.0,"cards_upgraded":["Strike_G","Defend_G"]},{"damage_healed":0.0,"max_hp_gain":0.0,"max_hp_loss":0.0,"gold_gain":0.0,"event_name":"Scrap Ooze","player_choice":"Success","floor":5.0,"gold_loss":0.0,"damage_taken":25.0,"relics_obtained":["Unceasing Top"]},{"damage_healed":0.0,"max_hp_gain":5.0,"max_hp_loss":0.0,"gold_gain":0.0,"event_name":"Forgotten Altar","player_choice":"Shed Blood","floor":19.0,"gold_loss":0.0,"damage_taken":18.0},{"damage_healed":0.0,"max_hp_gain":0.0,"max_hp_loss":0.0,"gold_gain":0.0,"event_name":"Drug Dealer","player_choice":"Inject Mutagens","floor":21.0,"gold_loss":0.0,"damage_taken":0.0,"relics_obtained":["MutagenicStrength"]},{"damage_healed":0.0,"max_hp_gain":0.0,"max_hp_loss":0.0,"gold_gain":0.0,"event_name":"Addict","player_choice":"Obtained Relic","floor":28.0,"gold_loss":85.0,"damage_taken":0.0,"relics_obtained":["Omamori"]},{"damage_healed":0.0,"max_hp_gain":0.0,"max_hp_loss":23.0,"gold_gain":0.0,"event_name":"Vampires","player_choice":"Became a vampire","floor":29.0,"gold_loss":0.0,"damage_taken":0.0,"cards_obtained":["Bite","Bite","Bite","Bite","Bite"]},{"damage_healed":0,"gold_gain":0,"player_choice":"Fight","damage_taken":0,"max_hp_gain":0,"max_hp_loss":0,"event_name":"Mysterious Sphere","floor":36,"gold_loss":0}],"is_beta":false,"boss_relics":[{"not_picked":["Snecko Eye","Runic Pyramid"],"picked":"Busted Crown"},{"not_picked":["Coffee Dripper","Ring of the Serpent"],"picked":"Cursed Key"}],"items_purged_floors":[12],"is_endless":false,"potions_floor_spawned":[1,10,11,13,20,30,31,33,35],"killed_by":"2 Orb Walkers","ascension_level":6}