{"gold_per_floor":[113,123,51,62,62,62,88,88,88,38,57,87,49,64,64,169,169,186,186,206,206,206,206],"floor_reached":23,"playtime":638,"items_purged":[],"score":343,"play_id":"d171a82a-5a95-4812-847d-76e6ccf769a5","local_time":"20180809192152","is_ascension_mode":true,"campfire_choices":[{"data":"Immolate","floor":6,"key":"SMITH"},{"data":"Uppercut","floor":8,"key":"SMITH"},{"data":"True Grit","floor":15,"key":"SMITH"}],"neow_cost":"CURSE","seed_source_timestamp":170953287649895,"circlet_count":0,"master_deck":["Defend_R","Defend_R","Defend_R","Defend_R","Bash","AscendersBane","Immolate+1","Ghostly Armor","Double Tap","Thunderclap","Uppercut+1","True Grit+1","Inflame","Demon Form","Sword Boomerang","Writhe","Twin Strike","Bite+1","Bite+1","Bite+1","Bite+1","Bite+1"],"relics":["Burning Blood","Potion Belt","Singing Bowl","Matryoshka","Philosopher\u0027s Stone","Kunai","Molten Egg 2","Paper Frog"],"potions_floor_usage":[23,23,23],"damage_taken":[{"damage":8,"enemies":"Cultist","floor":1,"turns":4},{"damage":7,"enemies":"Jaw Worm","floor":2,"turns":3},{"damage":3,"enemies":"2 Louse","floor":4,"turns":2},{"damage":26,"enemies":"Gremlin Nob","floor":7,"turns":4},{"damage":2,"enemies":"Exordium Thugs","floor":11,"turns":3},{"damage":10,"enemies":"3 Sentries","floor":12,"turns":6},{"damage":8,"enemies":"Large Slime","floor":14,"turns":2},{"damage":33,"enemies":"Hexaghost","floor":16,"turns":8},{"damage":50,"enemies":"3 Byrds","floor":18,"turns":5},{"damage":15,"enemies":"Chosen","floor":20,"turns":4},{"damage":34,"enemies":"Slavers","floor":23,"turns":2}],"seed_played":"2359327969193962375","potions_obtained":[{"floor":1,"key":"Poison Potion"},{"floor":7,"key":"FearPotion"},{"floor":12,"key":"SpeedPotion"},{"floor":18,"key":"BloodPotion"}],"is_trial":false,"path_per_floor":["M","M","$","M","$","R","E","R","T","?","M","E","$","M","R","B",null,"M","?","M","T","?"],"character_chosen":"IRONCLAD","items_purchased":["Double Tap","Inflame"],"campfire_rested":0,"item_purchase_floors":[3,13],"current_hp_per_floor":[70,69,69,72,72,72,52,52,52,52,56,54,54,54,54,27,70,26,26,17,17,17,0],"gold":206,"neow_bonus":"THREE_RARE_CARDS","is_prod":false,"is_daily":false,"chose_seed":false,"campfire_upgraded":3,"win_rate":0,"timestamp":1533856912,"path_taken":["M","M","$","M","?","R","E","R","T","?","M","E","$","?","R","BOSS","M","?","M","?","?","E"],"build_version":"2018-08-08","purchased_purges":0,"victory":false,"max_hp_per_floor":[80,80,80,80,80,80,80,80,80,80,80,82,82,84,84,84,84,84,84,84,84,58,58],"card_choices":[{"not_picked":["Barricade","Reaper"],"picked":"Immolate","floor":0},{"not_picked":["Blood for Blood","Wild Strike","Warcry"],"picked":"SKIP","floor":1},{"not_picked":["Shrug It Off","Iron Wave"],"picked":"Ghostly Armor","floor":2},{"not_picked":["Iron Wave","Carnage"],"picked":"Thunderclap","floor":4},{"not_picked":["Pommel Strike","Armaments"],"picked":"Uppercut","floor":7},{"not_picked":["Carnage","Rampage"],"picked":"True Grit","floor":11},{"not_picked":["Havoc","Juggernaut","Carnage"],"picked":"Singing Bowl","floor":12},{"not_picked":["Wild Strike","Flex","Warcry"],"picked":"Singing Bowl","floor":14},{"not_picked":["Immolate","Brutality"],"picked":"Demon Form","floor":16},{"not_picked":["True Grit","Combust"],"picked":"Sword Boomerang","floor":18},{"not_picked":["Warcry+1","Iron Wave"],"picked":"Twin Strike","floor":20}],"player_experience":820194,"relics_obtained":[{"floor":7,"key":"Potion Belt"},{"floor":9,"key":"Singing Bowl"},{"floor":12,"key":"Matryoshka"},{"floor":21,"key":"Molten Egg 2"},{"floor":21,"key":"Paper Frog"}],"event_choices":[{"event_name":"The Cleric","player_choice":"Card Removal","floor":10,"damage_taken":0},{"event_name":"The Mausoleum","player_choice":"Yes","floor":19,"damage_taken":0},{"event_name":"Vampires","player_choice":"Became a vampire","floor":22,"damage_taken":0}],"is_beta":true,"boss_relics":[{"not_picked":["Orrery","Runic Cube"],"picked":"Philosopher\u0027s Stone"}],"items_purged_floors":[],"is_endless":false,"potions_floor_spawned":[1,7,12,18],"killed_by":"Slavers","ascension_level":12}