{"gold_per_floor":[109,121,0,15,32,32,46,78,78,3,32,32,62,78,78,174,174,191,204,119,218,218,218],"floor_reached":23,"playtime":770,"items_purged":[],"score":338,"play_id":"c4d15077-45c2-4307-8ddf-0b13260f42db","local_time":"20190917080147","is_ascension_mode":true,"campfire_choices":[{"data":"Corpse Explosion","floor":6.0,"key":"SMITH"},{"floor":12,"key":"REST"},{"data":"Neutralize","floor":15,"key":"SMITH"}],"neow_cost":"NONE","seed_source_timestamp":269173519029599,"circlet_count":0,"master_deck":["AscendersBane","Strike_G","Strike_G+1","Strike_G","Strike_G+1","Strike_G","Defend_G","Defend_G","Defend_G","Defend_G","Defend_G","Survivor","Neutralize+1","Quick Slash","Footwork","Corpse Explosion+1","Backstab","Caltrops","Catalyst","Blur","Dash","Bane","Dodge and Roll","Wraith Form v2","Poisoned Stab","Writhe"],"special_seed":0,"relics":["Ring of the Snake","Orichalcum","Art of War","Blue Candle","Whetstone","HornCleat","Cursed Key","Vajra","Paper Crane"],"potions_floor_usage":[8,13,16,16,23],"damage_taken":[{"damage":6.0,"enemies":"Jaw Worm","floor":1.0,"turns":6.0},{"damage":0.0,"enemies":"2 Louse","floor":2.0,"turns":2.0},{"damage":6.0,"enemies":"Small Slimes","floor":4.0,"turns":3.0},{"damage":0.0,"enemies":"Blue Slaver","floor":5.0,"turns":4.0},{"damage":4.0,"enemies":"Red Slaver","floor":7.0,"turns":4.0},{"damage":14,"enemies":"3 Sentries","floor":8,"turns":4},{"damage":17,"enemies":"Gremlin Nob","floor":11,"turns":5},{"damage":1,"enemies":"Lagavulin","floor":13,"turns":6},{"damage":0,"enemies":"3 Louse","floor":14,"turns":2},{"damage":11,"enemies":"Slime Boss","floor":16,"turns":10},{"damage":5,"enemies":"Chosen","floor":18,"turns":4},{"damage":12,"enemies":"2 Thieves","floor":19,"turns":3},{"damage":56,"enemies":"Gremlin Leader","floor":23,"turns":7}],"seed_played":"-3259779757864693694","potions_obtained":[{"floor":2.0,"key":"DuplicationPotion"},{"floor":8,"key":"GhostInAJar"},{"floor":14,"key":"AttackPotion"},{"floor":16,"key":"GhostInAJar"},{"floor":18,"key":"EssenceOfSteel"}],"is_trial":false,"path_per_floor":["M","M","$","M","M","R","M","E","T","$","E","R","E","M","R","B",null,"M","M","?","?","?","E"],"character_chosen":"THE_SILENT","items_purchased":["Corpse Explosion","PowerPotion","Dash"],"campfire_rested":1,"item_purchase_floors":[3,3,10],"current_hp_per_floor":[57,57,57,51,51,51,47,33,33,33,16,37,36,36,36,25,59,54,42,42,42,42,0],"gold":218,"neow_bonus":"RANDOM_COMMON_RELIC","is_prod":false,"is_daily":false,"chose_seed":false,"campfire_upgraded":2,"win_rate":0,"timestamp":1568732507,"path_taken":["M","M","$","M","M","R","M","E","T","$","E","R","E","M","R","BOSS","M","M","?","?","?","E"],"build_version":"2019-09-16v2","purchased_purges":0,"victory":false,"max_hp_per_floor":[70,70,70,70,70,70,70,70,70,70,70,70,70,70,70,70,70,70,70,70,70,70,70],"card_choices":[{"not_picked":["Deflect","Underhanded Strike"],"picked":"Quick Slash","floor":1.0},{"not_picked":["Blade Dance","Deadly Poison"],"picked":"Footwork","floor":2.0},{"not_picked":["Prepared","Malaise"],"picked":"Backstab","floor":4.0},{"not_picked":["Cloak And Dagger","Dagger Spray"],"picked":"Caltrops","floor":5.0},{"not_picked":["Underhanded Strike","Distraction"],"picked":"Catalyst","floor":7.0},{"not_picked":["Sucker Punch","Underhanded Strike"],"picked":"Blur","floor":8},{"not_picked":["Tactician","Finisher"],"picked":"Bane","floor":11},{"not_picked":["Leg Sweep","Slice"],"picked":"Dodge and Roll","floor":13},{"not_picked":["Concentrate","Flying Knee","Underhanded Strike"],"picked":"SKIP","floor":14},{"not_picked":["Concentrate","Flying Knee","Underhanded Strike"],"picked":"SKIP","floor":14},{"not_picked":["Glass Knife","Unload"],"picked":"Wraith Form v2","floor":16},{"not_picked":["Slice","Crippling Poison"],"picked":"Poisoned Stab","floor":18},{"not_picked":["Catalyst","Backflip","Underhanded Strike"],"picked":"SKIP","floor":19}],"player_experience":650618,"relics_obtained":[{"floor":8,"key":"Art of War"},{"floor":9,"key":"Blue Candle"},{"floor":11,"key":"Whetstone"},{"floor":13,"key":"HornCleat"}],"event_choices":[{"damage_healed":0,"gold_gain":0,"player_choice":"Obtained Relic","damage_taken":0,"relics_obtained":["Vajra"],"max_hp_gain":0,"max_hp_loss":0,"event_name":"Addict","floor":20,"gold_loss":85},{"damage_healed":0,"gold_gain":99,"player_choice":"Stole From Cult","damage_taken":0,"max_hp_gain":0,"max_hp_loss":0,"event_name":"Nest","floor":21,"gold_loss":0},{"damage_healed":0,"gold_gain":0,"player_choice":"Opened","damage_taken":0,"relics_obtained":["Paper Crane"],"max_hp_gain":0,"max_hp_loss":0,"event_name":"The Mausoleum","floor":22,"gold_loss":0,"cards_obtained":["Writhe"]}],"is_beta":true,"boss_relics":[{"not_picked":["Coffee Dripper","Astrolabe"],"picked":"Cursed Key"}],"items_purged_floors":[],"is_endless":false,"potions_floor_spawned":[2,7,8,11,14,16,18],"killed_by":"Gremlin Leader","ascension_level":12}