{"gold_per_floor":[114,114,64,64,84,259,290,306,306,306,306,322,342,1,1,99,99,112,112,125,137,149,183,258,258,282,282,293,293,326,75,75,173,173,188,202,215,233,248,304,304,304,304,304,314,0,19,50,50,50],"floor_reached":50,"playtime":6726,"items_purged":["Doubt","Writhe"],"score":744,"play_id":"25759045-99f0-4428-9c1d-4cdb6f6e801b","local_time":"20180713214212","is_ascension_mode":false,"campfire_choices":[{"floor":11,"key":"REST"},{"floor":15,"key":"REST"},{"floor":25,"key":"REST"},{"floor":29,"key":"REST"},{"floor":32,"key":"REST"},{"floor":42,"key":"REST"},{"floor":49,"key":"REST"}],"neow_cost":"NONE","seed_source_timestamp":2408245589641600,"circlet_count":0,"master_deck":["Defend_G","Defend_G+1","Strike_G","Strike_G","Survivor","Neutralize+1","Dodge and Roll","Dagger Throw","Envenom+1","Backflip","Flying Knee+1","Bane+1","Caltrops","Endless Agony+1","Corpse Explosion","Adrenaline+1","Choke+1","Die Die Die+1","Slice+1","Injury","Quick Slash+1","Dash+1","Finisher+1","Flying Knee+1","Noxious Fumes","Dagger Spray+1","Backflip+1","Infinite Blades","Blur","Sucker Punch+1","Bane+1","Tools of the Trade","Bane+1","Outmaneuver+1","Dagger Spray+1","Riddle With Holes+1","A Thousand Cuts","Backflip","Heel Hook+1","Blade Dance+1","Terror","Finisher+1"],"relics":["Fusion Hammer","Calipers","Molten Egg 2","Vajra","Astrolabe","Matryoshka","Anchor","Bag of Marbles","Dream Catcher","Tingsha","Black Star","Tiny Chest","Blood Vial","Happy Flower","Strawberry","Bird Faced Urn","Paper Crane","Bag of Preparation","Boot"],"potions_floor_usage":[22,23,30,33,33,40,40,40,44,44,47,48,50,50],"damage_taken":[{"damage":0,"enemies":"Jaw Worm","floor":1,"turns":6},{"damage":4,"enemies":"2 Louse","floor":5,"turns":4},{"damage":26,"enemies":"3 Sentries","floor":7,"turns":13},{"damage":0,"enemies":"Small Slimes","floor":8,"turns":3},{"damage":0,"enemies":"Red Slaver","floor":12,"turns":4},{"damage":0,"enemies":"Looter","floor":13,"turns":3},{"damage":21,"enemies":"Slime Boss","floor":16,"turns":8},{"damage":10,"enemies":"2 Thieves","floor":18,"turns":2},{"damage":1,"enemies":"3 Byrds","floor":20,"turns":3},{"damage":12,"enemies":"Snake Plant","floor":21,"turns":4},{"damage":3,"enemies":"Centurion and Healer","floor":22,"turns":2},{"damage":0,"enemies":"Gremlin Leader","floor":23,"turns":4},{"damage":4,"enemies":"3 Cultists","floor":28,"turns":3},{"damage":10,"enemies":"Slavers","floor":30,"turns":3},{"damage":39,"enemies":"Champ","floor":33,"turns":8},{"damage":0,"enemies":"Orb Walker","floor":35,"turns":2},{"damage":0,"enemies":"Flame Bruiser 1 Orb","floor":36,"turns":4},{"damage":27,"enemies":"Maw","floor":37,"turns":6},{"damage":0,"enemies":"Sphere and 2 Shapes","floor":38,"turns":3},{"damage":15,"enemies":"Spire Growth","floor":39,"turns":4},{"damage":10,"enemies":"2 Orb Walkers","floor":40,"turns":4},{"damage":4,"floor":44,"turns":7},{"damage":21,"enemies":"Maw","floor":45,"turns":6},{"damage":0,"enemies":"Transient","floor":47,"turns":5},{"damage":20,"enemies":"Nemesis","floor":48,"turns":7},{"damage":87,"enemies":"Time Eater","floor":50,"turns":10}],"seed_played":"-8763636525801140505","potions_obtained":[{"floor":12,"key":"GamblersBrew"},{"floor":13,"key":"Strength Potion"},{"floor":16,"key":"SteroidPotion"},{"floor":23,"key":"PowerPotion"},{"floor":28,"key":"Fire Potion"},{"floor":30,"key":"PowerPotion"},{"floor":38,"key":"Swift Potion"},{"floor":39,"key":"EssenceOfSteel"},{"floor":40,"key":"EntropicBrew"},{"floor":47,"key":"SteroidPotion"},{"floor":48,"key":"GhostInAJar"}],"is_trial":false,"path_per_floor":["M","?","?","?","M","?","E","M","T","?","R","M","M","$","R","B",null,"M","?","M","M","M","E","?","R","T","?","M","R","E","$","R","B",null,"M","M","M","M","M","E","?","R","T","?","M","$","M","E","R"],"character_chosen":"THE_SILENT","items_purchased":["Vajra","Caltrops","Endless Agony+1","Infinite Blades","Blur","Sucker Punch+1","Paper Crane","Terror"],"campfire_rested":7,"item_purchase_floors":[14,14,14,31,31,31,46,46],"current_hp_per_floor":[70,63,63,63,59,59,33,33,33,19,40,40,40,40,61,40,70,60,60,59,47,44,44,37,58,58,58,54,70,60,60,70,31,70,70,70,43,43,28,18,18,39,46,59,44,44,52,40,63,0],"gold":50,"neow_bonus":"BOSS_RELIC","is_prod":false,"is_daily":false,"chose_seed":false,"campfire_upgraded":0,"win_rate":0,"timestamp":1531543332,"path_taken":["M","?","?","?","M","?","E","?","T","?","R","?","M","$","R","BOSS","M","?","M","M","M","E","?","R","T","?","M","R","E","$","R","BOSS","M","M","M","M","M","E","?","R","T","?","M","$","M","E","R","BOSS"],"build_version":"2018-07-12","purchased_purges":2,"victory":false,"max_hp_per_floor":[70,70,70,70,70,70,70,70,70,70,70,70,70,70,70,70,70,70,70,70,70,70,70,70,70,70,70,70,70,70,70,70,70,70,70,70,70,70,70,70,70,70,77,77,77,77,77,77,77,77],"card_choices":[{"not_picked":["Deadly Poison","Distraction"],"picked":"Dodge and Roll","floor":1},{"not_picked":["Prepared","Calculated Gamble"],"picked":"Dagger Throw","floor":5},{"not_picked":["Masterful Stab","Sucker Punch"],"picked":"Envenom","floor":7},{"not_picked":["Quick Slash","Prepared"],"picked":"Backflip","floor":8},{"not_picked":["Dodge and Roll","Underhanded Strike+1"],"picked":"Flying Knee+1","floor":12},{"not_picked":["Bouncing Flask","Acrobatics"],"picked":"Bane+1","floor":13},{"not_picked":["Envenom","Doppelganger"],"picked":"Corpse Explosion","floor":16},{"not_picked":["Deadly Poison+1","Leg Sweep"],"picked":"Slice+1","floor":18},{"not_picked":["Cloak And Dagger","Skewer+1"],"picked":"Quick Slash+1","floor":20},{"not_picked":["Flying Knee+1","Terror"],"picked":"Dash+1","floor":21},{"not_picked":["Deflect","Dodge and Roll"],"picked":"Finisher+1","floor":22},{"not_picked":["Tactician","Outmaneuver"],"picked":"Flying Knee+1","floor":23},{"not_picked":["Dash+1","Bane+1"],"picked":"Noxious Fumes","floor":28},{"not_picked":["Quick Slash+1","Footwork"],"picked":"Dagger Spray+1","floor":29},{"not_picked":["Flying Knee+1","Catalyst"],"picked":"Backflip+1","floor":30},{"not_picked":["Tactician","Skewer+1"],"picked":"Bane+1","floor":32},{"not_picked":["Die Die Die+1","Burst"],"picked":"Tools of the Trade","floor":33},{"not_picked":["Deadly Poison+1","Acrobatics","Poisoned Stab+1"],"picked":"SKIP","floor":35},{"not_picked":["Prepared","Predator+1"],"picked":"Bane+1","floor":36},{"not_picked":["Prepared","Poisoned Stab+1"],"picked":"Outmaneuver+1","floor":37},{"not_picked":["Dodge and Roll","Backstab+1"],"picked":"Dagger Spray+1","floor":38},{"not_picked":["Dagger Spray+1","Eviscerate+1"],"picked":"Riddle With Holes+1","floor":39},{"not_picked":["Skewer+1","Backflip"],"picked":"A Thousand Cuts","floor":40},{"not_picked":["Calculated Gamble+1","Flying Knee+1"],"picked":"Backflip","floor":42},{"not_picked":["Bane+1","Riddle With Holes+1"],"picked":"Heel Hook+1","floor":44},{"not_picked":["Underhanded Strike+1","PiercingWail"],"picked":"Blade Dance+1","floor":45},{"not_picked":["Predator+1","Masterful Stab+1","Choke+1"],"picked":"SKIP","floor":47},{"not_picked":["Envenom","Dagger Spray+1"],"picked":"Finisher+1","floor":48}],"player_experience":57101,"relics_obtained":[{"floor":7,"key":"Calipers"},{"floor":9,"key":"Molten Egg 2"},{"floor":23,"key":"Matryoshka"},{"floor":26,"key":"Anchor"},{"floor":26,"key":"Bag of Marbles"},{"floor":30,"key":"Tingsha"},{"floor":40,"key":"Tiny Chest"},{"floor":40,"key":"Blood Vial"},{"floor":43,"key":"Happy Flower"},{"floor":43,"key":"Strawberry"},{"floor":44,"key":"Bird Faced Urn"},{"floor":48,"key":"Bag of Preparation"},{"floor":48,"key":"Boot"}],"event_choices":[{"event_name":"Golden Wing","player_choice":"Card Removal","floor":2,"damage_taken":0},{"event_name":"The Cleric","player_choice":"Card Removal","floor":3,"damage_taken":0},{"event_name":"Purifier","player_choice":"One Purge","floor":4,"damage_taken":0},{"event_name":"Liars Game","player_choice":"agreed","floor":6,"damage_taken":0},{"event_name":"Shining Light","player_choice":"Entered Light","floor":10,"damage_taken":0},{"event_name":"Accursed Blacksmith","player_choice":"Forge","floor":19,"damage_taken":0},{"event_name":"FaceTrader","player_choice":"Touch","floor":24,"damage_taken":0},{"event_name":"The Mausoleum","player_choice":"Yes","floor":27,"damage_taken":0},{"event_name":"Tomb of Lord Red Mask","player_choice":"Ignored","floor":41,"damage_taken":0},{"event_name":"MindBloom","player_choice":"Fight","floor":44,"damage_taken":0}],"boss_relics":[{"not_picked":["Lizard Tail","Philosopher\u0027s Stone"],"picked":"Astrolabe"},{"not_picked":["Busted Crown","Orrery"],"picked":"Black Star"}],"items_purged_floors":[14,31],"is_endless":false,"potions_floor_spawned":[12,13,16,23,28,30,38,39,40,47,48],"killed_by":"Time Eater","ascension_level":0}