{"gold_per_floor":[13,28,44,58,58,58,233,233,233,158,183,30,30,47,47,47],"floor_reached":16,"playtime":428,"items_purged":["Doubt"],"score":160,"play_id":"300638e8-9c63-4a8d-b339-40f30b654e31","local_time":"20181007121118","is_ascension_mode":true,"campfire_choices":[{"data":"Bash","floor":6,"key":"SMITH"},{"data":"Spot Weakness","floor":8,"key":"SMITH"},{"data":"Offering","floor":13,"key":"SMITH"},{"data":"Body Slam","floor":15,"key":"SMITH"}],"neow_cost":"NO_GOLD","seed_source_timestamp":501486771509312,"circlet_count":0,"master_deck":["Strike_R","Strike_R","Strike_R","Strike_R","Defend_R","Defend_R","Defend_R","Defend_R","Bash+1","AscendersBane","Inflame","Body Slam+1","Sword Boomerang","Spot Weakness+1","Twin Strike","Offering+1"],"relics":["Burning Blood","Unceasing Top","Paper Frog","Gremlin Horn"],"potions_floor_usage":[11,11,16],"damage_taken":[{"damage":0,"enemies":"Small Slimes","floor":1,"turns":4},{"damage":13,"enemies":"Jaw Worm","floor":2,"turns":5},{"damage":10,"enemies":"Cultist","floor":3,"turns":5},{"damage":16,"enemies":"Looter","floor":4,"turns":4},{"damage":10,"enemies":"Gremlin Nob","floor":11,"turns":3},{"damage":12,"enemies":"Blue Slaver","floor":14,"turns":4},{"damage":54,"enemies":"The Guardian","floor":16,"turns":5}],"seed_played":"-8183884788669234712","potions_obtained":[{"floor":1,"key":"GamblersBrew"},{"floor":2,"key":"Poison Potion"},{"floor":14,"key":"GamblersBrew"}],"is_trial":false,"path_per_floor":["M","M","M","M","?","R","?","R","T","$","E","$","R","M","R"],"character_chosen":"IRONCLAD","items_purchased":["Offering"],"campfire_rested":0,"item_purchase_floors":[12],"current_hp_per_floor":[78,71,67,57,57,57,57,57,57,57,53,53,53,47,47,0],"gold":47,"neow_bonus":"ONE_RARE_RELIC","is_prod":false,"is_daily":false,"chose_seed":false,"campfire_upgraded":4,"win_rate":0,"timestamp":1538928678,"path_taken":["M","M","M","M","?","R","?","R","T","?","E","$","R","?","R","BOSS"],"build_version":"2018-10-04","purchased_purges":1,"victory":false,"max_hp_per_floor":[80,80,80,80,80,80,80,80,80,80,80,80,80,80,80,80],"card_choices":[{"not_picked":["Cleave","Wild Strike"],"picked":"Inflame","floor":1},{"not_picked":["Metallicize","Clothesline"],"picked":"Body Slam","floor":2},{"not_picked":["Pommel Strike","Twin Strike"],"picked":"Sword Boomerang","floor":3},{"not_picked":["Armaments","Intimidate"],"picked":"Spot Weakness","floor":4},{"not_picked":["Pommel Strike","Shockwave"],"picked":"Twin Strike","floor":11},{"not_picked":["Hemokinesis","Dual Wield","Body Slam"],"picked":"SKIP","floor":14}],"player_experience":843907,"relics_obtained":[{"floor":9,"key":"Paper Frog"},{"floor":11,"key":"Gremlin Horn"}],"event_choices":[{"event_name":"Living Wall","player_choice":"Forget","floor":5,"damage_taken":0},{"event_name":"Liars Game","player_choice":"agreed","floor":7,"damage_taken":0}],"is_beta":true,"boss_relics":[],"items_purged_floors":[10],"is_endless":false,"potions_floor_spawned":[1,2,14],"killed_by":"The Guardian","ascension_level":12}