{"gold_per_floor":[111,111,129,142,67,67,101,101,101,101,113,139,139,139,139,211,211,230,250,261,278,290,290,308,308],"floor_reached":25,"playtime":943,"items_purged":[],"score":409,"play_id":"38dd41c7-4218-468b-98fa-1078e45efc44","local_time":"20190908234243","is_ascension_mode":true,"campfire_choices":[{"data":"Disarm","floor":6.0,"key":"SMITH"},{"data":"Armaments","floor":8.0,"key":"SMITH"},{"floor":10.0,"key":"REST"},{"data":"Flame Barrier","floor":15.0,"key":"SMITH"},{"floor":23.0,"key":"REST"}],"neow_cost":"NONE","seed_source_timestamp":355757224533400,"circlet_count":0,"master_deck":["AscendersBane","Strike_R","Strike_R","Strike_R","Strike_R","Defend_R","Defend_R","Defend_R","Defend_R","Bash+1","Flame Barrier+1","Disarm+1","Armaments+1","Immolate","Fiend Fire","Headbutt","Pommel Strike","Spot Weakness","Shrug It Off"],"special_seed":0,"relics":["Burning Blood","Calipers","Letter Opener","Dodecahedron","StoneCalendar","Fusion Hammer"],"potions_floor_usage":[],"damage_taken":[{"damage":3.0,"enemies":"2 Louse","floor":1.0,"turns":4.0},{"damage":10.0,"enemies":"Small Slimes","floor":3.0,"turns":3.0},{"damage":0.0,"enemies":"Cultist","floor":4.0,"turns":4.0},{"damage":53.0,"enemies":"3 Sentries","floor":7.0,"turns":16.0},{"damage":5.0,"enemies":"Blue Slaver","floor":11.0,"turns":5.0},{"damage":27.0,"enemies":"Lagavulin","floor":12.0,"turns":10.0},{"damage":25.0,"enemies":"Hexaghost","floor":16.0,"turns":9.0},{"damage":28.0,"enemies":"2 Thieves","floor":18.0,"turns":3.0},{"damage":2.0,"enemies":"Chosen","floor":19.0,"turns":4.0},{"damage":7.0,"enemies":"Snecko","floor":20.0,"turns":4.0},{"damage":5.0,"enemies":"Centurion and Healer","floor":21.0,"turns":5.0},{"damage":28.0,"enemies":"Cultist and Chosen","floor":22.0,"turns":5.0},{"damage":17.0,"enemies":"Snecko","floor":24.0,"turns":4.0},{"damage":38,"enemies":"Slavers","floor":25,"turns":3}],"seed_played":"-253433871325295815","potions_obtained":[{"floor":1.0,"key":"LiquidBronze"},{"floor":4.0,"key":"EntropicBrew"},{"floor":21.0,"key":"Explosive Potion"},{"floor":24.0,"key":"Swift Potion"}],"is_trial":false,"path_per_floor":["M","?","M","M","?","R","E","R","T","R","M","E","?","?","R","B",null,"M","M","M","M","M","R","M","E"],"character_chosen":"IRONCLAD","items_purchased":[],"campfire_rested":2,"item_purchase_floors":[],"current_hp_per_floor":[71,71,67,73,73,73,26,26,26,48,49,28,28,33,33,14,64,42,46,45,46,24,48,37,0],"gold":308,"neow_bonus":"UPGRADE_CARD","is_prod":false,"is_daily":false,"chose_seed":false,"campfire_upgraded":3,"win_rate":0,"timestamp":1568011363,"path_taken":["M","?","M","M","?","R","E","R","T","R","?","E","?","?","R","BOSS","M","M","M","M","M","R","M","E"],"build_version":"2019-07-17","purchased_purges":0,"victory":false,"max_hp_per_floor":[75,75,75,75,75,75,75,75,75,75,75,75,75,80,80,80,80,80,80,80,80,80,80,80,80],"card_choices":[{"not_picked":["True Grit","Searing Blow"],"picked":"Flame Barrier","floor":1.0},{"not_picked":["Body Slam","Power Through","Infernal Blade"],"picked":"SKIP","floor":3.0},{"not_picked":["Pummel","Clothesline"],"picked":"Disarm","floor":4.0},{"not_picked":["Dual Wield","Dropkick"],"picked":"Armaments","floor":7.0},{"not_picked":["Blood for Blood","Cleave","Infernal Blade"],"picked":"SKIP","floor":11.0},{"not_picked":["Twin Strike","Battle Trance"],"picked":"Immolate","floor":12.0},{"not_picked":["Berserk","Immolate"],"picked":"Fiend Fire","floor":16.0},{"not_picked":["Clothesline","Dropkick","Headbutt"],"picked":"SKIP","floor":18.0},{"not_picked":["Perfected Strike","Rampage"],"picked":"Headbutt","floor":19.0},{"not_picked":["Anger","Warcry"],"picked":"Pommel Strike","floor":20.0},{"not_picked":["Infernal Blade","Burning Pact","Havoc"],"picked":"SKIP","floor":21.0},{"not_picked":["Wild Strike","Disarm+1"],"picked":"Spot Weakness","floor":22.0},{"not_picked":["True Grit","Dropkick"],"picked":"Shrug It Off","floor":24.0}],"player_experience":1395979,"relics_obtained":[{"floor":7.0,"key":"Letter Opener"},{"floor":9.0,"key":"Dodecahedron"},{"floor":12.0,"key":"StoneCalendar"}],"event_choices":[{"cards_removed":["Strike_R"],"damage_healed":0.0,"max_hp_gain":0.0,"max_hp_loss":0.0,"gold_gain":0.0,"event_name":"Living Wall","player_choice":"Forget","floor":2.0,"gold_loss":0.0,"damage_taken":0.0},{"damage_healed":0.0,"max_hp_gain":0.0,"max_hp_loss":0.0,"gold_gain":0.0,"event_name":"WeMeetAgain","player_choice":"Paid Gold","floor":5.0,"gold_loss":75.0,"damage_taken":0.0,"relics_obtained":["Calipers"]},{"damage_healed":0.0,"max_hp_gain":0.0,"max_hp_loss":0.0,"gold_gain":0.0,"event_name":"Liars Game","player_choice":"Ignored","floor":13.0,"gold_loss":0.0,"damage_taken":0.0},{"damage_healed":0.0,"max_hp_gain":5.0,"max_hp_loss":0.0,"gold_gain":0.0,"event_name":"Big Fish","player_choice":"Donut","floor":14.0,"gold_loss":0.0,"damage_taken":0.0}],"is_beta":false,"boss_relics":[{"not_picked":["Cursed Key","Ectoplasm"],"picked":"Fusion Hammer"}],"items_purged_floors":[],"is_endless":false,"potions_floor_spawned":[1,4,11,21,22,24],"killed_by":"Slavers","ascension_level":18}