{"gold_per_floor":[112,126,143,155,168,168,198,198,245,245],"floor_reached":10,"playtime":684,"items_purged":[],"score":140,"play_id":"29768295-a267-4058-9f32-63b7d54f11fb","local_time":"20190928005156","is_ascension_mode":true,"campfire_choices":[{"floor":6,"key":"REST"},{"floor":8,"key":"REST"}],"neow_cost":"NONE","seed_source_timestamp":1652645059551525,"circlet_count":0,"master_deck":["AscendersBane","Strike_B","Strike_B","Strike_B","Strike_B","Defend_B","Defend_B","Defend_B","Defend_B","Zap+1","Dualcast+1","Self Repair","Gash","Skim"],"special_seed":0,"relics":["Fusion Hammer","Bag of Marbles","War Paint"],"potions_floor_usage":[5],"damage_taken":[{"damage":1.0,"enemies":"Cultist","floor":1.0,"turns":4.0},{"damage":8.0,"enemies":"Small Slimes","floor":2.0,"turns":3.0},{"damage":14.0,"enemies":"Jaw Worm","floor":3.0,"turns":5.0},{"damage":13,"enemies":"Large Slime","floor":4,"turns":6},{"damage":0,"enemies":"Gremlin Gang","floor":5,"turns":2},{"damage":64,"enemies":"Gremlin Nob","floor":7,"turns":6},{"damage":35,"enemies":"3 Sentries","floor":10,"turns":6}],"seed_played":"-8675458518152906438","potions_obtained":[{"floor":1.0,"key":"Regen Potion"},{"floor":4,"key":"PowerPotion"},{"floor":5,"key":"LiquidBronze"}],"is_trial":false,"path_per_floor":["M","M","M","M","M","R","E","R","T","E"],"character_chosen":"DEFECT","items_purchased":[],"campfire_rested":2,"item_purchase_floors":[],"current_hp_per_floor":[63,62,69,63,70,71,14,35,35,0],"gold":245,"neow_bonus":"BOSS_RELIC","is_prod":false,"is_daily":false,"chose_seed":false,"campfire_upgraded":0,"win_rate":0,"timestamp":1569646316,"path_taken":["M","M","M","M","M","R","E","R","T","E"],"build_version":"2019-07-17","purchased_purges":0,"victory":false,"max_hp_per_floor":[71,71,71,71,71,71,71,71,71,71],"card_choices":[{"not_picked":["Fusion","Scrape"],"picked":"Self Repair","floor":1.0},{"not_picked":["Ball Lightning","Compile Driver"],"picked":"Gash","floor":2.0},{"not_picked":["Consume","Stack","Double Energy"],"picked":"SKIP","floor":3.0},{"not_picked":["Lockon","Turbo","Redo"],"picked":"SKIP","floor":4},{"not_picked":["Creative AI","Redo","Aggregate"],"picked":"SKIP","floor":5},{"not_picked":["Scrape","BootSequence"],"picked":"Skim","floor":7}],"player_experience":503066,"relics_obtained":[{"floor":7,"key":"Bag of Marbles"},{"floor":9,"key":"War Paint"}],"event_choices":[],"is_beta":false,"boss_relics":[],"items_purged_floors":[],"is_endless":false,"potions_floor_spawned":[1,4,5],"killed_by":"3 Sentries","ascension_level":20}