{"gold_per_floor":[119,119,133,147,112,147,147,180,219,231],"floor_reached":10,"playtime":300,"items_purged":[],"score":87,"play_id":"66c5fe1c-9877-4006-81ae-d9b07000a1b8","local_time":"20190912195507","is_ascension_mode":true,"campfire_choices":[{"floor":7.0,"key":"REST"}],"neow_cost":"TEN_PERCENT_HP_LOSS","seed_source_timestamp":0,"circlet_count":0,"master_deck":["Strike_P","Strike_P","Strike_P","Strike_P","Defend_P","Defend_P","Defend_P","Defend_P","Eruption","Vigilance","BowlingBash","JustLucky","FollowUp","BowlingBash","Consecrate"],"special_seed":0,"relics":["PureWater","Shovel","Ancient Tea Set","MawBank","InkBottle"],"potions_floor_usage":[],"damage_taken":[{"damage":15.0,"enemies":"Small Slimes","floor":1.0,"turns":5.0},{"damage":2.0,"enemies":"Jaw Worm","floor":3.0,"turns":4.0},{"damage":10.0,"enemies":"2 Louse","floor":4.0,"turns":3.0},{"damage":40.0,"enemies":"Lagavulin","floor":6.0,"turns":6.0},{"damage":20.0,"enemies":"3 Sentries","floor":8.0,"turns":3.0},{"damage":0,"enemies":"Blue Slaver","floor":10,"turns":1}],"seed_played":"927697984350952727","potions_obtained":[{"floor":3.0,"key":"Block Potion"},{"floor":6.0,"key":"Explosive Potion"},{"floor":8,"key":"Energy Potion"}],"is_trial":false,"path_per_floor":["M","?","M","M","?","E","R","E","T","M"],"character_chosen":"WATCHER","items_purchased":[],"campfire_rested":1,"item_purchase_floors":[],"current_hp_per_floor":[44,44,42,32,46,6,23,3,3,3],"gold":231,"neow_bonus":"ONE_RARE_RELIC","is_prod":false,"is_daily":false,"chose_seed":false,"campfire_upgraded":0,"win_rate":0,"timestamp":1568285707,"path_taken":["M","?","M","M","?","E","R","E","T","M"],"build_version":"2019-09-11v2","purchased_purges":0,"victory":false,"max_hp_per_floor":[59,59,59,59,59,59,59,59,59,59],"card_choices":[{"not_picked":["JustLucky","CrushJoints"],"picked":"BowlingBash","floor":1.0},{"not_picked":["Scrawl","SpiritShield"],"picked":"JustLucky","floor":3.0},{"not_picked":["BowlingBash","SpiritShield"],"picked":"FollowUp","floor":4.0},{"not_picked":["JustLucky","Perseverance"],"picked":"BowlingBash","floor":6.0},{"not_picked":["CrushJoints","SpiritShield"],"picked":"Consecrate","floor":8}],"player_experience":606171,"relics_obtained":[{"floor":6.0,"key":"Ancient Tea Set"},{"floor":8,"key":"MawBank"},{"floor":9,"key":"InkBottle"}],"event_choices":[{"damage_healed":0.0,"max_hp_gain":0.0,"max_hp_loss":0.0,"gold_gain":0.0,"event_name":"Golden Idol","player_choice":"Ignored","floor":2.0,"gold_loss":0.0,"damage_taken":0.0},{"damage_healed":14.0,"max_hp_gain":0.0,"max_hp_loss":0.0,"gold_gain":0.0,"event_name":"The Cleric","player_choice":"Healed","floor":5.0,"gold_loss":35.0,"damage_taken":0.0}],"is_beta":true,"boss_relics":[],"items_purged_floors":[],"is_endless":false,"potions_floor_spawned":[3,6,8],"killed_by":"Blue Slaver","ascension_level":3}