{"gold_per_floor":[369,384,404,418,343,371,371,371],"floor_reached":8,"playtime":324,"items_purged":[],"score":110,"play_id":"c880f813-0c87-4849-956e-aca2fee549a9","local_time":"20190908223312","is_ascension_mode":true,"campfire_choices":[{"floor":7,"key":"REST"}],"neow_cost":"PERCENT_DAMAGE","seed_source_timestamp":352302202543700,"circlet_count":0,"master_deck":["AscendersBane","Strike_R","Strike_R","Strike_R","Strike_R","Defend_R","Defend_R","Defend_R","Defend_R","Bash","Cleave","Shrug It Off","Iron Wave","Shrug It Off","Fiend Fire"],"special_seed":0,"relics":["Burning Blood","Pen Nib"],"potions_floor_usage":[4,6,6],"damage_taken":[{"damage":6.0,"enemies":"Small Slimes","floor":1.0,"turns":5.0},{"damage":2.0,"enemies":"2 Louse","floor":2.0,"turns":2.0},{"damage":17.0,"enemies":"Cultist","floor":3.0,"turns":4.0},{"damage":29,"enemies":"Large Slime","floor":4,"turns":6},{"damage":27,"enemies":"Gremlin Nob","floor":6,"turns":4},{"damage":34,"enemies":"Lagavulin","floor":8,"turns":6}],"seed_played":"-1145564653910300767","potions_obtained":[{"floor":1.0,"key":"SteroidPotion"},{"floor":2.0,"key":"FearPotion"},{"floor":4,"key":"Regen Potion"}],"is_trial":false,"path_per_floor":["M","M","M","M","?","E","R","E"],"character_chosen":"IRONCLAD","items_purchased":[],"campfire_rested":1,"item_purchase_floors":[],"current_hp_per_floor":[50,54,43,20,20,11,33,0],"gold":371,"neow_bonus":"TWO_FIFTY_GOLD","is_prod":false,"is_daily":false,"chose_seed":false,"campfire_upgraded":0,"win_rate":0,"timestamp":1568007192,"path_taken":["M","M","M","M","?","E","R","E"],"build_version":"2019-07-17","purchased_purges":0,"victory":false,"max_hp_per_floor":[75,75,75,75,75,75,75,75],"card_choices":[{"not_picked":["Pummel","Headbutt"],"picked":"Cleave","floor":1.0},{"not_picked":["Second Wind","Wild Strike"],"picked":"Shrug It Off","floor":2.0},{"not_picked":["Havoc","Corruption"],"picked":"Iron Wave","floor":3.0},{"not_picked":["Wild Strike","Reckless Charge"],"picked":"Shrug It Off","floor":4},{"not_picked":["Iron Wave","Body Slam"],"picked":"Fiend Fire","floor":6}],"player_experience":1394989,"relics_obtained":[{"floor":6,"key":"Pen Nib"}],"event_choices":[{"cards_removed":["Strike_R"],"damage_healed":0,"gold_gain":0,"player_choice":"Card Removal","damage_taken":0,"max_hp_gain":0,"max_hp_loss":0,"event_name":"The Cleric","floor":5,"gold_loss":75}],"is_beta":false,"boss_relics":[],"items_purged_floors":[],"is_endless":false,"potions_floor_spawned":[1,2,4],"killed_by":"Lagavulin","ascension_level":18}