{"gold_per_floor":[118,134,144,69,88,123,123,123,123,123,133,133,133],"floor_reached":13,"playtime":432,"items_purged":["Sever Soul"],"score":162,"play_id":"3d29807a-6d95-4371-b270-18cb9d7551b2","local_time":"20190908232426","is_ascension_mode":true,"campfire_choices":[{"data":"Demon Form","floor":7.0,"key":"SMITH"},{"data":"Bash","floor":10.0,"key":"SMITH"},{"data":"Heavy Blade","floor":12.0,"key":"SMITH"}],"neow_cost":"TEN_PERCENT_HP_LOSS","seed_source_timestamp":355272463263100,"circlet_count":0,"master_deck":["AscendersBane","Strike_R","Strike_R","Strike_R","Defend_R+1","Defend_R+1","Defend_R","Defend_R","Bash+1","Heavy Blade+1","Cleave","Demon Form+1","Sword Boomerang","Iron Wave"],"special_seed":0,"relics":["Burning Blood","War Paint","Mango","Paper Frog"],"potions_floor_usage":[],"damage_taken":[{"damage":6.0,"enemies":"Cultist","floor":1.0,"turns":3.0},{"damage":1.0,"enemies":"2 Louse","floor":2.0,"turns":4.0},{"damage":8.0,"enemies":"Jaw Worm","floor":3.0,"turns":5.0},{"damage":14.0,"enemies":"3 Louse","floor":5.0,"turns":3.0},{"damage":8.0,"enemies":"Gremlin Nob","floor":6.0,"turns":3.0},{"damage":16.0,"enemies":"2 Fungi Beasts","floor":11.0,"turns":3.0},{"damage":56,"enemies":"3 Sentries","floor":13,"turns":9}],"seed_played":"4929313902341999308","potions_obtained":[{"floor":1.0,"key":"Fire Potion"},{"floor":3.0,"key":"Ancient Potion"},{"floor":11.0,"key":"FearPotion"}],"is_trial":false,"path_per_floor":["M","M","M","$","M","E","R","?","T","R","M","R","E"],"character_chosen":"IRONCLAD","items_purchased":[],"campfire_rested":0,"item_purchase_floors":[],"current_hp_per_floor":[68,68,66,66,58,56,56,65,65,65,55,55,0],"gold":133,"neow_bonus":"TRANSFORM_TWO_CARDS","is_prod":false,"is_daily":false,"chose_seed":false,"campfire_upgraded":3,"win_rate":0,"timestamp":1568010266,"path_taken":["M","?","M","$","M","E","R","?","T","R","M","R","E"],"build_version":"2019-07-17","purchased_purges":1,"victory":false,"max_hp_per_floor":[68,68,68,68,68,68,68,82,82,82,82,82,82],"card_choices":[{"not_picked":["Dual Wield","Reckless Charge","Infernal Blade"],"picked":"SKIP","floor":1.0},{"not_picked":["Body Slam","Thunderclap"],"picked":"Cleave","floor":2.0},{"not_picked":["Feel No Pain","Flex"],"picked":"Demon Form","floor":3.0},{"not_picked":["Perfected Strike","Reckless Charge"],"picked":"Sword Boomerang","floor":5.0},{"not_picked":["Reckless Charge","Warcry","Searing Blow"],"picked":"SKIP","floor":6.0},{"not_picked":["Fire Breathing","Wild Strike"],"picked":"Iron Wave","floor":11.0}],"player_experience":1395979,"relics_obtained":[{"floor":6.0,"key":"War Paint"},{"floor":9.0,"key":"Paper Frog"}],"event_choices":[{"damage_healed":0.0,"max_hp_gain":0.0,"max_hp_loss":0.0,"gold_gain":0.0,"event_name":"Scrap Ooze","player_choice":"Success","floor":8.0,"gold_loss":0.0,"damage_taken":5.0,"relics_obtained":["Mango"]}],"is_beta":false,"boss_relics":[],"items_purged_floors":[4],"is_endless":false,"potions_floor_spawned":[1,3,11],"killed_by":"3 Sentries","ascension_level":18}