{"gold_per_floor":[367,367,169,169,169,169,198,210,272,298,325,353,440,478,490,502],"floor_reached":16,"playtime":4649,"items_purged":[],"score":173,"play_id":"c7b8bbc1-ed1f-44d6-abf2-30103760684c","local_time":"20181026172656","is_ascension_mode":true,"campfire_choices":[{"floor":6,"key":"REST"},{"floor":8,"key":"REST"},{"floor":15,"key":"REST"}],"neow_cost":"PERCENT_DAMAGE","seed_source_timestamp":0,"circlet_count":0,"master_deck":["Strike_R","Strike_R","Strike_R","Strike_R","Strike_R","Defend_R","Defend_R","Defend_R","Bash","AscendersBane","Dark Shackles","Ball Lightning","Flying Knee","Battle Trance"],"special_seed":0,"relics":["Burning Blood","PrismaticShard","Lantern","MawBank","Regal Pillow","Potion Belt"],"potions_floor_usage":[4,7,16,16],"damage_taken":[{"damage":1.0,"enemies":"Cultist","floor":1.0,"turns":4.0},{"damage":60,"enemies":"3 Sentries","floor":7,"turns":15},{"damage":0,"enemies":"Jaw Worm","floor":10,"turns":3},{"damage":0,"enemies":"Small Slimes","floor":11,"turns":3},{"damage":11,"enemies":"Looter","floor":12,"turns":3},{"damage":25,"enemies":"Gremlin Nob","floor":14,"turns":4},{"damage":63,"enemies":"The Guardian","floor":16,"turns":10}],"seed_played":"206015975177381103","potions_obtained":[{"floor":4,"key":"EssenceOfSteel"},{"floor":4,"key":"Fruit Juice"},{"floor":4,"key":"SmokeBomb"},{"floor":10,"key":"Block Potion"},{"floor":12,"key":"PowerPotion"},{"floor":14,"key":"SpeedPotion"}],"is_trial":false,"path_per_floor":["M","?","$","?","?","R","E","R","T","M","M","M","?","E","R"],"character_chosen":"IRONCLAD","items_purchased":["PrismaticShard"],"campfire_rested":3,"item_purchase_floors":[3],"current_hp_per_floor":[56,49,49,54,47,72,18,43,43,49,55,50,39,20,60,0],"gold":502,"neow_bonus":"TWO_FIFTY_GOLD","is_prod":false,"is_daily":false,"chose_seed":false,"campfire_upgraded":0,"win_rate":0,"timestamp":1540589216,"path_taken":["M","?","$","?","?","R","E","R","T","M","M","M","?","E","R","BOSS"],"build_version":"2018-10-25v2","purchased_purges":0,"victory":false,"max_hp_per_floor":[80,80,80,85,85,85,85,85,85,85,85,85,85,85,85,85],"card_choices":[{"not_picked":["Anger","Body Slam","Flex"],"picked":"SKIP","floor":1.0},{"not_picked":["Darkness","Intimidate"],"picked":"Dark Shackles","floor":7},{"not_picked":["Iron Wave","Rebound"],"picked":"Ball Lightning","floor":10},{"not_picked":["True Grit","Accuracy","Armaments"],"picked":"SKIP","floor":11},{"not_picked":["Reflex","Thunderclap"],"picked":"Flying Knee","floor":12},{"not_picked":["Fusion","Iron Wave"],"picked":"Battle Trance","floor":14}],"player_experience":860188,"relics_obtained":[{"floor":7,"key":"MawBank"},{"floor":9,"key":"Regal Pillow"},{"floor":14,"key":"Potion Belt"}],"event_choices":[{"cards_removed":["Defend_R"],"damage_healed":0.0,"max_hp_gain":0.0,"max_hp_loss":0.0,"gold_gain":0.0,"event_name":"Golden Wing","player_choice":"Card Removal","floor":2.0,"gold_loss":0.0,"damage_taken":7.0},{"damage_healed":0,"gold_gain":0,"player_choice":"Got Potions","damage_taken":0,"max_hp_gain":0,"max_hp_loss":0,"event_name":"The Lab","floor":4,"gold_loss":0},{"damage_healed":0,"gold_gain":0,"player_choice":"Success","damage_taken":7,"relics_obtained":["Lantern"],"max_hp_gain":0,"max_hp_loss":0,"event_name":"Scrap Ooze","floor":5,"gold_loss":0},{"damage_healed":0,"gold_gain":75,"player_choice":"Gather Gold","damage_taken":11,"max_hp_gain":0,"max_hp_loss":0,"event_name":"World of Goop","floor":13,"gold_loss":0}],"is_beta":true,"boss_relics":[],"items_purged_floors":[],"is_endless":false,"potions_floor_spawned":[10,12,14],"killed_by":"The Guardian","ascension_level":12}