{"path_per_floor":["M","?","M","M","M","E","R","?","T","M","R","M","E","M","R","B",null,"M","M","?","$","?"],"character_chosen":"DEFECT","items_purchased":["Cables"],"gold_per_floor":[119,119,133,149,162,191,191,151,203,217,217,237,268,279,279,377,377,394,404,404,201,201,201],"floor_reached":23,"campfire_rested":2,"playtime":2689,"current_hp_per_floor":[67,72,72,72,72,52,52,52,52,47,71,71,26,25,49,27,80,80,64,48,48,48,0],"items_purged":[],"gold":201,"score":244,"play_id":"eb8d581c-c92f-4e21-9bc6-abeabdd4ddaa","local_time":"20180429214531","is_prod":false,"is_daily":false,"chose_seed":false,"is_ascension_mode":true,"campfire_upgraded":1,"timestamp":1525052731,"path_taken":["M","?","M","M","?","E","R","?","T","M","R","M","E","M","R","BOSS","M","M","?","$","?","E"],"build_version":"2018-04-27v3","seed_source_timestamp":0,"purchased_purges":0,"victory":false,"master_deck":["Strike_B","Strike_B","Strike_B+1","Defend_B","Defend_B","Zap+1","Dualcast","Meteor Strike+1","Undo+1","Tempest+1","Leap","Blaster+1","Barrage","Turbo","Chill","Leap","All For One","Machine Learning","Ball Lightning","Aggregate+1","Flash of Steel"],"max_hp_per_floor":[75,80,80,80,80,80,80,80,80,80,80,80,80,80,80,80,80,80,80,80,80,80,80],"relics":["Astrolabe","The Courier","Omamori","Whetstone","Inserter","Cables"],"card_choices":[{"not_picked":["Reinforced Body","Hologram"],"picked":"Leap","floor":1.0},{"not_picked":["Gash","Go for the Eyes"],"picked":"Blaster","floor":3.0},{"not_picked":["Melter","Streamline"],"picked":"Barrage","floor":4.0},{"not_picked":["Cold Snap","Heatsinks"],"picked":"Turbo","floor":5.0},{"not_picked":["Heatsinks","Rebound"],"picked":"Chill","floor":10.0},{"not_picked":["Barrage","Cold Snap"],"picked":"Leap","floor":12},{"not_picked":["Gash","Static Discharge"],"picked":"All For One","floor":13},{"not_picked":["Rainbow","Meteor Strike"],"picked":"Machine Learning","floor":16},{"not_picked":["Rebound","Force Field"],"picked":"Ball Lightning","floor":18},{"not_picked":["Turbo","Recycle"],"picked":"Aggregate","floor":19}],"player_experience":706631,"potions_floor_usage":[13,16,16,18],"damage_taken":[{"damage":15.0,"enemies":"Small Slimes","floor":1.0,"turns":3.0},{"damage":0.0,"enemies":"2 Louse","floor":3.0,"turns":2.0},{"damage":0.0,"enemies":"Cultist","floor":4.0,"turns":3.0},{"damage":0.0,"enemies":"Large Slime","floor":5.0,"turns":4.0},{"damage":26.0,"enemies":"Lagavulin","floor":6.0,"turns":6.0},{"damage":5.0,"enemies":"Red Slaver","floor":10.0,"turns":3.0},{"damage":0,"enemies":"2 Fungi Beasts","floor":12,"turns":3},{"damage":67,"enemies":"Gremlin Nob","floor":13,"turns":6},{"damage":10,"enemies":"Large Slime","floor":14,"turns":6},{"damage":22,"enemies":"Slime Boss","floor":16,"turns":11},{"damage":14,"enemies":"Shell Parasite","floor":18,"turns":3},{"damage":16,"enemies":"3 Byrds","floor":19,"turns":5},{"damage":49,"enemies":"Slavers","floor":23,"turns":2}],"event_choices":[{"event_name":"Big Fish","player_choice":"Donut","floor":2.0,"damage_taken":0.0},{"event_name":"The Woman in Blue","player_choice":"Bought 3 Potions","floor":8.0,"damage_taken":0.0},{"event_name":"Knowing Skull","player_choice":"CARD ","floor":20,"damage_taken":0},{"event_name":"Ghosts","player_choice":"Ignored","floor":22,"damage_taken":0}],"boss_relics":[{"not_picked":["White Beast Statue","Runic Dome"],"picked":"Inserter"}],"potions_floor_spawned":[1,10,12,13,16],"seed_played":"-8473090245862946159","killed_by":"Slavers","ascension_level":4,"is_trial":false}