{"gold_per_floor":[123,150,182,194,218,230,86,102,171,171,203,203,222,233,233,233],"floor_reached":16,"playtime":1001,"items_purged":["Strike_B"],"score":120,"play_id":"16c455b1-a7e9-4d5c-ae2b-97770ac65510","local_time":"20190813195725","is_ascension_mode":true,"campfire_choices":[{"data":"Defragment","floor":6,"key":"SMITH"},{"floor":10,"key":"REST"},{"floor":12,"key":"REST"},{"floor":15,"key":"REST"}],"neow_cost":"NONE","seed_source_timestamp":4155128740200,"circlet_count":0,"master_deck":["Strike_B","Strike_B","Strike_B","Defend_B","Defend_B","Defend_B","Defend_B","Zap","Dualcast","Cold Snap","Force Field","Defragment+1","Capacitor","Echo Form","Ball Lightning","Go for the Eyes","BootSequence"],"relics":["Cracked Core","MawBank","Dead Branch","Ornamental Fan","Happy Flower"],"potions_floor_usage":[11,11,16,16],"damage_taken":[{"damage":7,"enemies":"Small Slimes","floor":1,"turns":3},{"damage":1,"enemies":"Cultist","floor":2,"turns":3},{"damage":10,"enemies":"Jaw Worm","floor":3,"turns":3},{"damage":1,"enemies":"2 Fungi Beasts","floor":5,"turns":3},{"damage":20,"enemies":"Large Slime","floor":8,"turns":6},{"damage":28,"enemies":"3 Sentries","floor":11,"turns":6},{"damage":12,"enemies":"Exordium Wildlife","floor":13,"turns":4},{"damage":26,"enemies":"Lots of Slimes","floor":14,"turns":4},{"damage":36,"enemies":"Slime Boss","floor":16,"turns":8}],"seed_played":"6231757963329212342","potions_obtained":[{"floor":3,"key":"Poison Potion"},{"floor":8,"key":"FearPotion"},{"floor":11,"key":"LiquidBronze"},{"floor":14,"key":"Poison Potion"}],"is_trial":false,"path_per_floor":["M","M","M","?","M","R","$","M","T","R","E","R","M","M","R","B"],"character_chosen":"DEFECT","items_purchased":["Capacitor"],"campfire_rested":3,"item_purchase_floors":[7],"current_hp_per_floor":[68,67,57,57,56,56,56,36,36,58,30,52,40,14,36,0],"gold":233,"neow_bonus":"RANDOM_COMMON_RELIC","is_prod":false,"is_daily":false,"chose_seed":false,"campfire_upgraded":1,"win_rate":0,"timestamp":1565722645,"path_taken":["M","M","M","?","M","R","$","M","T","R","E","R","M","?","R","BOSS"],"build_version":"2019-07-17","purchased_purges":1,"victory":false,"max_hp_per_floor":[75,75,75,75,75,75,75,75,75,75,75,75,75,75,75,75],"card_choices":[{"not_picked":["Steam","Turbo","Leap"],"picked":"SKIP","floor":1},{"not_picked":["Stack","Gash"],"picked":"Cold Snap","floor":2},{"not_picked":["Barrage","Sweeping Beam"],"picked":"Force Field","floor":3},{"not_picked":["Streamline","Skim"],"picked":"Defragment","floor":5},{"not_picked":["FTL","Barrage"],"picked":"Echo Form","floor":8},{"not_picked":["Barrage","Streamline"],"picked":"Ball Lightning","floor":11},{"not_picked":["Stack","Beam Cell"],"picked":"Go for the Eyes","floor":13},{"not_picked":["Compile Driver","Go for the Eyes"],"picked":"BootSequence","floor":14}],"player_experience":133126,"relics_obtained":[{"floor":4,"key":"Dead Branch"},{"floor":9,"key":"Ornamental Fan"},{"floor":11,"key":"Happy Flower"}],"event_choices":[{"damage_healed":0,"gold_gain":0,"player_choice":"Relic","damage_taken":0,"max_hp_gain":0,"max_hp_loss":0,"event_name":"Wheel of Change","floor":4,"gold_loss":0}],"is_beta":false,"boss_relics":[],"items_purged_floors":[7],"is_endless":false,"potions_floor_spawned":[3,8,11,14],"killed_by":"Slime Boss","ascension_level":3}