{"path_per_floor":["M","?","M","$","?","R","?","R","T","M","R","M","R","?","R","B",null,"M","M","T","?","?","E","R","M","T","M","M","$","?","E","R"],"character_chosen":"IRONCLAD","items_purchased":["Juzu Bracelet","Shuriken","Mind Blast"],"gold_per_floor":[145,145,155,1,1,1,64,64,111,126,126,145,145,110,110,215,215,229,249,249,249,249,274,274,286,309,322,335,0,0,30,30,30],"floor_reached":33,"campfire_rested":3,"playtime":1953,"current_hp_per_floor":[72,60,66,66,59,59,44,68,68,74,74,66,66,80,80,31,68,72,76,76,61,61,12,39,31,31,12,50,50,34,32,62,0],"items_purged":[],"gold":30,"score":412,"play_id":"f3a9f4c0-4045-4a64-b2ff-59d97cc9bb48","local_time":"20180513164632","is_prod":false,"is_daily":false,"chose_seed":false,"is_ascension_mode":true,"campfire_upgraded":4,"timestamp":1526244392,"path_taken":["M","?","M","?","?","R","?","R","T","M","R","M","R","?","R","BOSS","M","M","?","?","?","E","R","M","T","M","M","$","?","E","R","BOSS"],"build_version":"2018-05-12v2","seed_source_timestamp":348536584300087,"purchased_purges":0,"victory":false,"master_deck":["Strike_R","Strike_R","Strike_R","Strike_R","Strike_R","Defend_R","Defend_R","Defend_R","Bash+1","Flex+1","Sword Boomerang+1","Battle Trance","Reckless Charge","Hemokinesis+1","Demon Form","Power Through","Whirlwind","Rage+1","Pummel+1","Heavy Blade+1","Mind Blast"],"max_hp_per_floor":[80,80,80,80,80,80,80,80,80,80,80,80,80,80,80,80,80,80,80,80,85,85,85,87,89,89,89,89,89,89,96,98,98],"relics":["Burning Blood","Tiny Chest","Dream Catcher","Juzu Bracelet","Letter Opener","Pen Nib","Lizard Tail","Singing Bowl","Question Card","Ancient Tea Set","Bronze Scales","Shuriken","Enchiridion","Bag of Preparation"],"card_choices":[{"not_picked":["Twin Strike","Reckless Charge"],"picked":"Flex","floor":1},{"not_picked":["Feel No Pain","True Grit","Seeing Red"],"picked":"SKIP","floor":3},{"not_picked":["Flex","Armaments"],"picked":"Sword Boomerang","floor":7},{"not_picked":["Blood for Blood","Rage"],"picked":"Battle Trance","floor":8},{"not_picked":["True Grit","Battle Trance"],"picked":"Reckless Charge","floor":10},{"not_picked":["Blood for Blood","Clash"],"picked":"Hemokinesis","floor":12},{"not_picked":["Feed","Double Tap"],"picked":"Demon Form","floor":16},{"not_picked":["Sword Boomerang","True Grit+1"],"picked":"Power Through","floor":18},{"not_picked":["Bloodletting","Carnage"],"picked":"Whirlwind","floor":19},{"not_picked":["Cleave","Blood for Blood","Pommel Strike+1"],"picked":"Rage+1","floor":23},{"not_picked":["Thunderclap","Fire Breathing","Rampage","Pommel Strike"],"picked":"Singing Bowl","floor":24},{"not_picked":["Dropkick","Clothesline","Anger+1","Clash"],"picked":"Singing Bowl","floor":25},{"not_picked":["Brutality","Heavy Blade","Dual Wield+1"],"picked":"Pummel+1","floor":27},{"not_picked":["Whirlwind+1","Clothesline","Anger"],"picked":"Heavy Blade+1","floor":28},{"not_picked":["Heavy Blade","Flex+1","Blood for Blood","Headbutt+1"],"picked":"Singing Bowl","floor":31},{"not_picked":["Searing Blow+1","Corruption+1","Evolve","Fire Breathing"],"picked":"Singing Bowl","floor":32}],"player_experience":740784,"potions_floor_usage":[18,31,31,31],"damage_taken":[{"damage":6,"enemies":"Small Slimes","floor":1,"turns":3},{"damage":0,"enemies":"2 Louse","floor":3,"turns":3},{"damage":21,"enemies":"Gremlin Nob","floor":7,"turns":4},{"damage":0,"enemies":"Cultist","floor":10,"turns":2},{"damage":14,"enemies":"Exordium Thugs","floor":12,"turns":3},{"damage":55,"enemies":"The Guardian","floor":16,"turns":8},{"damage":2,"enemies":"Chosen","floor":18,"turns":2},{"damage":2,"enemies":"Spheric Guardian","floor":19,"turns":3},{"damage":55,"enemies":"Slavers","floor":23,"turns":6},{"damage":16,"enemies":"Cultist and Chosen","floor":25,"turns":5},{"damage":25,"enemies":"3 Cultists","floor":27,"turns":4},{"damage":23,"enemies":"Chosen and Byrds","floor":28,"turns":5},{"damage":15,"enemies":"Book of Stabbing","floor":31,"turns":4},{"damage":83,"enemies":"Automaton","floor":33,"turns":6}],"event_choices":[{"event_name":"Scrap Ooze","player_choice":"success","floor":2,"damage_taken":12},{"event_name":"Golden Wing","player_choice":"Card Removal","floor":5,"damage_taken":0},{"event_name":"Dead Adventurer","player_choice":"Searched \u00272\u0027 times","floor":7,"damage_taken":0},{"event_name":"The Cleric","player_choice":"Healed","floor":14,"damage_taken":0},{"event_name":"Forgotten Altar","player_choice":"Shed Blood","floor":21,"damage_taken":0},{"event_name":"The Mausoleum","player_choice":"Yes","floor":22,"damage_taken":0},{"event_name":"Cursed Tome","player_choice":"Obtained Book","floor":30,"damage_taken":0}],"boss_relics":[{"not_picked":["Calling Bell","Black Star"],"picked":"Lizard Tail"}],"potions_floor_spawned":[7,10,12,16,18,19,27,28],"seed_played":"-7718356539538010682","killed_by":"Automaton","ascension_level":6,"is_trial":false}