{"gold_per_floor":[112,130,130,130,145,145,157,182,182,33,44,44,76,92,92,194,194,212,212,230,260,88,88,101,101],"floor_reached":25,"playtime":922,"items_purged":["Strike_G"],"score":266,"play_id":"1d5f3d8d-a32a-426d-b6e4-d152436a5b32","local_time":"20190907112200","is_ascension_mode":true,"campfire_choices":[{"data":"Survivor","floor":6.0,"key":"SMITH"},{"floor":12.0,"key":"REST"},{"data":"Footwork","floor":15.0,"key":"SMITH"},{"floor":23,"key":"REST"}],"neow_cost":"CURSE","seed_source_timestamp":478440681182458,"circlet_count":0,"master_deck":["Strike_G","Defend_G","Defend_G","Defend_G","Defend_G","Defend_G","Survivor+1","Neutralize+1","Parasite","Adrenaline","Quick Slash","Dagger Throw","Choke","Blade Dance","Dagger Spray","Infinite Blades","Bouncing Flask","Footwork+1","Accuracy","Malaise","Bouncing Flask+1","Accuracy+1","Endless Agony+1","Tactician+1","Prepared+1","Setup+1","Cloak And Dagger","Blade Dance+1"],"special_seed":0,"relics":["Ring of the Snake","Kunai","Mercury Hourglass","Pantograph","Astrolabe","Happy Flower","Red Mask"],"potions_floor_usage":[20],"damage_taken":[{"damage":6.0,"enemies":"Jaw Worm","floor":1.0,"turns":4.0},{"damage":0.0,"enemies":"2 Louse","floor":2.0,"turns":3.0},{"damage":0.0,"enemies":"Cultist","floor":5.0,"turns":2.0},{"damage":12.0,"enemies":"Lots of Slimes","floor":7.0,"turns":3.0},{"damage":20.0,"enemies":"Lagavulin","floor":8.0,"turns":5.0},{"damage":15.0,"enemies":"Red Slaver","floor":11.0,"turns":3.0},{"damage":12.0,"enemies":"Gremlin Nob","floor":13.0,"turns":3.0},{"damage":1.0,"enemies":"Blue Slaver","floor":14.0,"turns":3.0},{"damage":13.0,"enemies":"The Guardian","floor":16.0,"turns":11.0},{"damage":9,"enemies":"Chosen","floor":18,"turns":4},{"damage":22,"enemies":"2 Thieves","floor":20,"turns":3},{"damage":17,"enemies":"Masked Bandits","floor":21,"turns":4},{"damage":22,"enemies":"Chosen and Byrds","floor":24,"turns":5},{"damage":14,"enemies":"Cultist and Chosen","floor":25,"turns":4}],"seed_played":"1615241473281929535","potions_obtained":[{"floor":2.0,"key":"GamblersBrew"},{"floor":5.0,"key":"SteroidPotion"},{"floor":8.0,"key":"SpeedPotion"},{"floor":14.0,"key":"SpeedPotion"},{"floor":18,"key":"Energy Potion"}],"is_trial":false,"path_per_floor":["M","M","?","?","M","R","M","E","T","$","M","R","E","M","R","B",null,"M","?","M","?","$","R","M","M"],"character_chosen":"THE_SILENT","items_purchased":["Infinite Blades","Bouncing Flask","Cloak And Dagger","Strength Potion"],"campfire_rested":2,"item_purchase_floors":[10,10,22,22],"current_hp_per_floor":[64,64,64,64,64,64,52,32,32,32,17,38,26,25,25,37,62,53,53,31,14,14,35,13,0],"gold":101,"neow_bonus":"THREE_RARE_CARDS","is_prod":false,"is_daily":false,"chose_seed":false,"campfire_upgraded":2,"win_rate":0,"timestamp":1567822920,"path_taken":["M","M","?","?","M","R","M","E","T","$","M","R","E","M","R","BOSS","M","?","M","?","$","R","M","M"],"build_version":"2019-07-17","purchased_purges":1,"victory":false,"max_hp_per_floor":[70,70,70,70,70,70,70,70,70,70,70,70,70,70,70,70,70,70,70,70,70,70,70,70,70],"card_choices":[{"not_picked":["Burst","Venomology"],"picked":"Adrenaline","floor":0.0},{"not_picked":["Cloak And Dagger","Bane"],"picked":"Quick Slash","floor":1.0},{"not_picked":["Concentrate","Tactician"],"picked":"Dagger Throw","floor":2.0},{"not_picked":["Slice","Quick Slash"],"picked":"Choke","floor":5.0},{"not_picked":["Bane","Dash"],"picked":"Blade Dance","floor":7.0},{"not_picked":["Catalyst","Endless Agony"],"picked":"Dagger Spray","floor":8.0},{"not_picked":["Masterful Stab","A Thousand Cuts"],"picked":"Footwork","floor":11.0},{"not_picked":["Acrobatics","Blade Dance","Sucker Punch"],"picked":"SKIP","floor":13.0},{"not_picked":["Crippling Poison","Dash"],"picked":"Accuracy","floor":14.0},{"not_picked":["Glass Knife","Burst"],"picked":"Malaise","floor":16.0},{"not_picked":["Deadly Poison+1","Poisoned Stab"],"picked":"Tactician+1","floor":18},{"not_picked":["Blade Dance","Endless Agony"],"picked":"Prepared+1","floor":20},{"not_picked":["Deadly Poison+1","PiercingWail+1"],"picked":"Setup+1","floor":21},{"not_picked":["Accuracy","Flying Knee+1"],"picked":"Blade Dance+1","floor":24}],"player_experience":354042,"relics_obtained":[{"floor":8.0,"key":"Kunai"},{"floor":9.0,"key":"Mercury Hourglass"},{"floor":13.0,"key":"Pantograph"},{"floor":21,"key":"Red Mask"}],"event_choices":[{"damage_healed":0.0,"max_hp_gain":0.0,"max_hp_loss":0.0,"gold_gain":0.0,"event_name":"Liars Game","player_choice":"Ignored","floor":3.0,"gold_loss":0.0,"damage_taken":0.0},{"damage_healed":0.0,"max_hp_gain":0.0,"max_hp_loss":0.0,"gold_gain":0.0,"event_name":"Living Wall","player_choice":"Grow","floor":4.0,"gold_loss":0.0,"damage_taken":0.0,"cards_upgraded":["Neutralize"]},{"damage_healed":0,"gold_gain":0,"player_choice":"Opened","damage_taken":0,"relics_obtained":["Happy Flower"],"max_hp_gain":0,"max_hp_loss":0,"event_name":"The Mausoleum","floor":19,"gold_loss":0},{"damage_healed":0,"gold_gain":0,"player_choice":"Fought Bandits","damage_taken":0,"max_hp_gain":0,"max_hp_loss":0,"event_name":"Masked Bandits","floor":21,"gold_loss":0}],"is_beta":false,"boss_relics":[{"not_picked":["Pandora\u0027s Box","HoveringKite"],"picked":"Astrolabe"}],"items_purged_floors":[22],"is_endless":false,"potions_floor_spawned":[2,5,8,14,18],"killed_by":"Cultist and Chosen","ascension_level":5}