{"gold_per_floor":[19,34,34,34,10,10,45,45,99,117,42,42,55,93,93,212,212,232,221,234,253,253,12,12,12,65,65,79,79,123,139,139,259,259,278,278,278,302,315,315,351,351,398,398,413,457,457,11,11,11,11,11,11,46,46],"floor_reached":55,"playtime":2080,"items_purged":["Regret"],"score":1102,"play_id":"e3d6eee1-ae94-43d9-aab6-7a1e35b98229","local_time":"20190320222417","is_ascension_mode":true,"campfire_choices":[{"data":"Poisoned Stab","floor":6,"key":"SMITH"},{"data":"Bouncing Flask","floor":8,"key":"SMITH"},{"data":"A Thousand Cuts","floor":15,"key":"SMITH"},{"data":"After Image","floor":24,"key":"SMITH"},{"data":"Noxious Fumes","floor":27,"key":"SMITH"},{"data":"Leg Sweep","floor":29,"key":"SMITH"},{"data":"Poisoned Stab","floor":32,"key":"SMITH"},{"data":"Cloak And Dagger","floor":40,"key":"SMITH"},{"data":"Blur","floor":42,"key":"SMITH"},{"floor":49,"key":"RECALL"},{"data":"PiercingWail","floor":52,"key":"SMITH"}],"neow_cost":"NO_GOLD","seed_source_timestamp":81426621419941,"circlet_count":0,"master_deck":["Defend_G+1","Defend_G+1","Defend_G+1","Defend_G+1","Strike_G+1","Strike_G+1","Strike_G+1","Survivor","Neutralize","Cloak And Dagger+1","PiercingWail+1","Poisoned Stab+1","Bouncing Flask+1","Deadly Poison","Blur+1","A Thousand Cuts+1","Endless Agony","Poisoned Stab+1","After Image+1","Backflip+1","Noxious Fumes+1","Endless Agony","Leg Sweep+1","Well Laid Plans+1","Dodge and Roll","After Image+1","Wraith Form v2+1","Caltrops+1","After Image+1","A Thousand Cuts+1"],"relics":["Ring of the Snake","Thread and Needle","Ancient Tea Set","Golden Idol","Odd Mushroom","Omamori","Art of War","Sozu","Frozen Egg 2","Pear","Vajra","Empty Cage","Pen Nib","Bag of Marbles","Bag of Preparation","Ice Cream","Oddly Smooth Stone"],"potions_floor_usage":[7,33,50,50],"damage_taken":[{"damage":0,"enemies":"Cultist","floor":1,"turns":4},{"damage":0,"enemies":"Jaw Worm","floor":2,"turns":4},{"damage":10,"enemies":"The Mushroom Lair","floor":7,"turns":4},{"damage":3,"enemies":"2 Louse","floor":10,"turns":2},{"damage":3,"enemies":"2 Fungi Beasts","floor":13,"turns":4},{"damage":6,"enemies":"Gremlin Nob","floor":14,"turns":3},{"damage":0,"enemies":"Slime Boss","floor":16,"turns":10},{"damage":0,"enemies":"Spheric Guardian","floor":18,"turns":3},{"damage":10,"enemies":"2 Thieves","floor":19,"turns":4},{"damage":11,"enemies":"Snake Plant","floor":20,"turns":5},{"damage":0,"enemies":"Snecko","floor":21,"turns":5},{"damage":1,"enemies":"Centurion and Healer","floor":28,"turns":5},{"damage":14,"enemies":"Gremlin Leader","floor":30,"turns":6},{"damage":0,"enemies":"Cultist and Chosen","floor":31,"turns":6},{"damage":10,"enemies":"Champ","floor":33,"turns":10},{"damage":11,"enemies":"3 Darklings","floor":35,"turns":5},{"damage":0,"enemies":"Orb Walker","floor":38,"turns":5},{"damage":0,"enemies":"Jaw Worm Horde","floor":39,"turns":6},{"damage":5,"enemies":"Nemesis","floor":41,"turns":8},{"damage":9,"enemies":"Sphere and 2 Shapes","floor":45,"turns":6},{"damage":22,"enemies":"Reptomancer","floor":46,"turns":9},{"damage":20,"enemies":"Awakened One","floor":50,"turns":16},{"damage":12,"enemies":"Shield and Spear","floor":54,"turns":7},{"damage":52,"enemies":"The Heart","floor":55,"turns":3}],"seed_played":"-8063600060784900413","potions_obtained":[{"floor":1,"key":"PowerPotion"},{"floor":2,"key":"Regen Potion"},{"floor":13,"key":"SpeedPotion"},{"floor":14,"key":"SkillPotion"}],"is_trial":false,"path_per_floor":["M","M","?","?","$","R","?","R","T","M","$","?","M","E","R","B",null,"M","M","M","M","?","$","R","T","T","R","M","R","E","M","R","B",null,"M","?","?","M","M","R","E","R","T","?","M","E","?","$","R","B",null,"R","$","E","B"],"character_chosen":"THE_SILENT","items_purchased":["Poisoned Stab","Frozen Egg 2","Ice Cream","After Image+1"],"campfire_rested":0,"item_purchase_floors":[5,23,48,48],"current_hp_per_floor":[63,63,63,63,63,63,53,53,53,50,50,50,47,41,41,41,59,59,49,38,38,38,38,38,48,48,48,47,47,33,33,33,23,62,51,51,51,51,51,51,46,46,46,46,37,15,15,15,15,10,59,59,59,47,0],"gold":46,"neow_bonus":"ONE_RARE_RELIC","is_prod":false,"is_daily":false,"chose_seed":false,"campfire_upgraded":10,"win_rate":0,"timestamp":1553142257,"path_taken":["M","M","?","?","$","R","?","R","T","M","?","?","?","E","R","BOSS","M","?","M","M","?","$","R","?","T","R","?","R","E","M","R","BOSS","M","?","?","M","M","R","E","R","T","?","?","E","?","?","R","BOSS","R","$","E","BOSS"],"build_version":"2019-01-23","purchased_purges":1,"victory":false,"max_hp_per_floor":[70,70,70,65,65,65,65,65,65,65,65,65,65,65,65,65,65,65,65,65,65,65,65,65,75,75,75,75,75,75,75,75,75,75,75,75,75,75,75,75,75,75,75,75,75,75,75,75,75,75,75,75,75,75,75],"card_choices":[{"not_picked":["Terror","PiercingWail"],"picked":"Cloak And Dagger","floor":1},{"not_picked":["Skewer","Outmaneuver"],"picked":"PiercingWail","floor":2},{"not_picked":["Leg Sweep","Sucker Punch"],"picked":"Bouncing Flask","floor":7},{"not_picked":["Backflip","Infinite Blades"],"picked":"Deadly Poison","floor":10},{"not_picked":["Underhanded Strike","Acrobatics"],"picked":"Endless Agony","floor":13},{"not_picked":["All Out Attack","Acrobatics"],"picked":"Poisoned Stab","floor":14},{"not_picked":["Bullet Time","A Thousand Cuts"],"picked":"After Image","floor":16},{"not_picked":["Terror","Bane+1"],"picked":"Backflip+1","floor":18},{"not_picked":["Dagger Throw","Bane"],"picked":"Noxious Fumes","floor":19},{"not_picked":["Dash","Reflex"],"picked":"Endless Agony","floor":20},{"not_picked":["Dagger Throw","Quick Slash+1"],"picked":"Leg Sweep","floor":21},{"not_picked":["Burst","Underhanded Strike+1","Dash+1"],"picked":"SKIP","floor":28},{"not_picked":["Predator+1","PiercingWail+1"],"picked":"Well Laid Plans+1","floor":30},{"not_picked":["Deflect","Bouncing Flask"],"picked":"Dodge and Roll","floor":31},{"not_picked":["Tools of the Trade+1","Bullet Time"],"picked":"After Image+1","floor":33},{"not_picked":["Accuracy+1","PiercingWail","Dagger Spray+1"],"picked":"SKIP","floor":35},{"not_picked":["Underhanded Strike+1","Well Laid Plans+1","Dodge and Roll+1"],"picked":"SKIP","floor":38},{"not_picked":["Underhanded Strike","Crippling Poison"],"picked":"Wraith Form v2+1","floor":39},{"not_picked":["Poisoned Stab+1","Deadly Poison+1"],"picked":"Caltrops+1","floor":41},{"not_picked":["Sucker Punch","Predator","Outmaneuver+1"],"picked":"SKIP","floor":45},{"not_picked":["Expertise+1","Acrobatics+1","Dodge and Roll"],"picked":"SKIP","floor":46},{"not_picked":["PiercingWail","Backstab"],"picked":"A Thousand Cuts+1","floor":54}],"player_experience":431485,"relics_obtained":[{"floor":7,"key":"Odd Mushroom"},{"floor":9,"key":"Omamori"},{"floor":14,"key":"Art of War"},{"floor":25,"key":"Pear"},{"floor":30,"key":"Vajra"},{"floor":41,"key":"Pen Nib"},{"floor":43,"key":"Bag of Marbles"},{"floor":46,"key":"Bag of Preparation"},{"floor":54,"key":"Oddly Smooth Stone"}],"event_choices":[{"damage_healed":0,"gold_gain":0,"player_choice":"Box","damage_taken":0,"relics_obtained":["Ancient Tea Set"],"max_hp_gain":0,"max_hp_loss":0,"event_name":"Big Fish","floor":3,"gold_loss":0,"cards_obtained":["Regret"]},{"damage_healed":0,"gold_gain":0,"player_choice":"Lose Max HP","damage_taken":0,"relics_obtained":["Golden Idol"],"max_hp_gain":0,"max_hp_loss":5,"event_name":"Golden Idol","floor":4,"gold_loss":0},{"damage_healed":0,"gold_gain":0,"player_choice":"Fought Mushrooms","damage_taken":0,"max_hp_gain":0,"max_hp_loss":0,"event_name":"Mushrooms","floor":7,"gold_loss":0},{"damage_healed":0,"gold_gain":0,"player_choice":"2 cards matched","damage_taken":0,"max_hp_gain":0,"max_hp_loss":0,"event_name":"Match and Keep!","floor":12,"gold_loss":0,"cards_obtained":["Blur","A Thousand Cuts"]},{"damage_healed":0,"gold_gain":0,"player_choice":"Simplicity","damage_taken":0,"max_hp_gain":0,"max_hp_loss":0,"event_name":"Back to Basics","floor":22,"gold_loss":0,"cards_upgraded":["Defend_G","Defend_G","Defend_G","Defend_G","Defend_G","Strike_G","Strike_G","Strike_G","Strike_G","Strike_G"]},{"cards_removed":["Strike_G"],"damage_healed":0,"gold_gain":0,"player_choice":"Removed Attack","damage_taken":0,"max_hp_gain":0,"max_hp_loss":0,"event_name":"Falling","floor":36,"gold_loss":0},{"damage_healed":0,"gold_gain":0,"player_choice":"Ignored","damage_taken":0,"max_hp_gain":0,"max_hp_loss":0,"event_name":"Tomb of Lord Red Mask","floor":37,"gold_loss":0},{"damage_healed":0,"gold_gain":0,"player_choice":"Got Potions","damage_taken":0,"max_hp_gain":0,"max_hp_loss":0,"event_name":"Lab","floor":44,"gold_loss":0},{"damage_healed":0,"gold_gain":0,"player_choice":"Leave","damage_taken":0,"max_hp_gain":0,"max_hp_loss":0,"event_name":"FaceTrader","floor":47,"gold_loss":0}],"is_beta":false,"boss_relics":[{"not_picked":["Runic Dome","Orrery"],"picked":"Sozu"},{"not_picked":["Cursed Key","Busted Crown"],"picked":"Empty Cage"}],"items_purged_floors":[11],"is_endless":false,"potions_floor_spawned":[1,2,13,14,19,28,31,33,35,39,54],"killed_by":"The Heart","ascension_level":9}