{"gold_per_floor":[114,164,177,196,150,150,164,164,164,164,221,233,260,260,260,333,333,348,298,315,333,164,164,164],"floor_reached":24,"playtime":880,"items_purged":["Strike_G"],"score":348,"play_id":"e3e0af90-fcdf-48c9-a03f-67726ace3112","local_time":"20190927160712","is_ascension_mode":true,"campfire_choices":[{"data":"Noxious Fumes","floor":6.0,"key":"SMITH"},{"data":"Neutralize","floor":8.0,"key":"SMITH"},{"data":"Acrobatics","floor":10.0,"key":"SMITH"},{"floor":15.0,"key":"REST"},{"data":"Tactician","floor":23,"key":"SMITH"}],"neow_cost":"TEN_PERCENT_HP_LOSS","seed_source_timestamp":374848272618664,"circlet_count":0,"master_deck":["AscendersBane","Strike_G","Strike_G","Defend_G","Defend_G","Defend_G","Defend_G","Survivor","Neutralize+1","Noxious Fumes+1","Tactician+1","Acrobatics+1","Quick Slash","Dodge and Roll","Dagger Throw","Underhanded Strike","Reflex","Unload","Underhanded Strike","Footwork","Calculated Gamble","Dodge and Roll"],"special_seed":0,"relics":["Ring of the Snake","Shovel","Art of War","WristBlade"],"potions_floor_usage":[21],"damage_taken":[{"damage":7.0,"enemies":"Jaw Worm","floor":1.0,"turns":6.0},{"damage":1.0,"enemies":"Cultist","floor":3.0,"turns":4.0},{"damage":10.0,"enemies":"Small Slimes","floor":4.0,"turns":5.0},{"damage":16.0,"enemies":"Exordium Thugs","floor":5.0,"turns":5.0},{"damage":3.0,"enemies":"Exordium Wildlife","floor":7.0,"turns":5.0},{"damage":8.0,"enemies":"3 Louse","floor":12.0,"turns":4.0},{"damage":21.0,"enemies":"Hexaghost","floor":16.0,"turns":11.0},{"damage":21.0,"enemies":"3 Byrds","floor":18.0,"turns":5.0},{"damage":2.0,"enemies":"Spheric Guardian","floor":20.0,"turns":3.0},{"damage":15,"enemies":"Snake Plant","floor":21,"turns":5},{"damage":22,"enemies":"Snecko","floor":24,"turns":4}],"seed_played":"-6346024532152683324","potions_obtained":[{"floor":1.0,"key":"GamblersBrew"},{"floor":5.0,"key":"Strength Potion"},{"floor":16.0,"key":"FearPotion"},{"floor":18.0,"key":"Regen Potion"}],"is_trial":false,"path_per_floor":["M","?","M","M","M","R","M","R","T","R","?","M","T","?","R","B",null,"M","?","M","M","$","R","M"],"character_chosen":"THE_SILENT","items_purchased":["Calculated Gamble","Dodge and Roll"],"campfire_rested":1,"item_purchase_floors":[22,22],"current_hp_per_floor":[52,46,45,35,19,19,16,16,16,16,16,8,8,8,26,5,46,25,25,23,20,20,20,0],"gold":164,"neow_bonus":"TRANSFORM_TWO_CARDS","is_prod":false,"is_daily":false,"chose_seed":false,"campfire_upgraded":4,"win_rate":0,"timestamp":1569625632,"path_taken":["M","?","M","M","M","R","?","R","T","R","?","M","?","?","R","BOSS","M","?","M","M","?","R","M"],"build_version":"2019-09-27","purchased_purges":1,"victory":false,"max_hp_per_floor":[60,60,60,60,60,60,60,60,60,60,60,60,60,60,60,60,60,60,60,60,60,60,60,60],"card_choices":[{"not_picked":["Finisher","PiercingWail"],"picked":"Acrobatics","floor":1.0},{"not_picked":["Deflect","Terror"],"picked":"Quick Slash","floor":3.0},{"not_picked":["Blade Dance","Poisoned Stab"],"picked":"Dodge and Roll","floor":4.0},{"not_picked":["Acrobatics","Deadly Poison"],"picked":"Dagger Throw","floor":5.0},{"not_picked":["Escape Plan","Deflect"],"picked":"Underhanded Strike","floor":7.0},{"not_picked":["Wraith Form v2","Flying Knee"],"picked":"Reflex","floor":12.0},{"not_picked":["Bullet Time","A Thousand Cuts"],"picked":"Unload","floor":16.0},{"not_picked":["PiercingWail","Eviscerate"],"picked":"Underhanded Strike","floor":18.0},{"not_picked":["Flying Knee","Quick Slash+1","Crippling Poison"],"picked":"SKIP","floor":20.0},{"not_picked":["Deflect","Underhanded Strike"],"picked":"Footwork","floor":21}],"player_experience":688310,"relics_obtained":[{"floor":9.0,"key":"Shovel"},{"floor":13.0,"key":"Art of War"}],"event_choices":[{"damage_healed":0.0,"max_hp_gain":0.0,"max_hp_loss":0.0,"gold_gain":50.0,"event_name":"FaceTrader","player_choice":"Touch","floor":2.0,"gold_loss":0.0,"damage_taken":6.0},{"damage_healed":0.0,"max_hp_gain":0.0,"max_hp_loss":0.0,"gold_gain":57.0,"event_name":"Golden Wing","player_choice":"Gained Gold","floor":11.0,"gold_loss":0.0,"damage_taken":0.0},{"cards_removed":["Strike_G"],"damage_healed":0.0,"max_hp_gain":0.0,"max_hp_loss":0.0,"gold_gain":0.0,"event_name":"Purifier","player_choice":"Purged","floor":14.0,"gold_loss":0.0,"damage_taken":0.0},{"damage_healed":0.0,"max_hp_gain":0.0,"max_hp_loss":0.0,"gold_gain":0.0,"event_name":"The Joust","player_choice":"Bet on Owner","floor":19.0,"gold_loss":50.0,"damage_taken":0.0}],"is_beta":true,"boss_relics":[{"not_picked":["Runic Pyramid","SacredBark"],"picked":"WristBlade"}],"items_purged_floors":[22],"is_endless":false,"potions_floor_spawned":[1,5,16,18],"killed_by":"Snecko","ascension_level":17}