{"gold_per_floor":[363,26,44,58,2,29,104,104,151,151],"floor_reached":10,"playtime":320,"items_purged":["Strike_G"],"score":119,"play_id":"8642de92-9195-4946-b8c9-10d18491dc0e","local_time":"20190919083737","is_ascension_mode":true,"campfire_choices":[{"floor":8,"key":"REST"}],"neow_cost":"TEN_PERCENT_HP_LOSS","seed_source_timestamp":444619330695170,"circlet_count":0,"master_deck":["AscendersBane","Strike_G","Strike_G","Strike_G","Strike_G","Defend_G","Defend_G","Defend_G","Defend_G","Defend_G","Survivor","Neutralize","Poisoned Stab","Deadly Poison","Calculated Gamble","Wraith Form v2"],"relics":["Ring of the Snake","Question Card","Potion Belt","MealTicket"],"potions_floor_usage":[6,10],"damage_taken":[{"damage":2,"enemies":"Small Slimes","floor":1,"turns":4},{"damage":1,"enemies":"2 Louse","floor":3,"turns":5},{"damage":3,"enemies":"Jaw Worm","floor":4,"turns":4},{"damage":28,"enemies":"Lagavulin","floor":6,"turns":7},{"damage":35,"enemies":"3 Sentries","floor":10,"turns":11}],"seed_played":"3728894358218836660","potions_obtained":[{"floor":3,"key":"Ancient Potion"},{"floor":6,"key":"GamblersBrew"}],"is_trial":false,"path_per_floor":["M","$","M","M","$","E","?","R","T","E"],"character_chosen":"THE_SILENT","items_purchased":["Question Card","SteroidPotion"],"campfire_rested":1,"item_purchase_floors":[2,5],"current_hp_per_floor":[57,57,56,53,53,25,14,32,32,0],"gold":151,"neow_bonus":"TWO_FIFTY_GOLD","is_prod":false,"is_daily":false,"chose_seed":false,"campfire_upgraded":0,"win_rate":0,"timestamp":1568907457,"path_taken":["M","$","M","M","$","E","?","R","T","E"],"build_version":"2019-09-18","purchased_purges":1,"victory":false,"max_hp_per_floor":[60,60,60,60,60,60,60,60,60,60],"card_choices":[{"not_picked":["Dagger Spray","Escape Plan"],"picked":"Poisoned Stab","floor":1},{"not_picked":["Crippling Poison","Backflip","Blur"],"picked":"Deadly Poison","floor":3},{"not_picked":["Backflip","Eviscerate","Deflect"],"picked":"Calculated Gamble","floor":4},{"not_picked":["Setup","Deflect","Slice"],"picked":"Wraith Form v2","floor":6}],"player_experience":672598,"relics_obtained":[{"floor":6,"key":"Potion Belt"},{"floor":9,"key":"MealTicket"}],"event_choices":[{"damage_healed":0,"gold_gain":75,"player_choice":"Gather Gold","damage_taken":11,"max_hp_gain":0,"max_hp_loss":0,"event_name":"World of Goop","floor":7,"gold_loss":0}],"is_beta":true,"boss_relics":[],"items_purged_floors":[2],"is_endless":false,"potions_floor_spawned":[3,6],"killed_by":"3 Sentries","ascension_level":16}