{"gold_per_floor":[16,26,26,26,44,74,57,57,81,81,108,120,120,136,136,136],"floor_reached":16,"playtime":2442,"items_purged":[],"score":144,"play_id":"479789ac-3e1b-45ea-8249-31b1ff3ef3d1","local_time":"20190913161519","is_ascension_mode":true,"campfire_choices":[{"data":"Chrysalis","floor":8,"key":"SMITH"},{"floor":10,"key":"REST"},{"data":"Devotion","floor":13,"key":"SMITH"},{"data":"Alpha","floor":15,"key":"SMITH"}],"neow_cost":"NO_GOLD","seed_source_timestamp":1936356231700,"circlet_count":0,"master_deck":["Strike_P","Strike_P","Strike_P","Strike_P+1","Defend_P","Defend_P","Defend_P","Defend_P","Eruption","Vigilance","Chrysalis+1","Metamorphosis+1","Prostrate","Protect","Weave+1","ThirdEye","Devotion+1","WaveOfTheHand","FlurryOfBlows","Alpha+1"],"relics":["PureWater","Whetstone","Lantern","Happy Flower"],"potions_floor_usage":[6],"damage_taken":[{"damage":1,"enemies":"Cultist","floor":1,"turns":4},{"damage":16,"enemies":"Jaw Worm","floor":2,"turns":5},{"damage":2,"enemies":"2 Louse","floor":5,"turns":3},{"damage":0,"enemies":"Lagavulin","floor":6,"turns":4},{"damage":11,"enemies":"Exordium Thugs","floor":7,"turns":4},{"damage":10,"enemies":"3 Sentries","floor":11,"turns":7},{"damage":0,"enemies":"2 Fungi Beasts","floor":12,"turns":3},{"damage":1,"enemies":"Blue Slaver","floor":14,"turns":3},{"damage":45,"enemies":"The Guardian","floor":16,"turns":6}],"seed_played":"-1921077793491825176","potions_obtained":[{"floor":2,"key":"Strength Potion"},{"floor":5,"key":"DuplicationPotion"},{"floor":11,"key":"SteroidPotion"},{"floor":12,"key":"Poison Potion"}],"is_trial":false,"path_per_floor":["M","M","$","?","M","E","M","R","T","R","E","M","R","M","R","B"],"character_chosen":"WATCHER","items_purchased":[],"campfire_rested":1,"item_purchase_floors":[],"current_hp_per_floor":[64,48,48,48,46,46,35,35,35,54,44,44,44,43,43,0],"gold":136,"neow_bonus":"RANDOM_COLORLESS_2","is_prod":false,"is_daily":false,"chose_seed":false,"campfire_upgraded":3,"win_rate":0,"timestamp":1568405719,"path_taken":["M","M","$","?","M","E","M","R","T","R","E","M","R","M","R","BOSS"],"build_version":"2019-09-12","purchased_purges":0,"victory":false,"max_hp_per_floor":[65,65,65,65,65,65,65,65,65,65,65,65,65,65,65,65],"card_choices":[{"not_picked":["FearNoEvil","Conclude"],"picked":"Prostrate","floor":1},{"not_picked":["FlurryOfBlows","EmptyFist"],"picked":"Protect","floor":2},{"not_picked":["EmptyFist","Halt"],"picked":"Weave","floor":5},{"not_picked":["Perseverance","DeceiveReality"],"picked":"ThirdEye","floor":6},{"not_picked":["EmptyBody","ThirdEye"],"picked":"Devotion","floor":7},{"not_picked":["Tantrum","Establishment","WaveOfTheHand"],"picked":"SKIP","floor":11},{"not_picked":["Tantrum","Establishment"],"picked":"WaveOfTheHand","floor":11},{"not_picked":["EmptyFist","Halt"],"picked":"FlurryOfBlows","floor":12},{"not_picked":["StepAndStrike","Vengeance"],"picked":"Alpha","floor":14}],"player_experience":776133,"relics_obtained":[{"floor":6,"key":"Whetstone"},{"floor":9,"key":"Lantern"},{"floor":11,"key":"Happy Flower"}],"event_choices":[{"damage_healed":0,"gold_gain":0,"player_choice":"Grow","damage_taken":0,"max_hp_gain":0,"max_hp_loss":0,"event_name":"Living Wall","floor":4,"gold_loss":0,"cards_upgraded":["Metamorphosis"]}],"is_beta":true,"boss_relics":[],"items_purged_floors":[],"is_endless":false,"potions_floor_spawned":[2,5,11,12],"killed_by":"The Guardian","ascension_level":1}