{"path_per_floor":["M","M","?","?","M","R","E","M","T","M","M","?","R","$","R"],"character_chosen":"DEFECT","items_purchased":["Toolbox"],"gold_per_floor":[110,130,130,205,226,226,270,285,285,305,323,323,323,76,76,76],"floor_reached":16,"campfire_rested":3,"playtime":495,"item_purchase_floors":[14],"current_hp_per_floor":[63,61,43,32,26,48,16,14,14,7,7,4,26,26,48,0],"items_purged":[],"gold":76,"score":143,"play_id":"2fd19abd-3e7e-4f13-a709-f51d129478a5","local_time":"20180619114805","is_prod":false,"is_daily":false,"chose_seed":false,"is_ascension_mode":true,"campfire_upgraded":0,"win_rate":0,"timestamp":1529423285,"campfire_choices":[{"floor":6,"key":"REST"},{"floor":13,"key":"REST"},{"floor":15,"key":"REST"}],"path_taken":["M","M","?","?","M","R","E","M","T","M","M","?","R","$","R","BOSS"],"build_version":"2018-06-18","seed_source_timestamp":582914686347176,"purchased_purges":0,"circlet_count":0,"victory":false,"master_deck":["Strike_B","Strike_B","Strike_B","Strike_B","Defend_B","Defend_B","Defend_B","Defend_B","Zap","Dualcast","All For One","Steam","Hologram","Beam Cell","Leap"],"max_hp_per_floor":[75,75,75,75,75,75,75,75,75,75,75,75,75,75,75,75],"relics":["Cracked Core","Golden Idol","Molten Egg 2","Emotion Chip","Gambling Chip","Toolbox"],"card_choices":[{"not_picked":["Coolheaded","Sweeping Beam"],"picked":"Steam","floor":1},{"not_picked":["Auto Shields","Conserve Battery"],"picked":"Hologram","floor":2},{"not_picked":["Fusion","White Noise"],"picked":"Beam Cell","floor":5},{"not_picked":["Skim","Turbo","Stack"],"picked":"SKIP","floor":7},{"not_picked":["Ball Lightning+1","Aggregate","Compile Driver+1"],"picked":"SKIP","floor":8},{"not_picked":["Coolheaded","Turbo","Compile Driver+1"],"picked":"SKIP","floor":10},{"not_picked":["Chill","Chaos"],"picked":"Leap","floor":11}],"player_experience":789048,"potions_floor_usage":[8,16,16],"damage_taken":[{"damage":5,"enemies":"Small Slimes","floor":1,"turns":3},{"damage":2,"enemies":"Jaw Worm","floor":2,"turns":4},{"damage":6,"enemies":"2 Louse","floor":5,"turns":3},{"damage":32,"enemies":"Gremlin Nob","floor":7,"turns":4},{"damage":2,"enemies":"Exordium Wildlife","floor":8,"turns":4},{"damage":7,"enemies":"Blue Slaver","floor":10,"turns":4},{"damage":0,"enemies":"Exordium Thugs","floor":11,"turns":4},{"damage":50,"enemies":"Hexaghost","floor":16,"turns":9}],"relics_obtained":[{"floor":7,"key":"Molten Egg 2"},{"floor":9,"key":"Emotion Chip"}],"event_choices":[{"event_name":"Golden Idol","player_choice":"Take Damage","floor":3,"damage_taken":0},{"event_name":"World of Goop","player_choice":"Gather Gold","floor":4,"damage_taken":0},{"event_name":"Scrap Ooze","player_choice":"success","floor":12,"damage_taken":3}],"boss_relics":[],"items_purged_floors":[],"is_endless":false,"potions_floor_spawned":[1,7,8],"seed_played":"7603445659362232661","killed_by":"Hexaghost","ascension_level":8,"potions_obtained":[{"floor":1,"key":"Poison Potion"},{"floor":7,"key":"SteroidPotion"},{"floor":8,"key":"Weak Potion"}],"is_trial":false}