{"gold_per_floor":[111,126,139,139,156,156,16,35,105,105,105,123,134,151,151,247,247,264,204,204,219,142,142,170,170,170,184,184,64,75,75,75,75],"floor_reached":33,"playtime":6061,"items_purged":[],"score":284,"play_id":"19d1b13a-0b04-491f-b2bf-83f407aa07bd","local_time":"20180705170604","is_ascension_mode":false,"campfire_choices":[{"data":"Redo","floor":6.0,"key":"SMITH"},{"data":"Tempest","floor":11.0,"key":"SMITH"},{"data":"Machine Learning","floor":15.0,"key":"SMITH"},{"floor":23.0,"key":"REST"},{"floor":25.0,"key":"REST"},{"floor":32,"key":"REST"}],"neow_cost":"","seed_source_timestamp":0,"circlet_count":0,"master_deck":["Strike_B","Strike_B","Strike_B","Defend_B","Defend_B","Defend_B","Defend_B","Zap","Dualcast","Ball Lightning","Ball Lightning","Glacier","Redo+1","Capacitor","Amplify","Reinforced Body","Tempest+1","Auto Shields","Machine Learning+1","Sweeping Beam","Fission","Coolheaded","Auto Shields","Cold Snap","Static Discharge","Biased Cognition","Leap","Glacier","Lockon","Sweeping Beam+1"],"special_seed":0,"relics":["Cracked Core","Meat on the Bone","Inserter","Mango","Darkstone Periapt"],"potions_floor_usage":[],"damage_taken":[{"damage":1.0,"enemies":"Jaw Worm","floor":1.0,"turns":3.0},{"damage":0.0,"enemies":"2 Louse","floor":2.0,"turns":2.0},{"damage":0.0,"enemies":"Cultist","floor":3.0,"turns":2.0},{"damage":0.0,"enemies":"3 Louse","floor":5.0,"turns":3.0},{"damage":12.0,"enemies":"Blue Slaver","floor":8.0,"turns":2.0},{"damage":0.0,"enemies":"Looter","floor":12.0,"turns":3.0},{"damage":0.0,"enemies":"Red Slaver","floor":13.0,"turns":4.0},{"damage":0.0,"enemies":"Exordium Thugs","floor":14.0,"turns":4.0},{"damage":21.0,"enemies":"Slime Boss","floor":16.0,"turns":11.0},{"damage":36.0,"enemies":"3 Byrds","floor":18.0,"turns":8.0},{"damage":12.0,"enemies":"2 Thieves","floor":19.0,"turns":4.0},{"damage":19.0,"enemies":"Snake Plant","floor":21.0,"turns":8.0},{"damage":41.0,"enemies":"Slavers","floor":24.0,"turns":8.0},{"damage":12.0,"enemies":"Chosen and Byrds","floor":27.0,"turns":6.0},{"damage":4,"enemies":"Snecko","floor":30,"turns":6},{"damage":96,"enemies":"Automaton","floor":33,"turns":10}],"seed_played":"-6975353556866473446","potions_obtained":[{"floor":3.0,"key":"Regen Potion"},{"floor":5.0,"key":"Fire Potion"},{"floor":8.0,"key":"SteroidPotion"},{"floor":24.0,"key":"Ancient Potion"},{"floor":27,"key":"EssenceOfSteel"}],"is_trial":false,"path_per_floor":["M","M","M","?","M","R","$","M","T","?","R","M","M","M","R","B",null,"M","M","?","M","$","R","E","R","T","M","?","$","M","?","R"],"character_chosen":"DEFECT","items_purchased":["Capacitor","Amplify","Static Discharge","Glacier","Lockon"],"campfire_rested":3,"item_purchase_floors":[],"current_hp_per_floor":[74,74,74,79,79,79,79,67,67,67,67,67,67,67,67,61,80,44,44,44,37,37,61,46,74,74,62,62,62,58,58,86,0],"gold":75,"neow_bonus":"","is_prod":false,"is_daily":false,"chose_seed":false,"campfire_upgraded":3,"win_rate":0.0,"timestamp":1530835564,"path_taken":["M","M","M","?","M","R","$","M","T","?","R","M","M","?","R","BOSS","M","M","?","M","$","R","E","R","T","M","?","$","?","?","R","BOSS"],"build_version":"2018-06-28","purchased_purges":0,"victory":false,"max_hp_per_floor":[75,75,75,80,80,80,80,80,80,80,80,80,80,80,80,80,80,80,80,80,80,80,80,94,94,94,94,94,94,94,94,94,94],"card_choices":[{"not_picked":["Go for the Eyes","Hologram"],"picked":"Ball Lightning","floor":1.0},{"not_picked":["Force Field","Reprogram"],"picked":"Ball Lightning","floor":2.0},{"not_picked":["Steam","Reprogram"],"picked":"Glacier","floor":3.0},{"not_picked":["Steam","Coolheaded"],"picked":"Redo","floor":5.0},{"not_picked":["Hologram","Streamline"],"picked":"Reinforced Body","floor":8.0},{"not_picked":["Stack","Redo"],"picked":"Auto Shields","floor":12.0},{"not_picked":["Barrage","Conserve Battery"],"picked":"Machine Learning","floor":13.0},{"not_picked":["Compile Driver","Gash"],"picked":"Sweeping Beam","floor":14.0},{"not_picked":["Thunder Strike","Machine Learning"],"picked":"Fission","floor":16.0},{"not_picked":["Force Field","Ball Lightning"],"picked":"Coolheaded","floor":18.0},{"not_picked":["Ball Lightning","Force Field+1"],"picked":"Auto Shields","floor":19.0},{"not_picked":["Force Field","Double Energy"],"picked":"Cold Snap","floor":21.0},{"not_picked":["Auto Shields","Reinforced Body+1"],"picked":"Biased Cognition","floor":24.0},{"not_picked":["Steam","Ball Lightning"],"picked":"Leap","floor":27},{"not_picked":["Barrage","Ball Lightning"],"picked":"Sweeping Beam+1","floor":30}],"player_experience":11940,"relics_obtained":[{"floor":9.0,"key":"Meat on the Bone"},{"floor":24.0,"key":"Mango"},{"floor":26.0,"key":"Darkstone Periapt"}],"event_choices":[{"event_name":"Big Fish","player_choice":"Donut","floor":4.0,"damage_taken":0.0},{"event_name":"Living Wall","player_choice":"Change","floor":10.0,"damage_taken":0.0},{"event_name":"Drug Dealer","player_choice":"Ignored","floor":20.0,"damage_taken":0.0},{"event_name":"Ghosts","player_choice":"Ignored","floor":28,"damage_taken":0},{"event_name":"Addict","player_choice":"Ignored","floor":31,"damage_taken":0}],"boss_relics":[{"not_picked":["Busted Crown","Sozu"],"picked":"Inserter"}],"items_purged_floors":[],"is_endless":false,"potions_floor_spawned":[3,5,8,24,27],"killed_by":"Automaton","ascension_level":0}