{"gold_per_floor":[216,68,18,31,31,66,66,26,26,26,37,51,51,81,81,182,182,193,72,86,99,111,36,36,53,109,109,138,138,148,148,148,253,253,263,263,363,374,118,118,118,144,171,186,196,196,196,215,215,215],"floor_reached":50,"playtime":3406,"items_purged":["Strike_R","Strike_R"],"score":594,"play_id":"d51e8e2e-9128-4648-ab06-433ae5beadde","local_time":"20190815002203","is_ascension_mode":true,"campfire_choices":[{"data":"Whirlwind","floor":7,"key":"SMITH"},{"data":"Pommel Strike","floor":10,"key":"SMITH"},{"data":"Armaments","floor":13,"key":"SMITH"},{"floor":15,"key":"REST"},{"floor":27,"key":"REST"},{"data":"1","floor":29,"key":"LIFT"},{"data":"2","floor":32,"key":"LIFT"},{"floor":40,"key":"REST"},{"floor":41,"key":"REST"},{"floor":47,"key":"REST"},{"floor":49,"key":"REST"}],"neow_cost":"NONE","seed_source_timestamp":6455691203200,"circlet_count":0,"master_deck":["Strike_R","Strike_R","Defend_R","Defend_R","Defend_R","Defend_R","Bash","Pommel Strike+1","Whirlwind+1","Entrench","Battle Trance","Armaments+1","Ghostly Armor","Feed","Carnage","Inflame","Shrug It Off","Infernal Blade","Burning Pact","Body Slam","Heavy Blade","Spot Weakness+1","Bludgeon","Intimidate+1","Reaper","Bandage Up"],"relics":["Black Blood","Vajra","Pocketwatch","Shuriken","Fusion Hammer","MutagenicStrength","Tiny Chest","Girya","WingedGreaves","Happy Flower","Orichalcum","Art of War"],"potions_floor_usage":[12,16,38,38,42,44,45,50],"damage_taken":[{"damage":4,"enemies":"2 Louse","floor":1,"turns":3},{"damage":10,"enemies":"Small Slimes","floor":4,"turns":4},{"damage":31,"enemies":"3 Sentries","floor":6,"turns":7},{"damage":2,"enemies":"Jaw Worm","floor":11,"turns":3},{"damage":0,"enemies":"Looter","floor":12,"turns":3},{"damage":0,"enemies":"Slime Boss","floor":16,"turns":5},{"damage":2,"enemies":"Chosen","floor":18,"turns":4},{"damage":7,"enemies":"3 Byrds","floor":20,"turns":4},{"damage":19,"enemies":"Shelled Parasite and Fungi","floor":21,"turns":8},{"damage":5,"enemies":"Snecko","floor":22,"turns":3},{"damage":0,"enemies":"3 Cultists","floor":25,"turns":2},{"damage":18,"enemies":"Gremlin Leader","floor":28,"turns":5},{"damage":0,"enemies":"Chosen and Byrds","floor":30,"turns":4},{"damage":25,"enemies":"Automaton","floor":33,"turns":10},{"damage":8,"enemies":"3 Shapes","floor":35,"turns":4},{"damage":31,"enemies":"Mind Bloom Boss Battle","floor":37,"turns":7},{"damage":44,"enemies":"3 Darklings","floor":38,"turns":6},{"damage":27,"enemies":"Nemesis","floor":42,"turns":7},{"damage":40,"enemies":"Writhing Mass","floor":44,"turns":5},{"damage":39,"enemies":"Maw","floor":45,"turns":8},{"damage":16,"enemies":"Spire Growth","floor":48,"turns":4},{"damage":111,"enemies":"Awakened One","floor":50,"turns":13}],"seed_played":"9059422817525714071","potions_obtained":[{"floor":6,"key":"Poison Potion"},{"floor":11,"key":"AttackPotion"},{"floor":22,"key":"EssenceOfSteel"},{"floor":30,"key":"SpeedPotion"},{"floor":37,"key":"LiquidBronze"},{"floor":38,"key":"PowerPotion"},{"floor":42,"key":"Regen Potion"},{"floor":45,"key":"Fire Potion"}],"is_trial":false,"path_per_floor":["M","$","?","M","$","E","R","$","T","R","M","M","R","?","R","B",null,"M","$","M","M","M","$","?","M","T","R","E","R","M","?","R","B",null,"M","?","?","M","$","R","R","E","T","M","M","?","R","M","R","B"],"character_chosen":"IRONCLAD","items_purchased":["Vajra","Battle Trance","Inflame","Shrug It Off","Happy Flower"],"campfire_rested":6,"item_purchase_floors":[2,8,19,19,39],"current_hp_per_floor":[80,80,80,76,76,51,51,51,51,51,55,61,61,61,80,80,80,80,80,82,73,74,74,74,80,80,87,75,75,81,81,81,62,87,90,85,64,30,30,55,80,63,63,33,19,19,44,60,86,0],"gold":215,"neow_bonus":"HUNDRED_GOLD","is_prod":false,"is_daily":false,"chose_seed":false,"campfire_upgraded":3,"win_rate":0,"timestamp":1565824923,"path_taken":["M","$","?","M","$","E","R","$","T","R","M","M","R","?","R","BOSS","M","$","M","M","M","$","?","M","T","R","E","R","M","?","R","BOSS","M","?","?","M","$","R","R","E","T","?","M","?","R","M","R","BOSS"],"build_version":"2019-07-17","purchased_purges":2,"victory":false,"max_hp_per_floor":[80,80,80,80,80,80,80,80,80,80,80,80,80,80,80,80,80,80,80,83,87,87,87,87,87,87,87,87,87,87,87,87,87,87,90,85,85,85,85,85,85,85,85,85,85,85,85,88,88,88],"card_choices":[{"not_picked":["Sword Boomerang","Evolve"],"picked":"Pommel Strike","floor":1},{"not_picked":["Twin Strike","Cleave"],"picked":"Whirlwind","floor":4},{"not_picked":["Thunderclap","Anger"],"picked":"Entrench","floor":6},{"not_picked":["Headbutt","Flex"],"picked":"Armaments","floor":11},{"not_picked":["Clash","Perfected Strike"],"picked":"Ghostly Armor","floor":12},{"not_picked":["Brutality","Exhume"],"picked":"Feed","floor":16},{"not_picked":["Searing Blow+1","Heavy Blade"],"picked":"Carnage","floor":18},{"not_picked":["Clothesline","Wild Strike","Sword Boomerang"],"picked":"SKIP","floor":20},{"not_picked":["Wild Strike","Corruption"],"picked":"Infernal Blade","floor":21},{"not_picked":["Wild Strike+1","Twin Strike"],"picked":"Burning Pact","floor":22},{"not_picked":["Iron Wave","Clash"],"picked":"Body Slam","floor":25},{"not_picked":["Thunderclap","Fire Breathing+1"],"picked":"Heavy Blade","floor":28},{"not_picked":["Thunderclap","Heavy Blade"],"picked":"Spot Weakness+1","floor":30},{"not_picked":["Offering","Immolate"],"picked":"Bludgeon","floor":33},{"not_picked":["Wild Strike","Searing Blow+1","Clash+1"],"picked":"SKIP","floor":35},{"not_picked":["Anger","Corruption+1"],"picked":"Intimidate+1","floor":37},{"not_picked":["Entrench","Seeing Red","Clothesline+1"],"picked":"SKIP","floor":38},{"not_picked":["Perfected Strike","Sword Boomerang+1","Pommel Strike"],"picked":"SKIP","floor":42},{"not_picked":["Searing Blow+1","Warcry+1","Havoc+1"],"picked":"SKIP","floor":44},{"not_picked":["Burning Pact+1","Clash+1"],"picked":"Reaper","floor":45},{"not_picked":["Deep Breath","Enlightenment"],"picked":"Bandage Up","floor":46},{"not_picked":["Rampage+1","Searing Blow","True Grit"],"picked":"SKIP","floor":48}],"player_experience":139772,"relics_obtained":[{"floor":6,"key":"Pocketwatch"},{"floor":9,"key":"Shuriken"},{"floor":26,"key":"Tiny Chest"},{"floor":28,"key":"Girya"},{"floor":37,"key":"WingedGreaves"},{"floor":42,"key":"Orichalcum"},{"floor":43,"key":"Art of War"}],"event_choices":[{"cards_removed":["Strike_R"],"damage_healed":0,"gold_gain":0,"player_choice":"Card Removal","damage_taken":0,"max_hp_gain":0,"max_hp_loss":0,"event_name":"The Cleric","floor":3,"gold_loss":50},{"damage_healed":0,"gold_gain":30,"player_choice":"Searched \u00271\u0027 times","damage_taken":0,"max_hp_gain":0,"max_hp_loss":0,"event_name":"Dead Adventurer","floor":14,"gold_loss":0},{"damage_healed":0,"gold_gain":0,"player_choice":"Inject Mutagens","damage_taken":0,"relics_obtained":["MutagenicStrength"],"max_hp_gain":0,"max_hp_loss":0,"event_name":"Drug Dealer","floor":24,"gold_loss":0},{"damage_healed":0,"gold_gain":0,"player_choice":"Ignored","damage_taken":0,"max_hp_gain":0,"max_hp_loss":0,"event_name":"Ghosts","floor":31,"gold_loss":0},{"damage_healed":0,"gold_gain":0,"player_choice":"Max HP","damage_taken":0,"max_hp_gain":0,"max_hp_loss":5,"event_name":"Winding Halls","floor":36,"gold_loss":0},{"damage_healed":0,"gold_gain":0,"player_choice":"Fight","damage_taken":0,"max_hp_gain":0,"max_hp_loss":0,"event_name":"MindBloom","floor":37,"gold_loss":0},{"damage_healed":0,"gold_gain":0,"player_choice":"Memory 1","damage_taken":0,"max_hp_gain":0,"max_hp_loss":0,"event_name":"SensoryStone","floor":46,"gold_loss":0}],"is_beta":false,"boss_relics":[{"not_picked":["Runic Cube","Philosopher\u0027s Stone"],"picked":"Fusion Hammer"},{"not_picked":["Busted Crown","Astrolabe"],"picked":"Black Blood"}],"items_purged_floors":[23,39],"is_endless":false,"potions_floor_spawned":[6,11,22,30,37,38,42,45],"killed_by":"Awakened One","ascension_level":2}