{"path_per_floor":["M","M","$","$","M","R","E","M","T","M","R","?","M","M","R","B",null,"M","?","M","$","?","R","M","R","T","R","?","M","R","M","R","B",null,"M","$","M","$","?","R"],"character_chosen":"IRONCLAD","items_purchased":["Mind Blast","Bottled Tornado","Flame Barrier","Battle Trance","Flex","Pummel"],"gold_per_floor":[119,131,26,26,42,42,73,87,87,99,99,99,114,133,133,228,228,244,244,257,2,2,2,21,21,45,45,78,91,91,107,107,209,209,223,104,120,17,0,0],"floor_reached":41,"campfire_rested":2,"playtime":5128,"current_hp_per_floor":[73,73,73,73,79,79,59,55,55,30,69,57,61,53,53,27,80,80,56,45,45,45,45,51,51,51,51,41,40,40,26,56,52,56,56,56,38,38,38,38],"items_purged":[],"gold":0,"play_id":"c74e9969-15dc-40ab-a06e-2d2eca3870ae","is_prod":false,"is_daily":false,"campfire_rituals":0,"campfire_upgraded":7,"is_hardmode":false,"path_taken":["M","?","?","?","M","R","E","M","T","M","R","?","M","M","R","BOSS","M","?","M","$","?","R","M","R","T","R","?","M","R","M","R","BOSS","M","$","M","$","?","R","E"],"build_version":"2017-12-18-BETA2","purchased_purges":1,"victory":false,"master_deck":["Defend_R","Defend_R","Defend_R","Defend_R","Bash","Searing Blow","Metallicize","Mind Blast","Metallicize","Corruption","Disarm","Evolve","Fiend Fire","Whirlwind","Barricade","Spot Weakness","Bite_R","Bite_R","Bite_R","Bite_R","Bite_R","Shrug It Off","Headbutt","Twin Strike","Body Slam","Metallicize","Impervious","Seeing Red","Flame Barrier","Battle Trance","Flex","Pummel"],"max_hp_per_floor":[80,80,80,80,80,80,80,80,80,80,80,80,80,80,80,80,80,80,56,56,56,56,56,56,56,56,56,56,56,56,56,56,56,56,56,56,56,56,56,56],"relics":["Burning Blood","Regal Pillow","Pen Nib","Frozen Eye","Omamori","Runic Pyramid","Bottled Tornado","Happy Flower","Red Mask","Mark of Pain","Red Mask"],"campfire_meditates":0,"card_choices":[{"not_picked":["Sword Boomerang","Flex"],"picked":"Searing Blow"},{"not_picked":["Anger","Headbutt"],"picked":"Metallicize"},{"not_picked":["Clash","Wild Strike"],"picked":"Metallicize"},{"not_picked":["Warcry","Second Wind"],"picked":"Corruption"},{"not_picked":["Reckless Charge","Searing Blow"],"picked":"Disarm"},{"not_picked":["Dual Wield","Flex"],"picked":"Evolve"},{"not_picked":["Spot Weakness","Armaments"],"picked":"Fiend Fire"},{"not_picked":["Dual Wield","Anger"],"picked":"Whirlwind"},{"not_picked":["Impervious","Bludgeon"],"picked":"Barricade"},{"not_picked":["Iron Wave","Cleave"],"picked":"Spot Weakness"},{"not_picked":["Fire Breathing","Heavy Blade"],"picked":"Shrug It Off"},{"not_picked":["Second Wind","Warcry"],"picked":"Headbutt"},{"not_picked":["Sever Soul","Thunderclap"],"picked":"Twin Strike"},{"not_picked":["Corruption","Dual Wield"],"picked":"Body Slam"},{"not_picked":["Warcry","Infernal Blade"],"picked":"Metallicize"},{"not_picked":["Offering","Limit Break"],"picked":"Impervious"},{"not_picked":["Iron Wave","Clothesline"],"picked":"Seeing Red"}],"player_experience":142270,"potions_floor_usage":[13,16,24,28,29,37,41],"damage_taken":[{"damage":13,"enemies":"Blue Slaver","floor":1,"turns":5},{"damage":6,"enemies":"Jaw Worm","floor":2,"turns":3},{"damage":0,"enemies":"Cultist","floor":5,"turns":2},{"damage":26,"enemies":"Lagavulin","floor":7,"turns":8},{"damage":10,"enemies":"2 Fungi Beasts","floor":8,"turns":4},{"damage":31,"enemies":"Exordium Thugs","floor":10,"turns":5},{"damage":2,"enemies":"Large Slime","floor":13,"turns":5},{"damage":14,"enemies":"3 Louse","floor":14,"turns":3},{"damage":47,"enemies":"Slime Boss","floor":16,"turns":15},{"damage":2,"enemies":"Spheric Guardian","floor":18,"turns":3},{"damage":25,"enemies":"2 Thieves","floor":20,"turns":4},{"damage":4,"enemies":"Snake Plant","floor":24,"turns":5},{"damage":22,"enemies":"Masked Bandits","floor":28,"turns":4},{"damage":9,"enemies":"Snecko","floor":29,"turns":3},{"damage":22,"enemies":"3 Cultists","floor":31,"turns":6},{"damage":22,"enemies":"Collector","floor":33,"turns":9},{"damage":6,"enemies":"3 Shapes","floor":35,"turns":5},{"damage":24,"enemies":"3 Darklings","floor":37,"turns":4},{"damage":54,"enemies":"Giant Head","floor":41,"turns":8}],"event_choices":[{"event_name":"Scrap Ooze","player_choice":"success","floor":12,"damage_taken":12},{"event_name":"Vampires","player_choice":"Became a vampire","floor":19,"damage_taken":0},{"event_name":"Back to Basics","player_choice":"Simplicity","floor":22,"damage_taken":0},{"event_name":"Masked Bandits","player_choice":"Fought over 45 gold","floor":28,"damage_taken":0},{"event_name":"Tomb of Lord Red Mask","player_choice":"Paid","floor":39,"damage_taken":0}],"boss_relics":[{"not_picked":["Calling Bell","Ectoplasm"],"picked":"Runic Pyramid"},{"not_picked":["Snecko Eye","Lizard Tail"],"picked":"Mark of Pain"}],"potions_floor_spawned":[5,7,10,20,24,28,31,35],"seed_played":"-3765614545779141136","killed_by":"Giant Head","is_trial":false}