{"gold_per_floor":[14,25,25,41,41,41,68,68,68,86,117,117,131,131,131,131],"floor_reached":16,"playtime":528,"items_purged":[],"score":154,"play_id":"63d68360-8850-416b-a209-39ffbae428c0","local_time":"20180819203309","is_ascension_mode":true,"campfire_choices":[{"data":"Zap","floor":6,"key":"SMITH"},{"floor":8,"key":"REST"},{"floor":12,"key":"REST"},{"floor":15,"key":"REST"}],"neow_cost":"NO_GOLD","seed_source_timestamp":265025362021311,"circlet_count":0,"master_deck":["Strike_B","Strike_B","Strike_B","Strike_B","Defend_B","Defend_B","Defend_B","Defend_B","Zap+1","Dualcast","BootSequence","Barrage","Redo","Go for the Eyes","Reprogram","FTL","Core Surge"],"relics":["Cracked Core","Unceasing Top","Meat on the Bone","Ornamental Fan","Cables","Centennial Puzzle","Golden Idol"],"potions_floor_usage":[7,16,16],"damage_taken":[{"damage":1,"enemies":"2 Louse","floor":1,"turns":2},{"damage":0,"enemies":"Jaw Worm","floor":2,"turns":3},{"damage":1,"enemies":"Cultist","floor":4,"turns":4},{"damage":50,"enemies":"Gremlin Nob","floor":7,"turns":6},{"damage":0,"enemies":"3 Louse","floor":10,"turns":3},{"damage":31,"enemies":"3 Sentries","floor":11,"turns":7},{"damage":7,"enemies":"Exordium Thugs","floor":13,"turns":4},{"damage":44,"enemies":"Hexaghost","floor":16,"turns":9}],"seed_played":"2287306124472794737","potions_obtained":[{"floor":2,"key":"Block Potion"},{"floor":4,"key":"Ancient Potion"},{"floor":7,"key":"AttackPotion"},{"floor":11,"key":"Dexterity Potion"}],"is_trial":false,"path_per_floor":["M","M","?","M","?","R","E","R","T","M","E","R","M","?","R"],"character_chosen":"DEFECT","items_purchased":[],"campfire_rested":3,"item_purchase_floors":[],"current_hp_per_floor":[67,67,60,59,59,59,21,43,43,43,24,46,39,21,43,0],"gold":131,"neow_bonus":"ONE_RARE_RELIC","is_prod":false,"is_daily":false,"chose_seed":false,"campfire_upgraded":1,"win_rate":0,"timestamp":1534725189,"path_taken":["M","M","?","?","?","R","E","R","T","M","E","R","M","?","R","BOSS"],"build_version":"2018-08-16","purchased_purges":0,"victory":false,"max_hp_per_floor":[75,75,75,75,75,75,75,75,75,75,75,75,75,75,75,75],"card_choices":[{"not_picked":["Cold Snap","Reinforced Body"],"picked":"BootSequence","floor":1},{"not_picked":["Heatsinks","Storm"],"picked":"Barrage","floor":2},{"not_picked":["Consume","Auto Shields","Force Field"],"picked":"SKIP","floor":4},{"not_picked":["Hello World","Lockon"],"picked":"Go for the Eyes","floor":7},{"not_picked":["Redo","Leap"],"picked":"Reprogram","floor":10},{"not_picked":["Conserve Battery","Consume"],"picked":"FTL","floor":11},{"not_picked":["Turbo","Stack"],"picked":"Core Surge","floor":13}],"player_experience":822601,"relics_obtained":[{"floor":7,"key":"Ornamental Fan"},{"floor":9,"key":"Cables"},{"floor":11,"key":"Centennial Puzzle"}],"event_choices":[{"event_name":"Scrap Ooze","player_choice":"success","floor":3,"damage_taken":7},{"event_name":"Match and Keep!","player_choice":"1 cards matched","floor":5,"damage_taken":0},{"event_name":"Golden Idol","player_choice":"Take Damage","floor":14,"damage_taken":0}],"is_beta":true,"boss_relics":[],"items_purged_floors":[],"is_endless":false,"potions_floor_spawned":[2,4,7,11],"killed_by":"Hexaghost","ascension_level":8}