{"gold_per_floor":[113,113,35,47,47,76,76,104,130,130,150,161,40,55,55,157,157,168,179,193,193],"floor_reached":21,"playtime":1358,"items_purged":["Strike_G"],"score":259,"play_id":"118f265a-9c34-4870-b673-98c54a3c0fa4","local_time":"20190811130648","is_ascension_mode":true,"campfire_choices":[{"data":"Noxious Fumes","floor":7.0,"key":"SMITH"},{"data":"Footwork","floor":10.0,"key":"SMITH"},{"floor":15.0,"key":"REST"}],"neow_cost":"NONE","seed_source_timestamp":6407789100700,"circlet_count":0,"master_deck":["Strike_G","Strike_G","Strike_G","Strike_G","Defend_G","Defend_G","Defend_G","Defend_G","Defend_G","Survivor","Neutralize","Footwork+1","Noxious Fumes+1","Cloak And Dagger","After Image","Blur","Backstab","Deadly Poison","Footwork","Corpse Explosion","Well Laid Plans","PiercingWail","Backflip+1"],"special_seed":0,"relics":["Ring of the Serpent","NeowsBlessing","Boot","Shuriken","Dream Catcher"],"potions_floor_usage":[18,19,20,21],"damage_taken":[{"damage":0.0,"enemies":"Jaw Worm","floor":1.0,"turns":1.0},{"damage":0.0,"enemies":"Cultist","floor":4.0,"turns":1.0},{"damage":0.0,"enemies":"3 Sentries","floor":6.0,"turns":2.0},{"damage":20.0,"enemies":"Lagavulin","floor":8.0,"turns":6.0},{"damage":0.0,"enemies":"2 Louse","floor":11.0,"turns":3.0},{"damage":3.0,"enemies":"Large Slime","floor":12.0,"turns":8.0},{"damage":1.0,"enemies":"3 Louse","floor":14.0,"turns":3.0},{"damage":19.0,"enemies":"Hexaghost","floor":16.0,"turns":12.0},{"damage":0,"enemies":"Chosen","floor":18,"turns":6},{"damage":29,"enemies":"2 Thieves","floor":19,"turns":4},{"damage":24,"enemies":"Shelled Parasite and Fungi","floor":20,"turns":9},{"damage":0,"enemies":"Cultist and Chosen","floor":21,"turns":2}],"seed_played":"4861109077523839474","potions_obtained":[{"floor":1.0,"key":"FearPotion"},{"floor":2.0,"key":"EssenceOfSteel"},{"floor":2.0,"key":"Fire Potion"},{"floor":8.0,"key":"FearPotion"},{"floor":11.0,"key":"GamblersBrew"},{"floor":19,"key":"SpeedPotion"},{"floor":20,"key":"GamblersBrew"}],"is_trial":false,"path_per_floor":["M","?","$","M","$","E","R","E","T","R","M","M","$","M","R","B",null,"M","M","M","M"],"character_chosen":"THE_SILENT","items_purchased":["Noxious Fumes","Deadly Poison"],"campfire_rested":1,"item_purchase_floors":[3,13],"current_hp_per_floor":[70,70,70,70,70,70,70,50,50,50,50,47,47,46,67,48,70,70,41,17,17],"gold":193,"neow_bonus":"THREE_ENEMY_KILL","is_prod":false,"is_daily":false,"chose_seed":false,"campfire_upgraded":2,"win_rate":0,"timestamp":1565525208,"path_taken":["M","?","?","M","$","E","R","E","T","R","?","M","$","M","R","BOSS","M","M","M","M"],"build_version":"2019-07-17","purchased_purges":1,"victory":false,"max_hp_per_floor":[70,70,70,70,70,70,70,70,70,70,70,70,70,70,70,70,70,70,70,70,70],"card_choices":[{"not_picked":["Sucker Punch","Blur"],"picked":"Footwork","floor":1.0},{"not_picked":["Outmaneuver","Bane"],"picked":"Cloak And Dagger","floor":4.0},{"not_picked":["Wraith Form v2","Dagger Throw","Terror"],"picked":"SKIP","floor":6.0},{"not_picked":["Reflex","Tactician"],"picked":"After Image","floor":8.0},{"not_picked":["Dodge and Roll","Prepared"],"picked":"Blur","floor":11.0},{"not_picked":["Outmaneuver","Eviscerate"],"picked":"Backstab","floor":12.0},{"not_picked":["Riddle With Holes","Terror","Poisoned Stab"],"picked":"SKIP","floor":14.0},{"not_picked":["Backflip","Slice"],"picked":"Footwork","floor":15.0},{"not_picked":["Doppelganger","Die Die Die"],"picked":"Corpse Explosion","floor":16.0},{"not_picked":["Deadly Poison","Sucker Punch"],"picked":"Well Laid Plans","floor":18},{"not_picked":["Dagger Spray","Eviscerate+1"],"picked":"PiercingWail","floor":19},{"not_picked":["Deflect+1","PiercingWail"],"picked":"Backflip+1","floor":20}],"player_experience":120855,"relics_obtained":[{"floor":6.0,"key":"Boot"},{"floor":8.0,"key":"Shuriken"},{"floor":9.0,"key":"Dream Catcher"}],"event_choices":[{"damage_healed":0.0,"max_hp_gain":0.0,"max_hp_loss":0.0,"gold_gain":0.0,"event_name":"Lab","player_choice":"Got Potions","floor":2.0,"gold_loss":0.0,"damage_taken":0.0}],"is_beta":false,"boss_relics":[{"not_picked":["Fusion Hammer","Calling Bell"],"picked":"Ring of the Serpent"}],"items_purged_floors":[13],"is_endless":false,"potions_floor_spawned":[1,6,8,11,19,20],"killed_by":"Cultist and Chosen","ascension_level":4}