{"gold_per_floor":[110,110,124,199,211,211,236,9,35,35,65,82,82,95,95,221,221,239,154,168,168,189,189,232,247,273,293,293,329,329,329,329,329],"floor_reached":33,"playtime":1067,"items_purged":["Strike_R"],"score":497,"play_id":"61bb08a8-5a5c-4535-a5cd-8010e0ecefa1","local_time":"20181028214309","is_ascension_mode":true,"campfire_choices":[{"data":"Bludgeon","floor":6,"key":"SMITH"},{"data":"Bash","floor":10,"key":"SMITH"},{"floor":15,"key":"REST"},{"data":"Spot Weakness","floor":23,"key":"SMITH"},{"floor":28,"key":"REST"},{"data":"Limit Break","floor":32,"key":"SMITH"}],"neow_cost":"NONE","seed_source_timestamp":1645839784644538,"circlet_count":0,"master_deck":["Defend_R","Defend_R","Defend_R","Defend_R","Bash+1","AscendersBane","Bludgeon+1","Flame Barrier","Limit Break+1","Pummel","Heavy Blade","Spot Weakness+1","Offering","Heavy Blade","Bite","Bite","Bite","Bite","Bite","Twin Strike+1","Spot Weakness","Battle Trance+1","Double Tap"],"relics":["Burning Blood","Bag of Marbles","Vajra","Boot","Omamori","Golden Idol","Sozu","Strawberry","Regal Pillow","Smiling Mask","Blue Candle","MutagenicStrength"],"potions_floor_usage":[7,16],"damage_taken":[{"damage":5,"enemies":"2 Louse","floor":1,"turns":4},{"damage":6,"enemies":"Cultist","floor":3,"turns":3},{"damage":6,"enemies":"Small Slimes","floor":5,"turns":3},{"damage":11,"enemies":"3 Sentries","floor":7,"turns":6},{"damage":23,"enemies":"Lagavulin","floor":11,"turns":5},{"damage":1,"enemies":"Blue Slaver","floor":12,"turns":2},{"damage":3,"enemies":"Large Slime","floor":14,"turns":5},{"damage":33,"enemies":"The Guardian","floor":16,"turns":6},{"damage":24,"enemies":"2 Thieves","floor":18,"turns":3},{"damage":0,"enemies":"3 Byrds","floor":20,"turns":3},{"damage":12,"enemies":"Snake Plant","floor":22,"turns":2},{"damage":50,"enemies":"Slavers","floor":24,"turns":4},{"damage":7,"enemies":"3 Cultists","floor":25,"turns":4},{"damage":6,"enemies":"Centurion and Healer","floor":27,"turns":2},{"damage":33,"enemies":"Book of Stabbing","floor":29,"turns":3},{"damage":112,"enemies":"Automaton","floor":33,"turns":6}],"seed_played":"5780504798265961456","potions_obtained":[{"floor":1,"key":"SpeedPotion"},{"floor":5,"key":"Explosive Potion"},{"floor":7,"key":"LiquidBronze"},{"floor":12,"key":"PowerPotion"}],"is_trial":false,"path_per_floor":["M","?","M","?","M","R","E","$","T","R","E","M","?","M","R","B",null,"M","?","M","?","M","R","E","M","T","M","R","E","?","?","R"],"character_chosen":"IRONCLAD","items_purchased":["Vajra"],"campfire_rested":2,"item_purchase_floors":[8],"current_hp_per_floor":[73,73,73,62,62,62,57,57,57,57,40,45,25,28,52,25,66,48,55,61,60,54,54,16,23,23,25,58,37,57,57,57,0],"gold":329,"neow_bonus":"ONE_RANDOM_RARE_CARD","is_prod":false,"is_daily":false,"chose_seed":false,"campfire_upgraded":4,"win_rate":0,"timestamp":1540777389,"path_taken":["M","?","?","?","M","R","E","$","T","R","E","?","?","?","R","BOSS","M","?","M","?","M","R","E","M","T","M","R","E","?","?","R","BOSS"],"build_version":"2018-10-25v2","purchased_purges":1,"victory":false,"max_hp_per_floor":[80,80,80,80,80,80,80,80,80,80,80,80,80,80,80,80,80,80,87,87,60,60,60,60,60,60,60,60,60,60,60,60,60],"card_choices":[{"not_picked":["Burning Pact","Armaments"],"picked":"Flame Barrier","floor":1},{"not_picked":["Clash","Warcry"],"picked":"Pummel","floor":3},{"not_picked":["Havoc","Cleave","Wild Strike"],"picked":"SKIP","floor":5},{"not_picked":["Shrug It Off","Twin Strike"],"picked":"Heavy Blade","floor":7},{"not_picked":["Metallicize","Dual Wield"],"picked":"Spot Weakness","floor":11},{"not_picked":["Pommel Strike","Flex","Anger"],"picked":"SKIP","floor":12},{"not_picked":["Flex","Thunderclap","Clothesline"],"picked":"SKIP","floor":14},{"not_picked":["Impervious","Exhume"],"picked":"Offering","floor":16},{"not_picked":["Anger+1","Armaments","Havoc"],"picked":"SKIP","floor":18},{"not_picked":["True Grit","Body Slam"],"picked":"Heavy Blade","floor":20},{"not_picked":["Pommel Strike+1","Flex"],"picked":"Twin Strike+1","floor":22},{"not_picked":["Uppercut","Perfected Strike","Reckless Charge"],"picked":"SKIP","floor":24},{"not_picked":["Rampage","Dual Wield"],"picked":"Spot Weakness","floor":25},{"not_picked":["Entrench","Heavy Blade"],"picked":"Battle Trance+1","floor":27},{"not_picked":["Sword Boomerang","True Grit"],"picked":"Double Tap","floor":29}],"player_experience":866378,"relics_obtained":[{"floor":7,"key":"Bag of Marbles"},{"floor":9,"key":"Boot"},{"floor":11,"key":"Omamori"},{"floor":24,"key":"Regal Pillow"},{"floor":26,"key":"Smiling Mask"},{"floor":29,"key":"Blue Candle"}],"event_choices":[{"damage_healed":0,"gold_gain":0,"player_choice":"1 cards matched","damage_taken":0,"max_hp_gain":0,"max_hp_loss":0,"event_name":"Match and Keep!","floor":2,"gold_loss":0,"cards_obtained":["Limit Break"]},{"damage_healed":0,"gold_gain":75,"player_choice":"Gather Gold","damage_taken":11,"max_hp_gain":0,"max_hp_loss":0,"event_name":"World of Goop","floor":4,"gold_loss":0},{"damage_healed":0,"gold_gain":0,"player_choice":"Take Damage","damage_taken":20,"relics_obtained":["Golden Idol"],"max_hp_gain":0,"max_hp_loss":0,"event_name":"Golden Idol","floor":13,"gold_loss":0},{"damage_healed":0,"gold_gain":0,"player_choice":"Obtained Relic","damage_taken":0,"relics_obtained":["Strawberry"],"max_hp_gain":0,"max_hp_loss":0,"event_name":"Addict","floor":19,"gold_loss":85},{"damage_healed":0,"gold_gain":0,"player_choice":"Became a vampire","damage_taken":0,"max_hp_gain":0,"max_hp_loss":27,"event_name":"Vampires","floor":21,"gold_loss":0,"cards_obtained":["Bite","Bite","Bite","Bite","Bite"]},{"damage_healed":20,"gold_gain":0,"player_choice":"Heal","damage_taken":0,"max_hp_gain":0,"max_hp_loss":0,"event_name":"The Library","floor":30,"gold_loss":0},{"damage_healed":0,"gold_gain":0,"player_choice":"Inject Mutagens","damage_taken":0,"relics_obtained":["MutagenicStrength"],"max_hp_gain":0,"max_hp_loss":0,"event_name":"Drug Dealer","floor":31,"gold_loss":0}],"is_beta":true,"boss_relics":[{"not_picked":["Ectoplasm","Empty Cage"],"picked":"Sozu"}],"items_purged_floors":[8],"is_endless":false,"potions_floor_spawned":[1,5,7,12,18,22,27,29],"killed_by":"Automaton","ascension_level":12}