{"gold_per_floor":[113,113,38,38,38,71,82,82,82,109,109,136,148,163,163,236,236,246,230,330,330,21,21],"floor_reached":23,"playtime":996,"items_purged":["Strike_G","Strike_G"],"score":465,"play_id":"1014e836-7518-47a5-bf6f-906a3e4a9043","local_time":"20190503004422","is_ascension_mode":true,"campfire_choices":[{"data":"Noxious Fumes","floor":8,"key":"SMITH"},{"floor":11,"key":"REST"},{"data":"Malaise","floor":15,"key":"SMITH"}],"neow_cost":"NONE","seed_source_timestamp":187827827665375,"circlet_count":0,"master_deck":["AscendersBane","Defend_G","Defend_G","Defend_G","Defend_G","Defend_G","Strike_G","Strike_G","Strike_G","Survivor","Neutralize+1","Dagger Throw","Neutralize+1","Malaise+1","Noxious Fumes+1","Poisoned Stab","Well Laid Plans","Deadly Poison","Wraith Form v2","Quick Slash","Bane","PiercingWail"],"relics":["Ring of the Snake","Bag of Marbles","Kunai","Smiling Mask","The Courier","Black Star","Incense Burner","Gremlin Horn","TwistedFunnel"],"potions_floor_usage":[12,20,23,23],"damage_taken":[{"damage":4,"enemies":"Small Slimes","floor":1,"turns":5},{"damage":51,"enemies":"3 Sentries","floor":6,"turns":17},{"damage":0,"enemies":"Cultist","floor":7,"turns":4},{"damage":0,"enemies":"Lagavulin","floor":10,"turns":8},{"damage":17,"enemies":"3 Sentries","floor":12,"turns":7},{"damage":0,"enemies":"2 Louse","floor":13,"turns":3},{"damage":0,"enemies":"Red Slaver","floor":14,"turns":3},{"damage":0,"enemies":"The Guardian","floor":16,"turns":9},{"damage":7,"enemies":"Shell Parasite","floor":18,"turns":6},{"damage":8,"enemies":"2 Thieves","floor":19,"turns":4},{"damage":15,"enemies":"Colosseum Slavers","floor":20,"turns":7},{"damage":29,"enemies":"Colosseum Nobs","floor":20,"turns":7},{"damage":21,"enemies":"Book of Stabbing","floor":23,"turns":7}],"seed_played":"-8465995839023583717","potions_obtained":[{"floor":7,"key":"Block Potion"},{"floor":10,"key":"AttackPotion"},{"floor":14,"key":"Energy Potion"},{"floor":16,"key":"AttackPotion"},{"floor":20,"key":"Poison Potion"},{"floor":21,"key":"SkillPotion"}],"is_trial":false,"path_per_floor":["M","?","$","?","?","E","M","R","T","E","R","E","M","M","R","B",null,"M","M","?","?","$","E"],"character_chosen":"THE_SILENT","items_purchased":["TwistedFunnel","Regen Potion","PiercingWail"],"campfire_rested":1,"item_purchase_floors":[22,22,22],"current_hp_per_floor":[66,66,66,66,66,15,15,15,15,15,38,21,21,21,21,21,63,56,48,4,4,4,0],"gold":21,"neow_bonus":"TEN_PERCENT_HP_BONUS","is_prod":false,"is_daily":false,"chose_seed":false,"campfire_upgraded":2,"win_rate":0,"timestamp":1556865862,"path_taken":["M","?","?","?","?","E","M","R","T","E","R","E","M","M","R","BOSS","M","M","?","?","$","E"],"build_version":"2019-01-23","purchased_purges":2,"victory":false,"max_hp_per_floor":[77,77,77,77,77,77,77,77,77,77,77,77,77,77,77,77,77,77,77,77,77,77,77],"card_choices":[{"not_picked":["Slice","Acrobatics"],"picked":"Dagger Throw","floor":1},{"not_picked":["Catalyst","Deflect"],"picked":"Noxious Fumes","floor":6},{"not_picked":["Cloak And Dagger","PiercingWail"],"picked":"Poisoned Stab","floor":7},{"not_picked":["Bouncing Flask","Flechettes"],"picked":"Well Laid Plans","floor":10},{"not_picked":["Choke","Sucker Punch","Underhanded Strike"],"picked":"SKIP","floor":12},{"not_picked":["Slice","Finisher","Sucker Punch"],"picked":"SKIP","floor":13},{"not_picked":["Deflect","Flying Knee"],"picked":"Deadly Poison","floor":14},{"not_picked":["Unload","Storm of Steel"],"picked":"Wraith Form v2","floor":16},{"not_picked":["Masterful Stab","Reflex","Concentrate+1"],"picked":"SKIP","floor":18},{"not_picked":["Slice","Deadly Poison"],"picked":"Quick Slash","floor":19},{"not_picked":["All Out Attack","Predator"],"picked":"Bane","floor":20}],"player_experience":553215,"relics_obtained":[{"floor":6,"key":"Bag of Marbles"},{"floor":9,"key":"Kunai"},{"floor":10,"key":"Smiling Mask"},{"floor":12,"key":"The Courier"},{"floor":20,"key":"Incense Burner"},{"floor":20,"key":"Gremlin Horn"}],"event_choices":[{"damage_healed":0,"gold_gain":0,"player_choice":"2 cards matched","damage_taken":0,"max_hp_gain":0,"max_hp_loss":0,"event_name":"Match and Keep!","floor":2,"gold_loss":0,"cards_obtained":["Neutralize","Malaise"]},{"damage_healed":0,"gold_gain":0,"player_choice":"Grow","damage_taken":0,"max_hp_gain":0,"max_hp_loss":0,"event_name":"Living Wall","floor":4,"gold_loss":0,"cards_upgraded":["Neutralize"]},{"damage_healed":0,"gold_gain":0,"player_choice":"Upgraded","damage_taken":0,"max_hp_gain":0,"max_hp_loss":0,"event_name":"Upgrade Shrine","floor":5,"gold_loss":0,"cards_upgraded":["Neutralize"]},{"damage_healed":0,"gold_gain":0,"player_choice":"Fight","damage_taken":0,"max_hp_gain":0,"max_hp_loss":0,"event_name":"Colosseum","floor":20,"gold_loss":0},{"damage_healed":0,"gold_gain":0,"player_choice":"Fought Nobs","damage_taken":0,"max_hp_gain":0,"max_hp_loss":0,"event_name":"Colosseum","floor":20,"gold_loss":0},{"damage_healed":0,"gold_gain":0,"player_choice":"Got Potions","damage_taken":0,"max_hp_gain":0,"max_hp_loss":0,"event_name":"Lab","floor":21,"gold_loss":0}],"is_beta":false,"boss_relics":[{"not_picked":["Runic Dome","Tiny House"],"picked":"Black Star"}],"items_purged_floors":[3,22],"is_endless":false,"potions_floor_spawned":[7,10,14,16,20,20],"killed_by":"Book of Stabbing","ascension_level":13}