{"gold_per_floor":[10,10,10,20,120,120,134,134,181,211,228,228,238,567,567,567],"floor_reached":16,"playtime":593,"items_purged":[],"score":110,"play_id":"2dc5ead0-0cc9-42f7-b18c-207afa77f6be","local_time":"20190606185946","is_ascension_mode":false,"campfire_choices":[{"data":"Bash","floor":6.0,"key":"SMITH"},{"data":"Pommel Strike","floor":8.0,"key":"SMITH"},{"data":"Perfected Strike","floor":15.0,"key":"SMITH"}],"neow_cost":"NO_GOLD","seed_source_timestamp":971635800041500,"circlet_count":0,"master_deck":["Strike_R","Strike_R","Strike_R+1","Strike_R+1","Defend_R","Defend_R","Defend_R","Defend_R","Bash+1","Pommel Strike+1","Headbutt","Perfected Strike+1"],"special_seed":0,"relics":["Burning Blood","Gambling Chip","Strawberry","Meat on the Bone","Old Coin"],"potions_floor_usage":[16],"damage_taken":[{"damage":11.0,"enemies":"Jaw Worm","floor":1.0,"turns":2.0},{"damage":3.0,"enemies":"Small Slimes","floor":4.0,"turns":3.0},{"damage":7.0,"enemies":"2 Louse","floor":7.0,"turns":2.0},{"damage":30.0,"enemies":"3 Sentries","floor":10.0,"turns":10.0},{"damage":15.0,"enemies":"Lots of Slimes","floor":11.0,"turns":4.0},{"damage":9.0,"enemies":"2 Fungi Beasts","floor":13.0,"turns":4.0},{"damage":36.0,"enemies":"Lagavulin","floor":14.0,"turns":4.0},{"damage":32,"enemies":"Hexaghost","floor":16,"turns":8}],"seed_played":"1821139790492871507","potions_obtained":[{"floor":7.0,"key":"SkillPotion"},{"floor":14.0,"key":"AttackPotion"}],"is_trial":false,"path_per_floor":["M","?","?","M","?","R","M","R","T","E","M","?","M","E","R","B"],"character_chosen":"IRONCLAD","items_purchased":[],"campfire_rested":0,"item_purchase_floors":[],"current_hp_per_floor":[75,59,52,55,55,55,54,54,61,37,40,40,49,31,31,0],"gold":567,"neow_bonus":"ONE_RARE_RELIC","is_prod":false,"is_daily":false,"chose_seed":false,"campfire_upgraded":3,"win_rate":0,"timestamp":1559872786,"path_taken":["M","?","?","M","?","R","?","R","T","E","M","?","M","E","R","BOSS"],"build_version":"2019-01-23","purchased_purges":0,"victory":false,"max_hp_per_floor":[80,80,80,80,80,80,80,80,87,87,87,87,87,87,87,87],"card_choices":[{"not_picked":["Armaments","Evolve","Shockwave"],"picked":"SKIP","floor":1.0},{"not_picked":["Searing Blow","Thunderclap","Reckless Charge"],"picked":"SKIP","floor":4.0},{"not_picked":["Uppercut","Second Wind"],"picked":"Pommel Strike","floor":7.0},{"not_picked":["Sword Boomerang","Thunderclap","Burning Pact"],"picked":"SKIP","floor":10.0},{"not_picked":["Armaments","Cleave"],"picked":"Headbutt","floor":11.0},{"not_picked":["Rage","Iron Wave"],"picked":"Perfected Strike","floor":13.0},{"not_picked":["Sever Soul","Seeing Red","Feel No Pain"],"picked":"SKIP","floor":14.0}],"player_experience":1277778,"relics_obtained":[{"floor":9.0,"key":"Strawberry"},{"floor":10.0,"key":"Meat on the Bone"},{"floor":14.0,"key":"Old Coin"}],"event_choices":[{"damage_healed":0.0,"max_hp_gain":0.0,"max_hp_loss":0.0,"gold_gain":0.0,"event_name":"Shining Light","player_choice":"Entered Light","floor":2.0,"gold_loss":0.0,"damage_taken":16.0,"cards_upgraded":["Strike_R","Strike_R"]},{"cards_removed":["Strike_R"],"damage_healed":0.0,"max_hp_gain":0.0,"max_hp_loss":0.0,"gold_gain":0.0,"event_name":"Golden Wing","player_choice":"Card Removal","floor":3.0,"gold_loss":0.0,"damage_taken":7.0},{"damage_healed":0.0,"max_hp_gain":0.0,"max_hp_loss":0.0,"gold_gain":100.0,"event_name":"Golden Shrine","player_choice":"Pray","floor":5.0,"gold_loss":0.0,"damage_taken":0.0},{"damage_healed":0.0,"max_hp_gain":0.0,"max_hp_loss":0.0,"gold_gain":0.0,"event_name":"NoteForYourself","player_choice":"Ignored","floor":12.0,"gold_loss":0.0,"damage_taken":0.0}],"is_beta":false,"boss_relics":[],"items_purged_floors":[],"is_endless":false,"potions_floor_spawned":[7,14],"killed_by":"Hexaghost","ascension_level":0}