{"gold_per_floor":[113,124,140,156,156,185,185,220,247,261,211,181,200,129,129,228,228,241,261,261,261,281,281,292,306,306,229,229,247,263,282,282,377,377,391,391,445,465,168,168,180,210,236,248,267,267,278,278,278,278],"floor_reached":51,"playtime":6185,"items_purged":[],"score":727,"play_id":"726e1025-718a-4f59-9bc8-28cea3060c45","local_time":"20180715113747","is_ascension_mode":true,"campfire_choices":[{"data":"Bash","floor":7.0,"key":"SMITH"},{"data":"Spot Weakness","floor":15.0,"key":"SMITH"},{"data":"Corruption","floor":23.0,"key":"SMITH"},{"floor":28.0,"key":"REST"},{"floor":32.0,"key":"REST"},{"floor":40.0,"key":"REST"},{"floor":46,"key":"REST"},{"floor":49,"key":"REST"}],"neow_cost":"NONE","seed_source_timestamp":0,"circlet_count":0,"master_deck":["Strike_R+1","Strike_R+1","Defend_R","Defend_R","Defend_R","Bash+1","Shrug It Off","Metallicize","Iron Wave+1","Warcry","Twin Strike","Feel No Pain","Iron Wave","Spot Weakness+1","Juggernaut","Armaments","Sword Boomerang","Corruption+1","Flex","True Grit","Shrug It Off","J.A.X.","Anger+1","Pommel Strike","Warcry","Demon Form","Limit Break+1","Rupture+1","Pommel Strike+1","Combust+1","Clothesline+1","Iron Wave+1","Blind","Uppercut+1","Cleave+1"],"special_seed":0,"relics":["Burning Blood","Whetstone","Oddly Smooth Stone","Omamori","Velvet Choker","Shuriken","Astrolabe","Peace Pipe","HandDrill","Boot","Bronze Scales"],"potions_floor_usage":[44,47,50],"damage_taken":[{"damage":1.0,"enemies":"Cultist","floor":1.0,"turns":3.0},{"damage":9.0,"enemies":"Jaw Worm","floor":2.0,"turns":7.0},{"damage":0.0,"enemies":"Small Slimes","floor":3.0,"turns":5.0},{"damage":5.0,"enemies":"3 Louse","floor":4.0,"turns":7.0},{"damage":16.0,"enemies":"Gremlin Nob","floor":6.0,"turns":5.0},{"damage":3.0,"enemies":"3 Sentries","floor":8.0,"turns":10.0},{"damage":6.0,"enemies":"Looter","floor":10.0,"turns":4.0},{"damage":0.0,"enemies":"2 Fungi Beasts","floor":13.0,"turns":4.0},{"damage":9.0,"enemies":"Slime Boss","floor":16.0,"turns":10.0},{"damage":6.0,"enemies":"Shell Parasite","floor":18.0,"turns":4.0},{"damage":13.0,"enemies":"Chosen","floor":19.0,"turns":5.0},{"damage":21.0,"enemies":"3 Cultists","floor":22.0,"turns":6.0},{"damage":25.0,"enemies":"Snake Plant","floor":24.0,"turns":5.0},{"damage":26.0,"enemies":"Slaver and Parasite","floor":25.0,"turns":5.0},{"damage":0.0,"enemies":"Snecko","floor":29.0,"turns":4.0},{"damage":15.0,"enemies":"Snake Plant","floor":30.0,"turns":4.0},{"damage":9.0,"enemies":"3 Cultists","floor":31.0,"turns":5.0},{"damage":53.0,"enemies":"Collector","floor":33.0,"turns":9.0},{"damage":19.0,"enemies":"Orb Walker","floor":35.0,"turns":4.0},{"damage":43.0,"floor":37.0,"turns":5.0},{"damage":3.0,"enemies":"3 Shapes","floor":38.0,"turns":6.0},{"damage":17.0,"enemies":"Maw","floor":41.0,"turns":7.0},{"damage":9.0,"enemies":"Giant Head","floor":42.0,"turns":7.0},{"damage":21,"enemies":"Flame Bruiser 2 Orb","floor":44,"turns":5},{"damage":23,"enemies":"Sphere and 2 Shapes","floor":45,"turns":7},{"damage":11,"enemies":"Spire Growth","floor":47,"turns":6},{"damage":72,"enemies":"Time Eater","floor":50,"turns":10}],"seed_played":"7766635029451517735","potions_obtained":[{"floor":2.0,"key":"SteroidPotion"},{"floor":4.0,"key":"Dexterity Potion"},{"floor":8.0,"key":"Strength Potion"},{"floor":12.0,"key":"GamblersBrew"},{"floor":12.0,"key":"BloodPotion"},{"floor":13.0,"key":"Block Potion"},{"floor":16.0,"key":"Weak Potion"},{"floor":18.0,"key":"Poison Potion"},{"floor":25.0,"key":"Block Potion"},{"floor":29.0,"key":"PowerPotion"},{"floor":33.0,"key":"AttackPotion"},{"floor":37.0,"key":"Ancient Potion"},{"floor":38.0,"key":"EssenceOfSteel"},{"floor":42.0,"key":"SteroidPotion"},{"floor":47,"key":"Regen Potion"}],"is_trial":false,"path_per_floor":["M","M","M","M","?","E","R","E","T","M","?","?","M","$","R","B",null,"M","M","?","?","M","R","M","M","T","?","R","M","M","M","R","B",null,"M","?","?","M","$","R","M","E","T","M","M","R","M","?","R","B"],"character_chosen":"IRONCLAD","items_purchased":["Spot Weakness","HandDrill","Blind"],"campfire_rested":5,"item_purchase_floors":[14,39,39],"current_hp_per_floor":[80,77,80,80,80,70,70,73,73,73,73,73,79,79,79,76,80,80,73,73,73,58,58,39,19,19,19,43,49,40,37,61,14,80,71,71,34,37,37,61,50,47,47,32,15,39,34,54,78,27],"gold":278,"neow_bonus":"THREE_CARDS","is_prod":false,"is_daily":false,"chose_seed":false,"campfire_upgraded":3,"win_rate":0,"timestamp":1531679867,"path_taken":["M","?","?","M","?","E","R","E","T","M","?","?","M","?","R","BOSS","M","M","?","?","?","R","M","M","T","?","R","M","?","M","R","BOSS","M","?","?","M","$","R","?","E","T","M","M","R","M","?","R","BOSS"],"build_version":"2018-07-12","purchased_purges":0,"victory":true,"max_hp_per_floor":[80,80,80,80,80,80,80,80,80,80,80,80,80,80,80,80,80,80,80,80,80,80,80,80,80,80,80,80,80,80,80,80,80,80,80,80,80,80,80,80,80,80,80,80,80,80,80,80,80,80],"card_choices":[{"not_picked":["True Grit","Searing Blow"],"picked":"Shrug It Off","floor":0.0},{"not_picked":["Perfected Strike","Power Through","Shrug It Off"],"picked":"SKIP","floor":1.0},{"not_picked":["Searing Blow","Bloodletting"],"picked":"Metallicize","floor":2.0},{"not_picked":["Flame Barrier","Uppercut"],"picked":"Iron Wave","floor":3.0},{"not_picked":["Perfected Strike","Heavy Blade"],"picked":"Warcry","floor":4.0},{"not_picked":["Second Wind","Seeing Red"],"picked":"Twin Strike","floor":6.0},{"not_picked":["Barricade","Sword Boomerang"],"picked":"Feel No Pain","floor":8.0},{"not_picked":["Clash","Perfected Strike"],"picked":"Iron Wave","floor":10.0},{"not_picked":["Headbutt","Offering"],"picked":"Blood for Blood","floor":13.0},{"not_picked":["Brutality","Impervious"],"picked":"Juggernaut","floor":16.0},{"not_picked":["Clash","Heavy Blade+1"],"picked":"Armaments","floor":18.0},{"not_picked":["Perfected Strike+1","Heavy Blade"],"picked":"Sword Boomerang","floor":19.0},{"not_picked":["Anger","Twin Strike"],"picked":"Flex","floor":22.0},{"not_picked":["Headbutt","Armaments"],"picked":"True Grit","floor":24.0},{"not_picked":["Feel No Pain","Carnage"],"picked":"Shrug It Off","floor":25.0},{"not_picked":["Intimidate","Burning Pact"],"picked":"Anger+1","floor":29.0},{"not_picked":["Seeing Red","Juggernaut"],"picked":"Pommel Strike","floor":30.0},{"not_picked":["Disarm","Heavy Blade+1"],"picked":"Warcry","floor":31.0},{"not_picked":["Limit Break","Fiend Fire"],"picked":"Demon Form","floor":33.0},{"not_picked":["Second Wind","Rupture"],"picked":"Combust+1","floor":35.0},{"not_picked":["Iron Wave","Power Through"],"picked":"Clothesline+1","floor":37.0},{"not_picked":["Clothesline+1","True Grit+1"],"picked":"Iron Wave+1","floor":38.0},{"not_picked":["Power Through+1","Anger","Corruption+1"],"picked":"SKIP","floor":41.0},{"not_picked":["Intimidate","Anger","Burning Pact"],"picked":"SKIP","floor":42.0},{"not_picked":["Corruption","Perfected Strike"],"picked":"Uppercut+1","floor":44},{"not_picked":["Armaments+1","Fire Breathing"],"picked":"Cleave+1","floor":45},{"not_picked":["Clash+1","Anger","Burning Pact"],"picked":"SKIP","floor":47}],"player_experience":85565,"relics_obtained":[{"floor":6.0,"key":"Whetstone"},{"floor":8.0,"key":"Oddly Smooth Stone"},{"floor":9.0,"key":"Omamori"},{"floor":26.0,"key":"Shuriken"},{"floor":37.0,"key":"Peace Pipe"},{"floor":42.0,"key":"Boot"},{"floor":43,"key":"Bronze Scales"}],"event_choices":[{"event_name":"Upgrade Shrine","player_choice":"Upgraded","floor":5.0,"damage_taken":0.0},{"event_name":"The Cleric","player_choice":"Card Removal","floor":11.0,"damage_taken":0.0},{"event_name":"The Woman in Blue","player_choice":"Bought 2 Potions","floor":12.0,"damage_taken":0.0},{"event_name":"Purifier","player_choice":"One Purge","floor":20.0,"damage_taken":0.0},{"event_name":"The Library","player_choice":"Read","floor":21.0,"damage_taken":0.0},{"event_name":"Drug Dealer","player_choice":"Got JAXXED","floor":27.0,"damage_taken":0.0},{"event_name":"Tomb of Lord Red Mask","player_choice":"Ignored","floor":36.0,"damage_taken":0.0},{"event_name":"Mysterious Sphere","player_choice":"Fight","floor":37.0,"damage_taken":0.0},{"event_name":"Winding Halls","player_choice":"Writhe","floor":48,"damage_taken":0}],"boss_relics":[{"not_picked":["Black Blood","White Beast Statue"],"picked":"Velvet Choker"},{"not_picked":["Sozu","Mark of Pain"],"picked":"Astrolabe"}],"items_purged_floors":[],"is_endless":false,"potions_floor_spawned":[2,4,8,13,16,18,25,29,33,37,38,42,47],"ascension_level":1}