{"gold_per_floor":[117,192,204,215,215,215,244,8,8,23,0,0,0,27,27,27],"floor_reached":16,"playtime":505,"items_purged":[],"score":158,"play_id":"5b279483-3606-46d1-aa41-5311ad01da83","local_time":"20190317141006","is_ascension_mode":false,"campfire_choices":[{"data":"Bash","floor":6,"key":"SMITH"},{"floor":12,"key":"REST"},{"data":"Perfected Strike","floor":15,"key":"SMITH"}],"neow_cost":"","seed_source_timestamp":0,"circlet_count":0,"master_deck":["Strike_R","Strike_R","Strike_R","Strike_R","Strike_R","Defend_R","Defend_R","Defend_R","Defend_R","Bash+1","Clothesline","Feel No Pain","Shrug It Off","Perfected Strike+1","Feel No Pain","Seeing Red","Headbutt","Iron Wave"],"relics":["Burning Blood","Matryoshka","Blood Vial","Question Card","Calipers","Gremlin Horn"],"potions_floor_usage":[16],"damage_taken":[{"damage":10,"enemies":"Small Slimes","floor":1,"turns":4},{"damage":4,"enemies":"2 Louse","floor":3,"turns":4},{"damage":15,"enemies":"Jaw Worm","floor":4,"turns":5},{"damage":44,"enemies":"Lagavulin","floor":7,"turns":8},{"damage":17,"enemies":"Looter","floor":10,"turns":3},{"damage":13,"enemies":"3 Sentries","floor":14,"turns":11},{"damage":41,"enemies":"Hexaghost","floor":16,"turns":8}],"seed_played":"-3186027210026754746","potions_obtained":[{"floor":3,"key":"AttackPotion"},{"floor":14,"key":"Swift Potion"}],"is_trial":true,"path_per_floor":["M","?","M","M","?","R","E","$","T","M","$","R","$","E","R","B"],"character_chosen":"IRONCLAD","items_purchased":["Perfected Strike","Blood Vial","Feel No Pain","Headbutt"],"campfire_rested":1,"item_purchase_floors":[8,8,8,11],"current_hp_per_floor":[76,65,67,58,63,63,25,25,25,16,16,41,41,36,36,0],"gold":27,"neow_bonus":"","is_prod":false,"is_daily":false,"chose_seed":false,"campfire_upgraded":2,"win_rate":0,"timestamp":1552857006,"path_taken":["M","?","M","M","?","R","E","$","T","M","?","R","$","E","R","BOSS"],"build_version":"2019-01-23","purchased_purges":0,"victory":false,"max_hp_per_floor":[80,80,80,80,85,85,85,85,85,85,85,85,85,85,85,85],"card_choices":[{"not_picked":["Havoc","Headbutt"],"picked":"Clothesline","floor":1},{"not_picked":["Cleave","Warcry"],"picked":"Feel No Pain","floor":3},{"not_picked":["Clothesline","Anger"],"picked":"Shrug It Off","floor":4},{"not_picked":["Sever Soul","Double Tap","Armaments"],"picked":"SKIP","floor":7},{"not_picked":["Cleave","Fire Breathing","Burning Pact"],"picked":"Seeing Red","floor":10},{"not_picked":["Rampage","Sword Boomerang","Flex"],"picked":"Iron Wave","floor":14}],"player_experience":1072212,"relics_obtained":[{"floor":7,"key":"Matryoshka"},{"floor":9,"key":"Question Card"},{"floor":9,"key":"Calipers"},{"floor":14,"key":"Gremlin Horn"}],"event_choices":[{"damage_healed":0,"gold_gain":75,"player_choice":"Gather Gold","damage_taken":11,"max_hp_gain":0,"max_hp_loss":0,"event_name":"World of Goop","floor":2,"gold_loss":0},{"damage_healed":0,"gold_gain":0,"player_choice":"Donut","damage_taken":0,"max_hp_gain":5,"max_hp_loss":0,"event_name":"Big Fish","floor":5,"gold_loss":0}],"is_beta":false,"boss_relics":[],"items_purged_floors":[],"is_endless":true,"potions_floor_spawned":[3,14],"killed_by":"Hexaghost","ascension_level":0}