{"gold_per_floor":[111,9,20,20,39,39,55,55,55,70,70,89,89,109,109,205,205,222,242,262,32,32,32,32,32,58,58,69,81,96,107,107,208,208,218,178,194,206,218,218,246,264,346,346,357,357,375,46,46,46],"floor_reached":51,"playtime":4287,"items_purged":["Strike_G"],"score":717,"play_id":"0ec127cb-c3f3-4d3d-a160-e4fbfc7862f4","local_time":"20190809224034","is_ascension_mode":true,"campfire_choices":[{"data":"Footwork","floor":6.0,"key":"SMITH"},{"data":"Footwork","floor":8.0,"key":"SMITH"},{"data":"Deadly Poison","floor":13.0,"key":"SMITH"},{"data":"Catalyst","floor":15.0,"key":"SMITH"},{"data":"Corpse Explosion","floor":23.0,"key":"SMITH"},{"data":"Neutralize","floor":25.0,"key":"SMITH"},{"floor":32.0,"key":"REST"},{"data":"Burst","floor":40,"key":"SMITH"},{"data":"Leg Sweep","floor":44,"key":"SMITH"},{"data":"Dodge and Roll","floor":46,"key":"SMITH"},{"data":"Noxious Fumes","floor":49,"key":"SMITH"}],"neow_cost":"NONE","seed_source_timestamp":0,"circlet_count":0,"master_deck":["Strike_G","Strike_G","Defend_G","Defend_G","Defend_G","Defend_G","Defend_G+1","Survivor","Neutralize+1","Footwork+1","Footwork+1","Backflip","Escape Plan","Dash","Deadly Poison+1","Catalyst+1","Corpse Explosion+1","Footwork","Backflip","Backstab+1","Cloak And Dagger+1","Leg Sweep+1","Backstab+1","Burst+1","Blur+1","Dodge and Roll+1","Well Laid Plans","PiercingWail","Noxious Fumes+1"],"special_seed":0,"relics":["Ring of the Snake","Pear","Sozu","Bag of Preparation","Orichalcum","Mercury Hourglass","Lizard Tail","Calipers","Blue Candle","Pantograph"],"potions_floor_usage":[],"damage_taken":[{"damage":1.0,"enemies":"Cultist","floor":1.0,"turns":5.0},{"damage":0.0,"enemies":"Small Slimes","floor":3.0,"turns":4.0},{"damage":0.0,"enemies":"2 Louse","floor":5.0,"turns":5.0},{"damage":3.0,"enemies":"Blue Slaver","floor":7.0,"turns":6.0},{"damage":1.0,"enemies":"Exordium Wildlife","floor":10.0,"turns":13.0},{"damage":0.0,"enemies":"Large Slime","floor":12.0,"turns":11.0},{"damage":0.0,"enemies":"Lots of Slimes","floor":14.0,"turns":8.0},{"damage":70.0,"enemies":"Hexaghost","floor":16.0,"turns":19.0},{"damage":19.0,"enemies":"2 Thieves","floor":18.0,"turns":5.0},{"damage":18.0,"enemies":"Chosen","floor":19.0,"turns":5.0},{"damage":2.0,"enemies":"Centurion and Healer","floor":20.0,"turns":6.0},{"damage":14.0,"enemies":"Shelled Parasite and Fungi","floor":28.0,"turns":4.0},{"damage":0.0,"enemies":"3 Cultists","floor":29.0,"turns":2.0},{"damage":4.0,"enemies":"Chosen and Byrds","floor":30.0,"turns":5.0},{"damage":0.0,"enemies":"Centurion and Healer","floor":31.0,"turns":5.0},{"damage":1.0,"enemies":"Collector","floor":33.0,"turns":7.0},{"damage":0,"enemies":"3 Darklings","floor":35,"turns":4},{"damage":3,"enemies":"Orb Walker","floor":37,"turns":4},{"damage":0,"enemies":"Spire Growth","floor":38,"turns":6},{"damage":0,"enemies":"Writhing Mass","floor":39,"turns":8},{"damage":7,"enemies":"Giant Head","floor":41,"turns":11},{"damage":0,"enemies":"Sphere and 2 Shapes","floor":42,"turns":6},{"damage":0,"enemies":"Spire Growth","floor":45,"turns":5},{"damage":0,"enemies":"Transient","floor":47,"turns":5},{"damage":10,"enemies":"Awakened One","floor":50,"turns":15}],"seed_played":"4008822814507385433","potions_obtained":[{"floor":1.0,"key":"PowerPotion"},{"floor":7.0,"key":"Regen Potion"},{"floor":10.0,"key":"Weak Potion"}],"is_trial":false,"path_per_floor":["M","$","M","$","M","R","M","R","T","M","?","M","R","M","R","B",null,"M","M","M","$","?","R","?","R","T","T","M","M","M","M","R","B",null,"M","?","M","M","M","R","E","M","T","R","M","R","M","$","R","B",null],"character_chosen":"THE_SILENT","items_purchased":["Footwork","Backflip","Bag of Preparation","Pantograph","Noxious Fumes"],"campfire_rested":1,"item_purchase_floors":[2,2,21,48,48],"current_hp_per_floor":[69,69,69,69,69,69,66,66,76,75,75,75,75,75,75,5,80,61,57,55,55,55,55,55,55,55,55,41,41,37,37,61,60,80,80,80,77,77,77,77,70,70,70,70,70,70,70,70,70,70],"gold":46,"neow_bonus":"REMOVE_CARD","is_prod":false,"is_daily":false,"chose_seed":false,"campfire_upgraded":10,"win_rate":0,"timestamp":1565386834,"path_taken":["M","$","M","?","M","R","M","R","T","?","?","M","R","M","R","BOSS","M","?","M","$","?","R","?","R","T","?","M","?","M","M","R","BOSS","M","?","M","M","?","R","E","M","T","R","M","R","M","$","R","BOSS"],"build_version":"2019-07-17","purchased_purges":1,"victory":true,"max_hp_per_floor":[70,70,70,70,70,70,70,70,80,80,80,80,80,80,80,80,80,80,80,80,80,80,80,80,80,80,80,80,80,80,80,80,80,80,80,80,80,80,80,80,80,80,80,80,80,80,80,80,80,80],"card_choices":[{"not_picked":["Poisoned Stab","Reflex"],"picked":"Footwork","floor":1.0},{"not_picked":["Prepared","Quick Slash","Deflect"],"picked":"SKIP","floor":3.0},{"not_picked":["Deflect","Dagger Throw","Dagger Spray"],"picked":"SKIP","floor":5.0},{"not_picked":["Infinite Blades","Backflip"],"picked":"Escape Plan","floor":7.0},{"not_picked":["Acrobatics","Eviscerate"],"picked":"Dash","floor":10.0},{"not_picked":["Dodge and Roll","Crippling Poison"],"picked":"Deadly Poison","floor":12.0},{"not_picked":["Crippling Poison","Dodge and Roll"],"picked":"Catalyst","floor":14.0},{"not_picked":["Bullet Time","A Thousand Cuts"],"picked":"Corpse Explosion","floor":16.0},{"not_picked":["Infinite Blades","Quick Slash"],"picked":"Footwork","floor":18.0},{"not_picked":["Poisoned Stab","Deadly Poison"],"picked":"Backflip","floor":19.0},{"not_picked":["Sucker Punch","Expertise"],"picked":"Backstab+1","floor":20.0},{"not_picked":["Prepared","Accuracy"],"picked":"Cloak And Dagger","floor":28.0},{"not_picked":["Cloak And Dagger","Prepared"],"picked":"Leg Sweep","floor":29.0},{"not_picked":["Outmaneuver","Crippling Poison"],"picked":"Backstab+1","floor":30.0},{"not_picked":["Skewer","Acrobatics","Dagger Spray"],"picked":"SKIP","floor":31.0},{"not_picked":["Storm of Steel","Corpse Explosion"],"picked":"Burst","floor":33.0},{"not_picked":["Backflip","Slice"],"picked":"Blur+1","floor":35},{"not_picked":["Skewer","Slice+1","Prepared+1"],"picked":"SKIP","floor":37},{"not_picked":["Sucker Punch+1","Flying Knee","Heel Hook+1"],"picked":"SKIP","floor":38},{"not_picked":["Outmaneuver+1","Choke+1"],"picked":"Dodge and Roll","floor":39},{"not_picked":["Tactician","Wraith Form v2","Underhanded Strike"],"picked":"SKIP","floor":41},{"not_picked":["Crippling Poison+1","Flying Knee"],"picked":"Well Laid Plans","floor":42},{"not_picked":["Poisoned Stab","Bane","Well Laid Plans"],"picked":"SKIP","floor":45},{"not_picked":["Cloak And Dagger+1","Dash"],"picked":"PiercingWail","floor":47}],"player_experience":108085,"relics_obtained":[{"floor":9.0,"key":"Pear"},{"floor":26.0,"key":"Orichalcum"},{"floor":27.0,"key":"Mercury Hourglass"},{"floor":41,"key":"Calipers"},{"floor":43,"key":"Blue Candle"}],"event_choices":[{"cards_removed":["Strike_G"],"damage_healed":0.0,"max_hp_gain":0.0,"max_hp_loss":0.0,"gold_gain":0.0,"event_name":"Bonfire Elementals","player_choice":"Offered Basic","floor":11.0,"gold_loss":0.0,"damage_taken":0.0},{"damage_healed":0.0,"max_hp_gain":0.0,"max_hp_loss":0.0,"gold_gain":0.0,"event_name":"Ghosts","player_choice":"Ignored","floor":22.0,"gold_loss":0.0,"damage_taken":0.0},{"damage_healed":0.0,"max_hp_gain":0.0,"max_hp_loss":0.0,"gold_gain":0.0,"event_name":"The Mausoleum","player_choice":"Ignored","floor":24.0,"gold_loss":0.0,"damage_taken":0.0},{"damage_healed":0,"gold_gain":0,"player_choice":"Upgraded Two","damage_taken":0,"max_hp_gain":0,"max_hp_loss":0,"event_name":"Designer","floor":36,"gold_loss":40,"cards_upgraded":["Cloak And Dagger","Defend_G"]}],"is_beta":false,"boss_relics":[{"not_picked":["Fusion Hammer","HoveringKite"],"picked":"Sozu"},{"not_picked":["Busted Crown","Runic Pyramid"],"picked":"Lizard Tail"}],"items_purged_floors":[21],"is_endless":false,"potions_floor_spawned":[1,7,10,19,28,30,38,39,45],"ascension_level":2}