{"gold_per_floor":[112,129,139,40,52,80,80,115,188,188],"floor_reached":10,"playtime":313,"items_purged":[],"score":109,"play_id":"1133741b-0d76-40bc-a725-071ac7c55e3f","local_time":"20190907095625","is_ascension_mode":true,"campfire_choices":[{"data":"Zap","floor":7.0,"key":"SMITH"}],"neow_cost":"NONE","seed_source_timestamp":473971517182424,"circlet_count":0,"master_deck":["Strike_B","Strike_B","Strike_B","Strike_B","Defend_B","Defend_B","Defend_B","Defend_B","Zap+1","Dualcast","Gash","Capacitor","Self Repair","Sweeping Beam","Leap","Coolheaded","FTL","Reboot"],"special_seed":0,"relics":["Cracked Core","DataDisk","Regal Pillow","Shovel","Kunai"],"potions_floor_usage":[10,10],"damage_taken":[{"damage":0.0,"enemies":"Small Slimes","floor":1.0,"turns":2.0},{"damage":0.0,"enemies":"Cultist","floor":2.0,"turns":3.0},{"damage":13.0,"enemies":"Jaw Worm","floor":3.0,"turns":4.0},{"damage":13.0,"enemies":"Blue Slaver","floor":5.0,"turns":2.0},{"damage":9.0,"enemies":"Lagavulin","floor":6.0,"turns":8.0},{"damage":37.0,"enemies":"Gremlin Nob","floor":8.0,"turns":5.0},{"damage":14,"enemies":"3 Sentries","floor":10,"turns":2}],"seed_played":"-4634359859968026677","potions_obtained":[{"floor":3.0,"key":"SpeedPotion"},{"floor":5.0,"key":"Explosive Potion"},{"floor":8.0,"key":"LiquidBronze"}],"is_trial":false,"path_per_floor":["M","M","M","$","M","E","R","E","T","E"],"character_chosen":"DEFECT","items_purchased":["Sweeping Beam","Leap"],"campfire_rested":0,"item_purchase_floors":[4,4],"current_hp_per_floor":[68,68,55,55,42,40,40,10,10,0],"gold":188,"neow_bonus":"RANDOM_COMMON_RELIC","is_prod":false,"is_daily":false,"chose_seed":false,"campfire_upgraded":1,"win_rate":0,"timestamp":1567817785,"path_taken":["M","M","M","$","M","E","R","E","T","E"],"build_version":"2019-07-17","purchased_purges":0,"victory":false,"max_hp_per_floor":[75,75,75,75,75,75,75,75,75,75],"card_choices":[{"not_picked":["Redo","Turbo"],"picked":"Gash","floor":1.0},{"not_picked":["Consume","Beam Cell"],"picked":"Capacitor","floor":2.0},{"not_picked":["Steam Power","Compile Driver"],"picked":"Self Repair","floor":3.0},{"not_picked":["Seek","Barrage"],"picked":"Coolheaded","floor":5.0},{"not_picked":["Go for the Eyes","Streamline"],"picked":"FTL","floor":6.0},{"not_picked":["Go for the Eyes","Rebound"],"picked":"Reboot","floor":8.0}],"player_experience":351887,"relics_obtained":[{"floor":6.0,"key":"Regal Pillow"},{"floor":8.0,"key":"Shovel"},{"floor":9.0,"key":"Kunai"}],"event_choices":[],"is_beta":false,"boss_relics":[],"items_purged_floors":[],"is_endless":false,"potions_floor_spawned":[3,5,8],"killed_by":"3 Sentries","ascension_level":8}