{"gold_per_floor":[110,110,185,199,199,230,230,230,256,269,269,304,25,60,60,184,184,199,124,142,155,55,94,94,108,108,108,33,33,64,77,77,177,177,187,62,416,428,428,454,466,478],"floor_reached":42,"playtime":1316,"items_purged":["Strike_G","Strike_G","Strike_G"],"score":833,"play_id":"352450e6-9fd8-43c2-9c33-c4002b3f56cd","local_time":"20190414011901","is_ascension_mode":true,"campfire_choices":[{"data":"Noxious Fumes","floor":7,"key":"SMITH"},{"floor":11,"key":"REST"},{"data":"Noxious Fumes","floor":15,"key":"SMITH"},{"floor":24,"key":"REST"},{"data":"Footwork","floor":29,"key":"SMITH"},{"data":"Footwork","floor":32,"key":"SMITH"},{"data":"Footwork","floor":41,"key":"SMITH"}],"neow_cost":"NONE","seed_source_timestamp":194289520532250,"circlet_count":0,"master_deck":["AscendersBane","Defend_G","Defend_G","Defend_G","Defend_G","Defend_G","Survivor","Neutralize+1","Backstab","Noxious Fumes+1","Footwork+1","Deadly Poison","Flying Knee","Noxious Fumes+1","Bouncing Flask","Catalyst","Blur","Dodge and Roll","Poisoned Stab+1","PiercingWail","Footwork+1","Adrenaline","Burst","All Out Attack","Caltrops","Footwork+1","Dagger Throw"],"relics":["Ring of the Snake","Bloody Idol","Turnip","Regal Pillow","Thread and Needle","MealTicket","Boot","Velvet Choker","The Specimen","Letter Opener","Blood Vial","Old Coin","MawBank"],"potions_floor_usage":[6,16,23,37],"damage_taken":[{"damage":0,"enemies":"2 Louse","floor":1,"turns":3},{"damage":0,"enemies":"Small Slimes","floor":4,"turns":5},{"damage":23,"enemies":"Gremlin Nob","floor":6,"turns":5},{"damage":0,"enemies":"Cultist","floor":10,"turns":5},{"damage":14,"enemies":"Lagavulin","floor":12,"turns":6},{"damage":3,"enemies":"3 Sentries","floor":14,"turns":6},{"damage":12,"enemies":"Slime Boss","floor":16,"turns":10},{"damage":5,"enemies":"Shell Parasite","floor":18,"turns":6},{"damage":0,"enemies":"Spheric Guardian","floor":20,"turns":4},{"damage":8,"enemies":"Centurion and Healer","floor":21,"turns":6},{"damage":57,"enemies":"Slavers","floor":23,"turns":6},{"damage":16,"enemies":"Snake Plant","floor":25,"turns":4},{"damage":17,"enemies":"Gremlin Leader","floor":30,"turns":6},{"damage":6,"enemies":"Snecko","floor":31,"turns":4},{"damage":5,"enemies":"Collector","floor":33,"turns":7},{"damage":0,"enemies":"Orb Walker","floor":35,"turns":4},{"damage":52,"enemies":"2 Orb Walkers","floor":37,"turns":4},{"damage":0,"enemies":"3 Shapes","floor":38,"turns":4},{"damage":3,"enemies":"Giant Head","floor":40,"turns":10},{"damage":57,"enemies":"Reptomancer","floor":42,"turns":5}],"seed_played":"4120020633176377627","potions_obtained":[{"floor":1,"key":"EssenceOfSteel"},{"floor":4,"key":"Ancient Potion"},{"floor":6,"key":"GhostInAJar"},{"floor":16,"key":"Ancient Potion"},{"floor":20,"key":"Regen Potion"},{"floor":23,"key":"Block Potion"},{"floor":38,"key":"SpeedPotion"}],"is_trial":false,"path_per_floor":["M","?","?","M","?","E","R","?","T","M","R","E","$","E","R","B",null,"M","$","M","M","$","E","R","M","T","?","?","R","E","M","R","B",null,"M","$","?","M","?","E","R","E"],"character_chosen":"THE_SILENT","items_purchased":["Noxious Fumes","MealTicket"],"campfire_rested":2,"item_purchase_floors":[13,13],"current_hp_per_floor":[70,70,59,59,59,36,36,29,29,29,65,51,51,48,48,36,62,57,71,71,63,71,26,62,46,46,46,46,46,34,35,35,37,63,70,71,29,36,36,40,45,0],"gold":478,"neow_bonus":"TEN_PERCENT_HP_BONUS","is_prod":false,"is_daily":false,"chose_seed":false,"campfire_upgraded":5,"win_rate":0,"timestamp":1555226341,"path_taken":["M","?","?","M","?","E","R","?","T","M","R","E","?","E","R","BOSS","M","$","M","M","$","E","R","M","T","?","?","R","E","M","R","BOSS","M","$","?","M","?","E","R","E"],"build_version":"2019-01-23","purchased_purges":3,"victory":false,"max_hp_per_floor":[77,77,77,77,71,71,71,71,71,71,71,71,71,71,71,71,71,71,71,71,71,71,71,71,71,71,71,71,71,71,71,71,71,71,71,71,71,71,71,71,71,71],"card_choices":[{"not_picked":["Flechettes","Blur"],"picked":"Backstab","floor":1},{"not_picked":["Well Laid Plans","Bane"],"picked":"Noxious Fumes","floor":4},{"not_picked":["Blade Dance","Corpse Explosion"],"picked":"Footwork","floor":6},{"not_picked":["Cloak And Dagger","Expertise"],"picked":"Deadly Poison","floor":10},{"not_picked":["Tactician","Backstab"],"picked":"Flying Knee","floor":12},{"not_picked":["Escape Plan","Heel Hook"],"picked":"Bouncing Flask","floor":14},{"not_picked":["Cloak And Dagger","Deflect"],"picked":"Catalyst","floor":18},{"not_picked":["Dagger Spray+1","Heel Hook"],"picked":"Blur","floor":20},{"not_picked":["Predator","Masterful Stab"],"picked":"Dodge and Roll","floor":21},{"not_picked":["Deflect","Expertise+1"],"picked":"Poisoned Stab+1","floor":23},{"not_picked":["Outmaneuver","Dagger Throw"],"picked":"PiercingWail","floor":25},{"not_picked":["Setup","Eviscerate"],"picked":"Footwork","floor":30},{"not_picked":["Masterful Stab","Prepared"],"picked":"Adrenaline","floor":31},{"not_picked":["Bullet Time","Grand Finale"],"picked":"Burst","floor":33},{"not_picked":["Acrobatics","Cloak And Dagger"],"picked":"All Out Attack","floor":35},{"not_picked":["Acrobatics","Cloak And Dagger"],"picked":"Caltrops","floor":37},{"not_picked":["Bane","Cloak And Dagger+1"],"picked":"Footwork","floor":38},{"not_picked":["Sucker Punch","PiercingWail"],"picked":"Dagger Throw","floor":40}],"player_experience":506401,"relics_obtained":[{"floor":6,"key":"Turnip"},{"floor":9,"key":"Regal Pillow"},{"floor":12,"key":"Thread and Needle"},{"floor":14,"key":"Boot"},{"floor":23,"key":"The Specimen"},{"floor":26,"key":"Letter Opener"},{"floor":30,"key":"Blood Vial"},{"floor":37,"key":"Old Coin"},{"floor":40,"key":"MawBank"}],"event_choices":[{"damage_healed":0,"gold_gain":0,"player_choice":"Grow","damage_taken":0,"max_hp_gain":0,"max_hp_loss":0,"event_name":"Living Wall","floor":2,"gold_loss":0,"cards_upgraded":["Neutralize"]},{"damage_healed":0,"gold_gain":75,"player_choice":"Gather Gold","damage_taken":11,"max_hp_gain":0,"max_hp_loss":0,"event_name":"World of Goop","floor":3,"gold_loss":0},{"damage_healed":0,"gold_gain":0,"player_choice":"Lose Max HP","damage_taken":0,"relics_obtained":["Golden Idol"],"max_hp_gain":0,"max_hp_loss":6,"event_name":"Golden Idol","floor":5,"gold_loss":0},{"cards_removed":["Strike_G"],"damage_healed":0,"gold_gain":0,"player_choice":"Card Removal","damage_taken":7,"max_hp_gain":0,"max_hp_loss":0,"event_name":"Golden Wing","floor":8,"gold_loss":0},{"damage_healed":0,"gold_gain":0,"player_choice":"Gave Idol","damage_taken":0,"relics_obtained":["Bloody Idol"],"max_hp_gain":0,"max_hp_loss":0,"event_name":"Forgotten Altar","floor":27,"relics_lost":["Golden Idol"],"gold_loss":0},{"cards_removed":["Strike_G"],"damage_healed":0,"gold_gain":0,"player_choice":"Gave Gold","damage_taken":0,"max_hp_gain":0,"max_hp_loss":0,"event_name":"Beggar","floor":28,"gold_loss":75},{"damage_healed":0,"gold_gain":0,"player_choice":"Fight","damage_taken":0,"max_hp_gain":0,"max_hp_loss":0,"event_name":"Mysterious Sphere","floor":37,"gold_loss":0},{"damage_healed":0,"gold_gain":0,"player_choice":"Ignored","damage_taken":0,"max_hp_gain":0,"max_hp_loss":0,"event_name":"SecretPortal","floor":39,"gold_loss":0}],"is_beta":false,"boss_relics":[{"not_picked":["Tiny House","HoveringKite"],"picked":"Velvet Choker"},{"not_picked":["Sozu","Astrolabe","Coffee Dripper"]}],"items_purged_floors":[19,22,36],"is_endless":false,"potions_floor_spawned":[1,4,6,16,20,23,25,30,38,40],"killed_by":"Reptomancer","ascension_level":12}