{"path_per_floor":["M","?","?","?","$","R","E","M","T","R","?","M","E","M","R","B",null,"M","M","?","$","T","E","M","?","T","R","M","T","M","M","R"],"character_chosen":"IRONCLAD","items_purchased":["Pen Nib","Ancient Tea Set","Battle Trance","Fiend Fire","Strawberry"],"gold_per_floor":[119,84,259,509,174,174,199,211,237,237,237,253,280,295,295,394,394,410,424,424,57,136,463,479,479,505,505,516,516,526,537,537],"floor_reached":33,"campfire_rested":3,"playtime":2145,"current_hp_per_floor":[79,88,88,88,88,88,34,37,37,63,63,61,66,66,66,29,88,68,65,79,86,86,56,16,16,16,49,31,31,20,26,61],"items_purged":["Doubt"],"gold":537,"play_id":"277f8d19-2325-430b-9cd8-49695d7fe596","is_prod":false,"is_daily":false,"campfire_rituals":0,"campfire_upgraded":2,"is_hardmode":false,"path_taken":["M","?","?","?","?","R","E","?","T","R","?","M","E","?","R","BOSS","M","M","?","$","?","E","M","?","T","R","M","?","M","M","R","BOSS"],"build_version":"2017-12-14-PROD1","purchased_purges":1,"victory":false,"master_deck":["Strike_R","Strike_R","Strike_R","Strike_R","Strike_R","Defend_R","Defend_R","Defend_R","Defend_R","Bash","Heavy Blade","Regret","Battle Trance","Power Through","Perfected Strike","Pommel Strike","Dropkick","Double Tap","Feed","Heavy Blade","Infernal Blade","Writhe","Fiend Fire","Headbutt","Headbutt","Flame Barrier","Flex","Clothesline"],"max_hp_per_floor":[88,88,88,88,88,88,88,88,88,88,88,88,88,88,88,88,88,88,88,102,109,109,109,112,112,112,112,115,115,118,118,118],"relics":["Burning Blood","Pen Nib","Ancient Tea Set","Anchor","Vajra","Toxic Egg","Question Card","Mango","Strawberry","Mummified Hand","Old Coin","Bronze Scales","Smiling Mask"],"campfire_meditates":0,"card_choices":[{"not_picked":["Fire Breathing","Blood for Blood"],"picked":"Heavy Blade"},{"not_picked":["Seeing Red","Inflame"],"picked":"Power Through"},{"not_picked":["Cleave","Thunderclap"],"picked":"Perfected Strike"},{"not_picked":["Battle Trance","Clash"],"picked":"Pommel Strike"},{"not_picked":["Perfected Strike","Clothesline"],"picked":"Dropkick"},{"not_picked":["Iron Wave","Heavy Blade"],"picked":"Double Tap"},{"not_picked":["Berserk","Reaper"],"picked":"Feed"},{"not_picked":["Sword Boomerang","Hemokinesis","Searing Blow"],"picked":"Heavy Blade"},{"not_picked":["Dual Wield","Body Slam","Headbutt"],"picked":"Infernal Blade"},{"not_picked":["Brutality","True Grit","Dual Wield"],"picked":"Headbutt"},{"not_picked":["Pummel","Sword Boomerang","Intimidate"],"picked":"Headbutt"},{"not_picked":["Headbutt","Uppercut","Feed"],"picked":"Flame Barrier"},{"not_picked":["Dropkick","Body Slam","Burning Pact"],"picked":"Flex"},{"not_picked":["Feel No Pain","Heavy Blade","Metallicize"],"picked":"Clothesline"}],"player_experience":30509,"potions_floor_usage":[23,24,30,31,33],"damage_taken":[{"damage":15,"enemies":"Jaw Worm","floor":1,"turns":4},{"damage":60,"enemies":"Lagavulin","floor":7,"turns":7},{"damage":3,"enemies":"Looter","floor":8,"turns":2},{"damage":8,"enemies":"Cultist","floor":12,"turns":3},{"damage":1,"enemies":"Gremlin Nob","floor":13,"turns":3},{"damage":6,"enemies":"2 Fungi Beasts","floor":14,"turns":3},{"damage":43,"enemies":"Slime Boss","floor":16,"turns":9},{"damage":26,"enemies":"3 Byrds","floor":18,"turns":8},{"damage":9,"enemies":"Shell Parasite","floor":19,"turns":4},{"damage":36,"enemies":"Book of Stabbing","floor":23,"turns":5},{"damage":49,"enemies":"Sentry and Sphere","floor":24,"turns":6},{"damage":27,"enemies":"Snake Plant","floor":28,"turns":4},{"damage":20,"enemies":"3 Cultists","floor":30,"turns":6},{"damage":0,"enemies":"Snecko","floor":31,"turns":3},{"damage":64,"enemies":"Champ","floor":33,"turns":9}],"event_choices":[{"event_name":"The Cleric","player_choice":"Healed","floor":2,"damage_taken":0},{"event_name":"Liars Game","player_choice":"agreed","floor":3,"damage_taken":0},{"event_name":"Golden Shrine","player_choice":"Desecrate","floor":4,"damage_taken":0},{"event_name":"Shining Light","player_choice":"Ignored","floor":11,"damage_taken":0},{"event_name":"The Mausoleum","player_choice":"Yes","floor":20,"damage_taken":0},{"event_name":"Cursed Tome","player_choice":"Ignored","floor":25,"damage_taken":0}],"boss_relics":[{"not_picked":["Runic Cube","Orrery"],"picked":"Question Card"}],"potions_floor_spawned":[1,7,16,18,19,23,28],"seed_played":"-5806904006202224148","killed_by":"Champ","is_trial":false}