{"gold_per_floor":[118,130,130,130,6,6,25,60,84,84,110,110,121,133,133,133],"floor_reached":16,"playtime":551,"items_purged":["Regret"],"score":201,"play_id":"735a1866-6d18-47dc-8bd6-967cce9b02cd","local_time":"20181019153546","is_ascension_mode":true,"campfire_choices":[{"data":"Perfected Strike","floor":6,"key":"SMITH"},{"floor":12,"key":"REST"},{"data":"Bash","floor":15,"key":"SMITH"}],"neow_cost":"NONE","seed_source_timestamp":846735468151059,"circlet_count":0,"master_deck":["Strike_R+1","Strike_R","Strike_R","Strike_R","Strike_R","Defend_R","Defend_R","Defend_R","Defend_R","Bash+1","AscendersBane","Pummel","Twin Strike","Perfected Strike+1","Sword Boomerang+1","Decay","Shrug It Off"],"relics":["Burning Blood","Dodecahedron","Singing Bowl","Whetstone","Blood Vial","Dream Catcher"],"potions_floor_usage":[14,16],"damage_taken":[{"damage":9,"enemies":"Jaw Worm","floor":1,"turns":4},{"damage":7,"enemies":"Small Slimes","floor":2,"turns":4},{"damage":0,"enemies":"2 Louse","floor":7,"turns":2},{"damage":35,"enemies":"3 Sentries","floor":8,"turns":9},{"damage":39,"enemies":"Lagavulin","floor":11,"turns":7},{"damage":6,"enemies":"Red Slaver","floor":13,"turns":2},{"damage":3,"enemies":"Blue Slaver","floor":14,"turns":2},{"damage":67,"enemies":"Hexaghost","floor":16,"turns":9}],"seed_played":"4391236817260379342","potions_obtained":[{"floor":1,"key":"Block Potion"},{"floor":7,"key":"LiquidBronze"},{"floor":13,"key":"Energy Potion"}],"is_trial":false,"path_per_floor":["M","M","?","T","$","R","M","E","T","?","E","R","M","M","R"],"character_chosen":"IRONCLAD","items_purchased":["Perfected Strike"],"campfire_rested":1,"item_purchase_floors":[5],"current_hp_per_floor":[77,76,76,76,76,76,82,55,55,55,24,53,57,64,64,0],"gold":133,"neow_bonus":"TEN_PERCENT_HP_BONUS","is_prod":false,"is_daily":false,"chose_seed":false,"campfire_upgraded":2,"win_rate":0,"timestamp":1539977746,"path_taken":["M","M","?","?","$","R","M","E","T","?","E","R","?","M","R","BOSS"],"build_version":"2018-10-18","purchased_purges":1,"victory":false,"max_hp_per_floor":[88,88,88,88,88,88,88,90,90,90,90,92,94,96,96,96],"card_choices":[{"not_picked":["Cleave","Evolve"],"picked":"Pummel","floor":1},{"not_picked":["Warcry","Iron Wave"],"picked":"Twin Strike","floor":2},{"not_picked":["Infernal Blade","Shockwave"],"picked":"Sword Boomerang","floor":7},{"not_picked":["Second Wind","Cleave","Intimidate"],"picked":"Singing Bowl","floor":8},{"not_picked":["Iron Wave","True Grit"],"picked":"Shrug It Off","floor":11},{"not_picked":["Clash","Dark Embrace","Shrug It Off"],"picked":"Singing Bowl","floor":12},{"not_picked":["Shrug It Off","Disarm","Cleave"],"picked":"Singing Bowl","floor":13},{"not_picked":["Pummel","Clothesline","Shockwave"],"picked":"Singing Bowl","floor":14}],"player_experience":846179,"relics_obtained":[{"floor":4,"key":"Singing Bowl"},{"floor":8,"key":"Whetstone"},{"floor":9,"key":"Blood Vial"},{"floor":11,"key":"Dream Catcher"}],"event_choices":[{"damage_healed":0,"gold_gain":0,"player_choice":"Box","damage_taken":0,"relics_obtained":["Dodecahedron"],"max_hp_gain":0,"max_hp_loss":0,"event_name":"Big Fish","floor":3,"gold_loss":0,"cards_obtained":["Regret"]},{"damage_healed":0,"gold_gain":0,"player_choice":"Cursed","damage_taken":0,"max_hp_gain":0,"max_hp_loss":0,"event_name":"Wheel of Change","floor":10,"gold_loss":0,"cards_obtained":["Decay"]}],"is_beta":true,"boss_relics":[],"items_purged_floors":[5],"is_endless":false,"potions_floor_spawned":[1,7,13],"killed_by":"Hexaghost","ascension_level":12}