{"gold_per_floor":[117,135,210,210,230,261,261,261,261,274,291,291,291,139,139,139],"floor_reached":16,"playtime":352,"items_purged":[],"score":130,"play_id":"0696834c-ac56-4680-b423-271c2f484be4","local_time":"20190214212638","is_ascension_mode":true,"campfire_choices":[{"data":"Poisoned Stab","floor":7,"key":"SMITH"},{"floor":12,"key":"REST"},{"data":"Quick Slash","floor":15,"key":"SMITH"}],"neow_cost":"NONE","seed_source_timestamp":1668759938475,"circlet_count":0,"master_deck":["Defend_G","Defend_G","Defend_G","Defend_G","Defend_G","Strike_G","Strike_G","Strike_G","Strike_G","Survivor","Neutralize+1","Quick Slash+1","Cloak And Dagger+1","Poisoned Stab+1","Heel Hook","Deadly Poison","Catalyst"],"relics":["Ring of the Snake","NeowsBlessing","Ancient Tea Set","Letter Opener","Happy Flower"],"potions_floor_usage":[16],"damage_taken":[{"damage":0,"enemies":"Jaw Worm","floor":1,"turns":1},{"damage":0,"enemies":"Small Slimes","floor":2,"turns":1},{"damage":0,"enemies":"Cultist","floor":5,"turns":1},{"damage":28,"enemies":"Gremlin Nob","floor":6,"turns":5},{"damage":3,"enemies":"3 Louse","floor":10,"turns":3},{"damage":10,"enemies":"Blue Slaver","floor":11,"turns":3},{"damage":19,"enemies":"Slime Boss","floor":16,"turns":8}],"seed_played":"-7964610488489536558","potions_obtained":[{"floor":6,"key":"PowerPotion"}],"is_trial":false,"path_per_floor":["M","M","?","?","M","E","R","?","T","M","M","R","?","$","R","B"],"character_chosen":"THE_SILENT","items_purchased":["Happy Flower"],"campfire_rested":1,"item_purchase_floors":[14],"current_hp_per_floor":[63,63,52,52,52,24,24,24,24,21,11,32,32,32,32,13],"gold":139,"neow_bonus":"THREE_ENEMY_KILL","is_prod":false,"is_daily":false,"chose_seed":false,"campfire_upgraded":2,"win_rate":0,"timestamp":1550204798,"path_taken":["M","M","?","?","?","E","R","?","T","M","M","R","?","$","R","BOSS"],"build_version":"2019-01-23","purchased_purges":0,"victory":false,"max_hp_per_floor":[70,70,70,70,70,70,70,70,70,70,70,70,70,70,70,70],"card_choices":[{"not_picked":["Deadly Poison","Outmaneuver"],"picked":"Quick Slash","floor":1},{"not_picked":["Crippling Poison","PiercingWail"],"picked":"Cloak And Dagger","floor":2},{"not_picked":["Finisher","All Out Attack"],"picked":"Poisoned Stab","floor":5},{"not_picked":["Underhanded Strike","Sucker Punch"],"picked":"Heel Hook","floor":6},{"not_picked":["Reflex","Dodge and Roll"],"picked":"Deadly Poison","floor":10},{"not_picked":["Blur","Backflip"],"picked":"Catalyst","floor":11}],"player_experience":359067,"relics_obtained":[{"floor":6,"key":"Ancient Tea Set"},{"floor":9,"key":"Letter Opener"}],"event_choices":[{"damage_healed":0,"gold_gain":75,"player_choice":"Gather Gold","damage_taken":11,"max_hp_gain":0,"max_hp_loss":0,"event_name":"World of Goop","floor":3,"gold_loss":0},{"damage_healed":0,"gold_gain":0,"player_choice":"Upgraded","damage_taken":0,"max_hp_gain":0,"max_hp_loss":0,"event_name":"Upgrade Shrine","floor":4,"gold_loss":0,"cards_upgraded":["Cloak And Dagger"]},{"damage_healed":0,"gold_gain":0,"player_choice":"Grow","damage_taken":0,"max_hp_gain":0,"max_hp_loss":0,"event_name":"Living Wall","floor":8,"gold_loss":0,"cards_upgraded":["Neutralize"]},{"cards_removed":["Strike_G"],"damage_healed":0,"gold_gain":0,"player_choice":"Purged","damage_taken":0,"max_hp_gain":0,"max_hp_loss":0,"event_name":"Purifier","floor":13,"gold_loss":0}],"is_beta":false,"boss_relics":[],"items_purged_floors":[],"is_endless":false,"potions_floor_spawned":[6],"killed_by":"Slime Boss","ascension_level":6}