{"gold_per_floor":[118,68,68,82,82,113,113,113,140,151,170,170,14,32,32,32],"floor_reached":16,"playtime":762,"items_purged":["Strike_B"],"score":125,"play_id":"7eea64f3-7693-40c1-8159-ac63340a84bb","local_time":"20190701215706","is_ascension_mode":false,"campfire_choices":[{"data":"Biased Cognition","floor":8,"key":"SMITH"},{"data":"Coolheaded","floor":12,"key":"SMITH"},{"data":"Loop","floor":15,"key":"SMITH"}],"neow_cost":"NONE","seed_source_timestamp":12212629779900,"circlet_count":0,"master_deck":["Strike_B","Defend_B","Defend_B","Defend_B","Defend_B","Zap","Dualcast","Coolheaded+1","Biased Cognition+1","Consume","Coolheaded","Storm","Loop+1","Conserve Battery"],"relics":["Cracked Core","NeowsBlessing","Centennial Puzzle","Ancient Tea Set"],"potions_floor_usage":[14,16,16],"damage_taken":[{"damage":0,"enemies":"Small Slimes","floor":1,"turns":1},{"damage":0,"enemies":"Jaw Worm","floor":4,"turns":1},{"damage":0,"enemies":"Lagavulin","floor":6,"turns":1},{"damage":0,"enemies":"Cultist","floor":10,"turns":3},{"damage":3,"enemies":"Blue Slaver","floor":11,"turns":4},{"damage":0,"enemies":"2 Fungi Beasts","floor":14,"turns":3},{"damage":42,"enemies":"Hexaghost","floor":16,"turns":14}],"seed_played":"4165407747490334415","potions_obtained":[{"floor":6,"key":"Block Potion"},{"floor":10,"key":"Swift Potion"},{"floor":14,"key":"Explosive Potion"}],"is_trial":false,"path_per_floor":["M","?","?","M","?","E","$","R","T","M","M","R","$","M","R","B"],"character_chosen":"DEFECT","items_purchased":["Loop"],"campfire_rested":0,"item_purchase_floors":[13],"current_hp_per_floor":[75,75,75,75,80,80,80,80,80,80,77,77,77,77,77,35],"gold":32,"neow_bonus":"THREE_ENEMY_KILL","is_prod":false,"is_daily":false,"chose_seed":false,"campfire_upgraded":3,"win_rate":1,"timestamp":1562014626,"path_taken":["M","?","?","M","?","E","$","R","T","M","M","R","$","M","R","BOSS"],"build_version":"2019-01-23","purchased_purges":1,"victory":false,"max_hp_per_floor":[75,75,75,75,80,80,80,80,80,80,80,80,80,80,80,80],"card_choices":[{"not_picked":["Streamline","Double Energy"],"picked":"Coolheaded","floor":1},{"not_picked":["Sweeping Beam","Redo"],"picked":"Biased Cognition","floor":4},{"not_picked":["Sweeping Beam","Streamline"],"picked":"Consume","floor":6},{"not_picked":["Compile Driver","Hello World"],"picked":"Coolheaded","floor":10},{"not_picked":["Rebound","Steam"],"picked":"Storm","floor":11},{"not_picked":["Gash","Aggregate"],"picked":"Conserve Battery","floor":14}],"player_experience":22502,"relics_obtained":[{"floor":6,"key":"Centennial Puzzle"},{"floor":9,"key":"Ancient Tea Set"}],"event_choices":[{"cards_removed":["Strike_B"],"damage_healed":0,"gold_gain":0,"player_choice":"Card Removal","damage_taken":0,"max_hp_gain":0,"max_hp_loss":0,"event_name":"The Cleric","floor":2,"gold_loss":50},{"cards_removed":["Strike_B"],"damage_healed":0,"gold_gain":0,"player_choice":"Forget","damage_taken":0,"max_hp_gain":0,"max_hp_loss":0,"event_name":"Living Wall","floor":3,"gold_loss":0},{"damage_healed":0,"gold_gain":0,"player_choice":"Donut","damage_taken":0,"max_hp_gain":5,"max_hp_loss":0,"event_name":"Big Fish","floor":5,"gold_loss":0}],"is_beta":false,"boss_relics":[],"items_purged_floors":[13],"is_endless":false,"potions_floor_spawned":[6,10,14],"killed_by":"Hexaghost","ascension_level":0}