{"gold_per_floor":[118,293,312,312,262,262,282,282,282,302,82,113,18,36,36,36],"floor_reached":16,"playtime":941,"items_purged":["Strike_R"],"score":135,"play_id":"08052fb3-7c4f-4109-8918-c65524aa9008","local_time":"20190817225404","is_ascension_mode":true,"campfire_choices":[{"data":"Feed","floor":6,"key":"SMITH"},{"data":"Bash","floor":8,"key":"SMITH"},{"data":"Whirlwind","floor":15,"key":"SMITH"}],"neow_cost":"NONE","seed_source_timestamp":8412301861700,"circlet_count":0,"master_deck":["Strike_R","Strike_R","Strike_R","Defend_R","Defend_R+1","Defend_R","Defend_R+1","Bash+1","Feed+1","Clothesline","Corruption","Impervious","Feel No Pain","Shrug It Off","Whirlwind+1"],"relics":["Burning Blood","War Paint","PreservedInsect","Dodecahedron"],"potions_floor_usage":[12,16,16],"damage_taken":[{"damage":14,"enemies":"Jaw Worm","floor":1,"turns":5},{"damage":2,"enemies":"2 Louse","floor":3,"turns":3},{"damage":7,"enemies":"Small Slimes","floor":7,"turns":4},{"damage":4,"enemies":"Exordium Wildlife","floor":10,"turns":5},{"damage":16,"enemies":"3 Sentries","floor":12,"turns":8},{"damage":1,"enemies":"Red Slaver","floor":14,"turns":7},{"damage":65,"enemies":"Hexaghost","floor":16,"turns":16}],"seed_played":"5519381244268504200","potions_obtained":[{"floor":7,"key":"Swift Potion"},{"floor":12,"key":"Poison Potion"},{"floor":14,"key":"Block Potion"}],"is_trial":false,"path_per_floor":["M","?","M","?","?","R","M","R","T","M","$","E","$","M","R","B"],"character_chosen":"IRONCLAD","items_purchased":["PreservedInsect","Feel No Pain","Shrug It Off"],"campfire_rested":0,"item_purchase_floors":[11,13,13],"current_hp_per_floor":[75,75,82,75,75,75,78,78,78,84,84,78,78,87,87,22],"gold":36,"neow_bonus":"ONE_RANDOM_RARE_CARD","is_prod":false,"is_daily":false,"chose_seed":false,"campfire_upgraded":3,"win_rate":0,"timestamp":1566078844,"path_taken":["M","?","M","?","?","R","?","R","T","M","?","E","$","M","R","BOSS"],"build_version":"2019-07-17","purchased_purges":1,"victory":false,"max_hp_per_floor":[83,83,86,86,86,86,90,90,90,94,94,98,98,102,102,102],"card_choices":[{"not_picked":["Disarm","Wild Strike"],"picked":"Clothesline","floor":1},{"not_picked":["Anger","Bloodletting","Flex"],"picked":"SKIP","floor":3},{"not_picked":["Body Slam","Sever Soul","Heavy Blade"],"picked":"SKIP","floor":7},{"not_picked":["Warcry","Anger"],"picked":"Corruption","floor":10},{"not_picked":["Cleave","Corruption"],"picked":"Impervious","floor":12},{"not_picked":["Clash","True Grit"],"picked":"Whirlwind","floor":14}],"player_experience":149466,"relics_obtained":[{"floor":9,"key":"War Paint"},{"floor":12,"key":"Dodecahedron"}],"event_choices":[{"damage_healed":0,"gold_gain":175,"player_choice":"AGREE","damage_taken":0,"max_hp_gain":0,"max_hp_loss":0,"event_name":"Liars Game","floor":2,"gold_loss":0,"cards_obtained":["Doubt"]},{"cards_removed":["Doubt"],"damage_healed":0,"gold_gain":0,"player_choice":"Card Removal","damage_taken":7,"max_hp_gain":0,"max_hp_loss":0,"event_name":"Golden Wing","floor":4,"gold_loss":0},{"cards_removed":["Strike_R"],"damage_healed":0,"gold_gain":0,"player_choice":"Card Removal","damage_taken":0,"max_hp_gain":0,"max_hp_loss":0,"event_name":"The Cleric","floor":5,"gold_loss":50}],"is_beta":false,"boss_relics":[],"items_purged_floors":[11],"is_endless":false,"potions_floor_spawned":[7,12,14],"killed_by":"Hexaghost","ascension_level":2}