{"gold_per_floor":[117,117,130,130,130,163,163,179,479,493,509,521,555,574,574,679,679,691,691,672,690,690,690,723,723],"floor_reached":25,"playtime":691,"items_purged":[],"score":260,"play_id":"00863fa2-5b42-4171-bbdc-d1bed36df4db","local_time":"20190401210347","is_ascension_mode":false,"campfire_choices":[{"data":"True Grit","floor":7,"key":"SMITH"},{"data":"Bash","floor":15,"key":"SMITH"},{"floor":23,"key":"REST"}],"neow_cost":"NONE","seed_source_timestamp":72679870209300,"circlet_count":0,"master_deck":["Strike_R+1","Strike_R+1","Strike_R+1","Strike_R+1","Strike_R+1","Defend_R+1","Defend_R+1","Defend_R+1","Defend_R+1","Bash+1","Twin Strike","Shrug It Off","True Grit+1","Shrug It Off","Spot Weakness","Battle Trance","Headbutt","Limit Break","Headbutt","Headbutt","Flame Barrier","Shame","True Grit+1"],"relics":["Burning Blood","NeowsBlessing","Gambling Chip","Old Coin","Du-Vu Doll","Runic Cube","PreservedInsect","Letter Opener"],"potions_floor_usage":[16,21,24],"damage_taken":[{"damage":0,"enemies":"Small Slimes","floor":1,"turns":1},{"damage":0,"enemies":"2 Louse","floor":3,"turns":1},{"damage":0,"enemies":"Gremlin Nob","floor":6,"turns":1},{"damage":2,"enemies":"Jaw Worm","floor":8,"turns":3},{"damage":4,"enemies":"Looter","floor":10,"turns":3},{"damage":22,"enemies":"Exordium Wildlife","floor":11,"turns":4},{"damage":0,"enemies":"2 Fungi Beasts","floor":12,"turns":4},{"damage":20,"enemies":"Lagavulin","floor":13,"turns":5},{"damage":35,"enemies":"Blue Slaver","floor":14,"turns":5},{"damage":15,"enemies":"Hexaghost","floor":16,"turns":9},{"damage":26,"enemies":"Chosen","floor":18,"turns":5},{"damage":16,"enemies":"2 Thieves","floor":20,"turns":4},{"damage":34,"enemies":"Snake Plant","floor":21,"turns":5},{"damage":44,"enemies":"Gremlin Leader","floor":24,"turns":9}],"seed_played":"8841343406066640074","potions_obtained":[{"floor":1,"key":"EntropicBrew"},{"floor":8,"key":"SpeedPotion"},{"floor":10,"key":"SkillPotion"},{"floor":14,"key":"Weak Potion"},{"floor":16,"key":"Energy Potion"},{"floor":21,"key":"Ancient Potion"},{"floor":24,"key":"Strength Potion"}],"is_trial":false,"path_per_floor":["M","?","M","?","?","E","R","M","T","M","M","M","E","M","R","B",null,"M","?","M","M","?","R","E","?"],"character_chosen":"IRONCLAD","items_purchased":[],"campfire_rested":1,"item_purchase_floors":[],"current_hp_per_floor":[80,80,80,64,69,75,75,79,79,81,65,71,57,28,28,19,85,65,65,55,27,27,52,14,0],"gold":723,"neow_bonus":"THREE_ENEMY_KILL","is_prod":false,"is_daily":false,"chose_seed":false,"campfire_upgraded":2,"win_rate":0,"timestamp":1554177827,"path_taken":["M","?","M","?","?","E","R","M","T","M","M","M","E","?","R","BOSS","M","?","M","M","?","R","E","?"],"build_version":"2019-01-23","purchased_purges":0,"victory":false,"max_hp_per_floor":[80,80,80,80,85,85,85,85,85,85,85,85,85,85,85,85,85,85,85,85,85,85,85,85,85],"card_choices":[{"not_picked":["Power Through","Heavy Blade"],"picked":"Twin Strike","floor":1},{"not_picked":["Feel No Pain","Heavy Blade"],"picked":"Shrug It Off","floor":3},{"not_picked":["Twin Strike","Dual Wield"],"picked":"True Grit","floor":6},{"not_picked":["Sword Boomerang","Perfected Strike"],"picked":"Shrug It Off","floor":8},{"not_picked":["Warcry","Shrug It Off"],"picked":"Spot Weakness","floor":10},{"not_picked":["Burning Pact","Warcry"],"picked":"Battle Trance","floor":11},{"not_picked":["Sever Soul","Hemokinesis","Sentinel"],"picked":"SKIP","floor":12},{"not_picked":["Dark Embrace","Body Slam","Corruption"],"picked":"SKIP","floor":13},{"not_picked":["Second Wind","Shrug It Off"],"picked":"Headbutt","floor":14},{"not_picked":["Offering","Demon Form"],"picked":"Limit Break","floor":16},{"not_picked":["Warcry","Seeing Red+1"],"picked":"Headbutt","floor":18},{"not_picked":["Dual Wield","Havoc"],"picked":"Headbutt","floor":20},{"not_picked":["Rampage","Flex"],"picked":"Flame Barrier","floor":21},{"not_picked":["Feel No Pain","Burning Pact"],"picked":"True Grit+1","floor":24}],"player_experience":1133483,"relics_obtained":[{"floor":6,"key":"Gambling Chip"},{"floor":9,"key":"Old Coin"},{"floor":13,"key":"Du-Vu Doll"},{"floor":24,"key":"Letter Opener"}],"event_choices":[{"damage_healed":0,"gold_gain":0,"player_choice":"Ignored","damage_taken":0,"max_hp_gain":0,"max_hp_loss":0,"event_name":"Liars Game","floor":2,"gold_loss":0},{"damage_healed":0,"gold_gain":0,"player_choice":"Entered Light","damage_taken":16,"max_hp_gain":0,"max_hp_loss":0,"event_name":"Shining Light","floor":4,"gold_loss":0,"cards_upgraded":["Defend_R","Strike_R"]},{"damage_healed":0,"gold_gain":0,"player_choice":"Donut","damage_taken":0,"max_hp_gain":5,"max_hp_loss":0,"event_name":"Big Fish","floor":5,"gold_loss":0},{"damage_healed":0,"gold_gain":0,"player_choice":"Simplicity","damage_taken":0,"max_hp_gain":0,"max_hp_loss":0,"event_name":"Back to Basics","floor":19,"gold_loss":0,"cards_upgraded":["Strike_R","Strike_R","Strike_R","Strike_R","Defend_R","Defend_R","Defend_R"]},{"damage_healed":0,"gold_gain":0,"player_choice":"Stole Relic","damage_taken":0,"relics_obtained":["PreservedInsect"],"max_hp_gain":0,"max_hp_loss":0,"event_name":"Addict","floor":22,"gold_loss":0,"cards_obtained":["Shame"]}],"is_beta":false,"boss_relics":[{"not_picked":["Runic Pyramid","Runic Dome"],"picked":"Runic Cube"}],"items_purged_floors":[],"is_endless":false,"potions_floor_spawned":[1,8,10,13,14,16,21,24],"ascension_level":0}