{"gold_per_floor":[365,137,137,65,75,75,75,1,1,1,19,19,35,48,48,146,146,158,170,200,220,220,220,45,45,124,124,124,45,62,62,62,62],"floor_reached":33,"playtime":1475,"items_purged":["Strike_R","Strike_R"],"score":282,"play_id":"f3b92297-9b79-45c8-96c4-6001fb740260","local_time":"20190927184307","is_ascension_mode":true,"campfire_choices":[{"data":"Barricade","floor":6,"key":"SMITH"},{"data":"Inflame","floor":10,"key":"SMITH"},{"data":"Whirlwind","floor":12,"key":"SMITH"},{"data":"Bash","floor":15,"key":"SMITH"},{"floor":23,"key":"REST"},{"floor":25,"key":"REST"},{"data":"Shrug It Off","floor":28,"key":"SMITH"},{"floor":32,"key":"REST"}],"neow_cost":"TEN_PERCENT_HP_LOSS","seed_source_timestamp":3610506979700,"circlet_count":0,"master_deck":["Strike_R","Strike_R","Defend_R","Defend_R","Defend_R","Defend_R","Bash+1","Rampage","Barricade+1","Whirlwind+1","Shrug It Off+1","Inflame+1","Heavy Blade","Double Tap","Iron Wave","Demon Form","Pommel Strike","Power Through","Shockwave"],"relics":["Burning Blood","Ornamental Fan","Sundial","Busted Crown","Red Mask","White Beast Statue"],"potions_floor_usage":[14,20,31],"damage_taken":[{"damage":2,"enemies":"Small Slimes","floor":1,"turns":4},{"damage":0,"enemies":"2 Louse","floor":5,"turns":1},{"damage":5,"enemies":"Cultist","floor":11,"turns":4},{"damage":12,"enemies":"Looter","floor":13,"turns":3},{"damage":0,"enemies":"Large Slime","floor":14,"turns":4},{"damage":33,"enemies":"Slime Boss","floor":16,"turns":7},{"damage":12,"enemies":"Chosen","floor":18,"turns":5},{"damage":13,"enemies":"Shell Parasite","floor":19,"turns":6},{"damage":30,"enemies":"Masked Bandits","floor":20,"turns":4},{"damage":29,"enemies":"Shelled Parasite and Fungi","floor":21,"turns":5},{"damage":12,"enemies":"Snake Plant","floor":30,"turns":5},{"damage":0,"enemies":"Centurion and Healer","floor":31,"turns":1},{"damage":80,"enemies":"Champ","floor":33,"turns":8}],"seed_played":"5978592748521049255","potions_obtained":[{"floor":1,"key":"Dexterity Potion"},{"floor":5,"key":"Strength Potion"},{"floor":30,"key":"SmokeBomb"}],"is_trial":false,"path_per_floor":["M","$","?","$","M","R","?","$","T","R","M","R","M","M","R","B",null,"M","M","?","M","?","R","$","R","T","?","R","$","M","M","R","B"],"character_chosen":"IRONCLAD","items_purchased":["Barricade","Whirlwind","Inflame","Power Through","Shockwave"],"campfire_rested":3,"item_purchase_floors":[2,4,8,24,29],"current_hp_per_floor":[72,72,69,69,72,72,65,65,65,65,66,66,60,66,66,39,72,66,59,35,12,12,33,33,54,54,54,54,54,48,54,72,0],"gold":62,"neow_bonus":"TWO_FIFTY_GOLD","is_prod":false,"is_daily":false,"chose_seed":false,"campfire_upgraded":5,"win_rate":0,"timestamp":1569606187,"path_taken":["M","$","?","$","M","R","?","$","T","R","M","R","M","M","R","BOSS","M","M","?","M","?","R","$","R","T","?","R","$","M","M","R","BOSS"],"build_version":"2019-09-26","purchased_purges":2,"victory":false,"max_hp_per_floor":[72,72,72,72,72,72,72,72,72,72,72,72,72,72,72,72,72,72,72,72,72,72,72,72,72,72,72,72,72,72,72,72,72],"card_choices":[{"not_picked":["Havoc","Wild Strike"],"picked":"Rampage","floor":1},{"not_picked":["Infernal Blade","Sentinel"],"picked":"Shrug It Off","floor":5},{"not_picked":["Second Wind","Twin Strike"],"picked":"Heavy Blade","floor":11},{"not_picked":["Hemokinesis","Warcry"],"picked":"Double Tap","floor":13},{"not_picked":["Thunderclap","Heavy Blade"],"picked":"Iron Wave","floor":14},{"not_picked":["Feed","Offering"],"picked":"Demon Form","floor":16},{"not_picked":[],"picked":"Pommel Strike","floor":18},{"not_picked":["Wild Strike"],"picked":"SKIP","floor":19},{"not_picked":["Clash+1"],"picked":"SKIP","floor":21},{"not_picked":["Feel No Pain"],"picked":"SKIP","floor":30}],"player_experience":257731,"relics_obtained":[{"floor":9,"key":"Sundial"},{"floor":20,"key":"Red Mask"},{"floor":26,"key":"White Beast Statue"}],"event_choices":[{"damage_healed":0,"gold_gain":0,"player_choice":"Success","damage_taken":3,"relics_obtained":["Ornamental Fan"],"max_hp_gain":0,"max_hp_loss":0,"event_name":"Scrap Ooze","floor":3,"gold_loss":0},{"cards_removed":["Strike_R"],"damage_healed":0,"gold_gain":0,"player_choice":"Card Removal","damage_taken":7,"max_hp_gain":0,"max_hp_loss":0,"event_name":"Golden Wing","floor":7,"gold_loss":0},{"damage_healed":0,"gold_gain":0,"player_choice":"Fought Bandits","damage_taken":0,"max_hp_gain":0,"max_hp_loss":0,"event_name":"Masked Bandits","floor":20,"gold_loss":0},{"damage_healed":0,"gold_gain":0,"player_choice":"Ignored","damage_taken":0,"max_hp_gain":0,"max_hp_loss":0,"event_name":"Ghosts","floor":22,"gold_loss":0},{"damage_healed":0,"gold_gain":0,"player_choice":"Ignored","damage_taken":0,"max_hp_gain":0,"max_hp_loss":0,"event_name":"N\u0027loth","floor":27,"gold_loss":0}],"is_beta":true,"boss_relics":[{"not_picked":["SacredBark","Snecko Eye"],"picked":"Busted Crown"}],"items_purged_floors":[2,24],"is_endless":false,"potions_floor_spawned":[1,5,30,31],"killed_by":"Champ","ascension_level":4}