{"gold_per_floor":[115,115,131,156,171,205,205,232,255,255,288,288,300,24,24,121,121,108,108,184,184,184,184],"floor_reached":23,"playtime":720,"items_purged":["Strike_G"],"score":353,"play_id":"4dc07771-656e-4f31-ac42-5465ac387c32","local_time":"20190404210731","is_ascension_mode":true,"campfire_choices":[{"floor":10,"key":"REST"},{"floor":12,"key":"REST"},{"floor":15,"key":"REST"}],"neow_cost":"NONE","seed_source_timestamp":786114285634317,"circlet_count":0,"master_deck":["AscendersBane","Defend_G+1","Defend_G+1","Defend_G+1","Defend_G+1","Defend_G+1","Strike_G+1","Strike_G+1","Strike_G+1","Strike_G+1","Survivor","Neutralize","Wraith Form v2","Panacea","Quick Slash","Poisoned Stab","Malaise","Deadly Poison","Dagger Throw","Deadly Poison","After Image","Dodge and Roll"],"relics":["Ring of the Snake","Strawberry","Nunchaku","Sundial","WingedGreaves","Juzu Bracelet","TwistedFunnel","Black Star","Matryoshka","MutagenicStrength"],"potions_floor_usage":[23],"damage_taken":[{"damage":0,"enemies":"2 Louse","floor":1,"turns":4},{"damage":1,"enemies":"Cultist","floor":3,"turns":4},{"damage":0,"enemies":"Small Slimes","floor":5,"turns":4},{"damage":41,"enemies":"Gremlin Nob","floor":6,"turns":5},{"damage":13,"enemies":"Lagavulin","floor":8,"turns":10},{"damage":34,"enemies":"3 Sentries","floor":11,"turns":12},{"damage":18,"enemies":"Exordium Wildlife","floor":13,"turns":5},{"damage":18,"enemies":"Hexaghost","floor":16,"turns":10},{"damage":13,"enemies":"2 Thieves","floor":18,"turns":4},{"damage":42,"enemies":"Slavers","floor":23,"turns":5}],"seed_played":"-6740266994368202757","potions_obtained":[{"floor":5,"key":"SpeedPotion"},{"floor":13,"key":"Fire Potion"}],"is_trial":false,"path_per_floor":["M","?","M","T","M","E","?","E","T","R","E","R","M","$","R","B",null,"M","?","T","?","?","E"],"character_chosen":"THE_SILENT","items_purchased":["TwistedFunnel"],"campfire_rested":3,"item_purchase_floors":[14],"current_hp_per_floor":[70,70,69,76,76,35,23,10,10,35,1,26,8,8,33,15,67,54,54,54,54,38,0],"gold":184,"neow_bonus":"TEN_PERCENT_HP_BONUS","is_prod":false,"is_daily":false,"chose_seed":false,"campfire_upgraded":0,"win_rate":0,"timestamp":1554433651,"path_taken":["M","?","?","?","?","E","?","E","T","R","E","R","M","$","R","BOSS","M","?","?","?","?","E"],"build_version":"2019-01-23","purchased_purges":1,"victory":false,"max_hp_per_floor":[77,77,77,84,84,84,84,84,84,84,84,84,84,84,84,84,84,84,84,84,84,89,89],"card_choices":[{"not_picked":["Underhanded Strike","Eviscerate","Outmaneuver"],"picked":"SKIP","floor":1},{"not_picked":["Masterful Stab","Expertise"],"picked":"Quick Slash","floor":3},{"not_picked":["Slice","Prepared"],"picked":"Poisoned Stab","floor":5},{"not_picked":["Expertise","Deflect"],"picked":"Malaise","floor":6},{"not_picked":["Dagger Throw","Doppelganger"],"picked":"Deadly Poison","floor":8},{"not_picked":["Backflip","Sucker Punch"],"picked":"Dagger Throw","floor":11},{"not_picked":["Flying Knee","Dagger Throw"],"picked":"Deadly Poison","floor":13},{"not_picked":["A Thousand Cuts","Glass Knife"],"picked":"After Image","floor":16},{"not_picked":["Quick Slash+1","Dagger Spray+1"],"picked":"Dodge and Roll","floor":18}],"player_experience":495971,"relics_obtained":[{"floor":4,"key":"Strawberry"},{"floor":6,"key":"Nunchaku"},{"floor":8,"key":"WingedGreaves"},{"floor":11,"key":"Juzu Bracelet"},{"floor":20,"key":"Matryoshka"}],"event_choices":[{"damage_healed":0,"gold_gain":0,"player_choice":"2 cards matched","damage_taken":0,"max_hp_gain":0,"max_hp_loss":0,"event_name":"Match and Keep!","floor":2,"gold_loss":0,"cards_obtained":["Wraith Form v2","Panacea"]},{"damage_healed":0,"gold_gain":0,"player_choice":"Success","damage_taken":12,"relics_obtained":["Sundial"],"max_hp_gain":0,"max_hp_loss":0,"event_name":"Scrap Ooze","floor":7,"gold_loss":0},{"damage_healed":0,"gold_gain":0,"player_choice":"Simplicity","damage_taken":0,"max_hp_gain":0,"max_hp_loss":0,"event_name":"Back to Basics","floor":19,"gold_loss":0,"cards_upgraded":["Defend_G","Defend_G","Defend_G","Defend_G","Defend_G","Strike_G","Strike_G","Strike_G","Strike_G"]},{"damage_healed":0,"gold_gain":0,"player_choice":"Inject Mutagens","damage_taken":0,"relics_obtained":["MutagenicStrength"],"max_hp_gain":0,"max_hp_loss":0,"event_name":"Drug Dealer","floor":21,"gold_loss":0},{"damage_healed":0,"gold_gain":0,"player_choice":"Shed Blood","damage_taken":21,"max_hp_gain":5,"max_hp_loss":0,"event_name":"Forgotten Altar","floor":22,"gold_loss":0}],"is_beta":false,"boss_relics":[{"not_picked":["Coffee Dripper","Runic Pyramid"],"picked":"Black Star"}],"items_purged_floors":[14],"is_endless":false,"potions_floor_spawned":[5,13,16,18],"killed_by":"Slavers","ascension_level":12}