{"gold_per_floor":[111,111,11,26,42,72,92,92,139,155,155,190,190,223,223,295,295,314,327,327,339,352,352,364,364,364,382,402,402,402,602,602,680,680,697,709,32,77,77,77,107,107,107,122,139,153,172,188,188,188],"floor_reached":51,"playtime":2133,"items_purged":["Strike_R","Strike_R"],"score":1325,"play_id":"e1afa8fc-a4d9-478c-a435-320627c2e186","local_time":"20190908102124","is_ascension_mode":true,"campfire_choices":[{"floor":8.0,"key":"REST"},{"floor":11.0,"key":"REST"},{"floor":13.0,"key":"REST"},{"data":"Demon Form","floor":15.0,"key":"SMITH"},{"data":"Pommel Strike","floor":23,"key":"SMITH"},{"data":"Sword Boomerang","floor":25,"key":"SMITH"},{"floor":29,"key":"REST"},{"data":"Flame Barrier","floor":32,"key":"SMITH"},{"data":"1","floor":40,"key":"LIFT"},{"floor":42,"key":"REST"},{"data":"2","floor":49,"key":"LIFT"}],"neow_cost":"TEN_PERCENT_HP_LOSS","seed_source_timestamp":0,"circlet_count":0,"master_deck":["AscendersBane","Defend_R","Defend_R","Defend_R","Bash+1","Metallicize","Demon Form+1","Pommel Strike+1","Sword Boomerang+1","Hemokinesis","Flame Barrier+1","Wild Strike+1","Headbutt+1","Disarm+1","Reaper+1","Cleave+1","Anger+1","Ghostly Armor","Uppercut+1","Clothesline+1"],"special_seed":0,"relics":["Burning Blood","Molten Egg 2","Pen Nib","Red Skull","The Courier","Busted Crown","Darkstone Periapt","MutagenicStrength","Runic Dome","Bronze Scales","Blood Vial","qcfpunch:Fighting_Gloves","Girya","Strawberry","Incense Burner"],"potions_floor_usage":[33,50,50],"damage_taken":[{"damage":4.0,"enemies":"Small Slimes","floor":1.0,"turns":5.0},{"damage":6.0,"enemies":"Cultist","floor":4.0,"turns":3.0},{"damage":2.0,"enemies":"2 Louse","floor":5.0,"turns":3.0},{"damage":42.0,"enemies":"3 Sentries","floor":6.0,"turns":7.0},{"damage":23.0,"enemies":"Gremlin Gang","floor":7.0,"turns":8.0},{"damage":19.0,"enemies":"3 Louse","floor":10.0,"turns":4.0},{"damage":18.0,"enemies":"Lagavulin","floor":12.0,"turns":6.0},{"damage":32.0,"enemies":"Gremlin Nob","floor":14.0,"turns":4.0},{"damage":17.0,"enemies":"Hexaghost","floor":16.0,"turns":8.0},{"damage":14,"enemies":"3 Byrds","floor":18,"turns":5},{"damage":4,"enemies":"Shell Parasite","floor":19,"turns":6},{"damage":21,"enemies":"Centurion and Healer","floor":21,"turns":5},{"damage":14,"enemies":"3 Cultists","floor":22,"turns":5},{"damage":36,"enemies":"Snake Plant","floor":24,"turns":4},{"damage":21,"enemies":"Shelled Parasite and Fungi","floor":27,"turns":4},{"damage":22,"enemies":"Sentry and Sphere","floor":28,"turns":4},{"damage":41,"enemies":"Collector","floor":33,"turns":8},{"damage":4,"enemies":"Orb Walker","floor":35,"turns":2},{"damage":47,"enemies":"3 Darklings","floor":36,"turns":5},{"damage":50,"enemies":"2 Orb Walkers","floor":38,"turns":4},{"damage":38,"enemies":"Giant Head","floor":41,"turns":8},{"damage":71,"enemies":"4 Shapes","floor":44,"turns":8},{"damage":11,"enemies":"Transient","floor":45,"turns":5},{"damage":26,"enemies":"Spire Growth","floor":46,"turns":5},{"damage":22,"enemies":"Sphere and 2 Shapes","floor":47,"turns":4},{"damage":0,"enemies":"3 Darklings","floor":48,"turns":4},{"damage":71,"enemies":"Time Eater","floor":50,"turns":10}],"seed_played":"-8938751981998184808","potions_obtained":[{"floor":10.0,"key":"SteroidPotion"},{"floor":12.0,"key":"SkillPotion"},{"floor":16.0,"key":"Ancient Potion"},{"floor":19,"key":"Block Potion"},{"floor":36,"key":"AttackPotion"}],"is_trial":false,"path_per_floor":["M","?","$","M","M","E","M","R","T","M","R","E","R","E","R","B",null,"M","M","?","M","M","R","M","R","T","M","M","R","?","?","R","B",null,"M","M","$","?","?","R","E","R","T","M","M","M","M","M","R","B",null],"character_chosen":"IRONCLAD","items_purchased":["Pommel Strike","Bronze Scales","Blood Vial","qcfpunch:Fighting_Gloves","Uppercut+1"],"campfire_rested":5,"item_purchase_floors":[3,37,37,37,37],"current_hp_per_floor":[68,68,68,68,68,32,15,35,35,22,42,30,50,24,24,13,54,53,55,55,68,60,60,30,30,30,32,32,52,52,52,52,41,61,63,50,50,48,48,48,46,68,68,41,47,47,33,75,75,48],"gold":188,"neow_bonus":"REMOVE_TWO","is_prod":false,"is_daily":false,"chose_seed":false,"campfire_upgraded":4,"win_rate":0,"timestamp":1567963284,"path_taken":["M","?","?","M","M","E","M","R","T","M","R","E","R","E","R","BOSS","M","?","?","M","M","R","M","R","T","?","M","R","?","?","R","BOSS","M","M","$","?","?","R","E","R","T","M","M","M","M","M","R","BOSS"],"build_version":"2019-07-17","purchased_purges":2,"victory":true,"max_hp_per_floor":[68,68,68,68,68,68,68,68,68,68,68,68,68,68,68,68,68,68,68,68,68,68,68,68,68,68,68,68,68,68,68,68,68,68,68,68,68,68,68,68,75,75,75,75,75,75,75,75,75,75],"card_choices":[{"not_picked":["Body Slam","Warcry"],"picked":"Metallicize","floor":1.0},{"not_picked":["Iron Wave","Exhume"],"picked":"Sword Boomerang","floor":4.0},{"not_picked":["Power Through","Wild Strike"],"picked":"Hemokinesis","floor":5.0},{"not_picked":["Bludgeon","Inflame"],"picked":"Flame Barrier","floor":6.0},{"not_picked":["Battle Trance","Bloodletting"],"picked":"Wild Strike+1","floor":7.0},{"not_picked":["Havoc","Clash+1","Sever Soul+1"],"picked":"SKIP","floor":10.0},{"not_picked":["Evolve","Heavy Blade+1"],"picked":"Headbutt+1","floor":12.0},{"not_picked":["Uppercut+1","Combust"],"picked":"Disarm","floor":14.0},{"not_picked":["Juggernaut","Barricade"],"picked":"Reaper+1","floor":16.0},{"not_picked":[],"picked":"Cleave+1","floor":18},{"not_picked":[],"picked":"Anger+1","floor":19},{"not_picked":["Bloodletting"],"picked":"SKIP","floor":21},{"not_picked":["Headbutt+1"],"picked":"SKIP","floor":22},{"not_picked":[],"picked":"Ghostly Armor","floor":24},{"not_picked":["Anger+1"],"picked":"SKIP","floor":27},{"not_picked":["Reckless Charge+1"],"picked":"SKIP","floor":28},{"not_picked":["Searing Blow+1"],"picked":"SKIP","floor":35},{"not_picked":["Sword Boomerang+1"],"picked":"SKIP","floor":36},{"not_picked":["Entrench+1"],"picked":"SKIP","floor":41},{"not_picked":["Cleave+1"],"picked":"SKIP","floor":44},{"not_picked":["Perfected Strike+1"],"picked":"SKIP","floor":45},{"not_picked":["Clash+1"],"picked":"SKIP","floor":46},{"not_picked":["Headbutt+1"],"picked":"SKIP","floor":47},{"not_picked":[],"picked":"Clothesline+1","floor":48}],"player_experience":1382025,"relics_obtained":[{"floor":6.0,"key":"Molten Egg 2"},{"floor":9.0,"key":"Pen Nib"},{"floor":12.0,"key":"Red Skull"},{"floor":14.0,"key":"The Courier"},{"floor":26,"key":"Darkstone Periapt"},{"floor":38,"key":"Girya"},{"floor":41,"key":"Strawberry"},{"floor":43,"key":"Incense Burner"}],"event_choices":[{"damage_healed":0.0,"max_hp_gain":0.0,"max_hp_loss":0.0,"gold_gain":0.0,"event_name":"Match and Keep!","player_choice":"1 cards matched","floor":2.0,"gold_loss":0.0,"damage_taken":0.0,"cards_obtained":["Demon Form"]},{"cards_removed":["Strike_R"],"damage_healed":0,"gold_gain":0,"player_choice":"Offered Basic","damage_taken":0,"max_hp_gain":0,"max_hp_loss":0,"event_name":"Bonfire Elementals","floor":20,"gold_loss":0},{"damage_healed":0,"gold_gain":0,"player_choice":"Inject Mutagens","damage_taken":0,"relics_obtained":["MutagenicStrength"],"max_hp_gain":0,"max_hp_loss":0,"event_name":"Drug Dealer","floor":30,"gold_loss":0},{"damage_healed":0,"gold_gain":250,"player_choice":"Bet on Owner","damage_taken":0,"max_hp_gain":0,"max_hp_loss":0,"event_name":"The Joust","floor":31,"gold_loss":50},{"damage_healed":0,"gold_gain":0,"player_choice":"Fight","damage_taken":0,"max_hp_gain":0,"max_hp_loss":0,"event_name":"Mysterious Sphere","floor":38,"gold_loss":0},{"cards_removed":["Defend_R"],"damage_healed":0,"gold_gain":0,"player_choice":"Removed Skill","damage_taken":0,"max_hp_gain":0,"max_hp_loss":0,"event_name":"Falling","floor":39,"gold_loss":0}],"is_beta":false,"boss_relics":[{"not_picked":["Philosopher\u0027s Stone","Black Blood"],"picked":"Busted Crown"},{"not_picked":["Sozu","Eternal Feather"],"picked":"Runic Dome"}],"items_purged_floors":[3,37],"is_endless":false,"potions_floor_spawned":[10,12,16,19,21,22,36,38,44,46],"ascension_level":16}