{"gold_per_floor":[109,109,109,121,121,154,10,85,133,185,201,201,220,74,74,175,175,186,206,0,0,82,82,92,108,157,168,181,194,194,205,205,310,310,320,320,337,353,68,98,109,109,136,136,136,136,149,163,163,163],"floor_reached":50,"playtime":10371,"items_purged":["Calculated Gamble"],"score":551,"play_id":"4f50cef7-6865-4f27-89ae-51fc6bc314eb","local_time":"20180714210623","is_ascension_mode":false,"campfire_choices":[{"floor":12,"key":"REST"},{"data":"Neutralize","floor":15,"key":"SMITH"},{"data":"Infinite Blades","floor":23,"key":"SMITH"},{"floor":32,"key":"REST"},{"data":"Adrenaline","floor":42,"key":"SMITH"},{"data":"Accuracy","floor":44,"key":"SMITH"},{"floor":49,"key":"REST"}],"neow_cost":"TEN_PERCENT_HP_LOSS","seed_source_timestamp":2488808820526500,"circlet_count":0,"master_deck":["Survivor","Neutralize+1","Footwork","Blade Dance","Cloak And Dagger","Cloak And Dagger","Prepared","Adrenaline+1","Infinite Blades+1","Terror","Cloak And Dagger","Flash of Steel+1","Backflip","Sucker Punch+1","Cloak And Dagger","Footwork","Dagger Throw+1","Poisoned Stab+1","Deflect","PiercingWail","Deflect","Blur+1","Dagger Spray+1","Cloak And Dagger+1","Leg Sweep+1","Accuracy+1","Flying Knee+1","Acrobatics+1","Cloak And Dagger+1","Finisher+1","Finisher+1","Riddle With Holes+1","Secret Technique+1","Infinite Blades+1","Backstab+1"],"relics":["Ring of the Serpent","Centennial Puzzle","Molten Egg 2","Ancient Tea Set","Regal Pillow","Pandora\u0027s Box","Happy Flower","Toxic Egg 2","Vajra","Sling","Lantern","Bag of Preparation"],"potions_floor_usage":[6,16,16,16,25,27,28,33,41,48,50,50],"damage_taken":[{"damage":0,"enemies":"Jaw Worm","floor":1,"turns":5},{"damage":1,"enemies":"2 Louse","floor":4,"turns":4},{"damage":24,"enemies":"3 Sentries","floor":6,"turns":9},{"damage":0,"enemies":"Small Slimes","floor":11,"turns":3},{"damage":1,"enemies":"Blue Slaver","floor":13,"turns":3},{"damage":17,"enemies":"Slime Boss","floor":16,"turns":10},{"damage":2,"enemies":"Shell Parasite","floor":18,"turns":5},{"damage":0,"enemies":"Chosen","floor":19,"turns":4},{"damage":2,"enemies":"Slaver and Parasite","floor":24,"turns":8},{"damage":1,"enemies":"Centurion and Healer","floor":25,"turns":5},{"damage":11,"enemies":"Snecko","floor":27,"turns":5},{"damage":0,"enemies":"Cultist and Chosen","floor":28,"turns":7},{"damage":0,"enemies":"Snake Plant","floor":29,"turns":3},{"damage":9,"enemies":"Sentry and Sphere","floor":31,"turns":6},{"damage":39,"enemies":"Automaton","floor":33,"turns":10},{"damage":5,"enemies":"Orb Walker","floor":35,"turns":2},{"damage":6,"enemies":"3 Shapes","floor":37,"turns":4},{"damage":0,"enemies":"Transient","floor":38,"turns":5},{"damage":1,"enemies":"Giant Head","floor":40,"turns":6},{"damage":0,"enemies":"Flame Bruiser 2 Orb","floor":41,"turns":5},{"damage":4,"enemies":"Sphere and 2 Shapes","floor":47,"turns":4},{"damage":12,"enemies":"Spire Growth","floor":48,"turns":4},{"damage":83,"enemies":"Time Eater","floor":50,"turns":11}],"seed_played":"7316773585073360721","potions_obtained":[{"floor":1,"key":"AttackPotion"},{"floor":4,"key":"FearPotion"},{"floor":6,"key":"SkillPotion"},{"floor":11,"key":"LiquidBronze"},{"floor":16,"key":"FearPotion"},{"floor":19,"key":"SteroidPotion"},{"floor":27,"key":"Block Potion"},{"floor":28,"key":"Poison Potion"},{"floor":29,"key":"Regen Potion"},{"floor":35,"key":"AttackPotion"},{"floor":38,"key":"Swift Potion"},{"floor":47,"key":"Dexterity Potion"}],"is_trial":false,"path_per_floor":["M","?","?","M","?","E","$","?","T","T","M","R","M","$","R","B",null,"M","M","?","?","T","R","M","M","T","M","M","M","?","M","R","B",null,"M","?","M","M","$","E","M","R","T","R","?","?","M","M","R"],"character_chosen":"THE_SILENT","items_purchased":["Adrenaline","Cloak And Dagger","Flash of Steel+1","Sling"],"campfire_rested":3,"item_purchase_floors":[7,14,14,39],"current_hp_per_floor":[63,63,38,37,58,34,34,23,23,23,23,56,55,55,55,38,63,61,61,61,61,61,61,59,58,58,47,47,47,47,38,63,24,63,58,58,52,52,52,51,51,51,51,51,51,51,47,35,63,0],"gold":163,"neow_bonus":"TRANSFORM_TWO_CARDS","is_prod":false,"is_daily":false,"chose_seed":false,"campfire_upgraded":4,"win_rate":0,"timestamp":1531627583,"path_taken":["M","?","?","M","?","E","$","?","T","?","M","R","M","?","R","BOSS","M","M","?","?","?","R","?","M","T","?","M","M","?","?","R","BOSS","M","?","?","M","$","E","M","R","T","R","?","?","M","M","R","BOSS"],"build_version":"2018-07-12","purchased_purges":1,"victory":false,"max_hp_per_floor":[63,63,63,63,63,63,63,63,63,63,63,63,63,63,63,63,63,63,63,63,63,63,63,63,63,63,63,63,63,63,63,63,63,63,63,63,63,63,63,63,63,63,63,63,63,63,63,63,63,63],"card_choices":[{"not_picked":["Malaise","Well Laid Plans"],"picked":"Cloak And Dagger","floor":1},{"not_picked":["Flechettes","Outmaneuver"],"picked":"Cloak And Dagger","floor":4},{"not_picked":["Deadly Poison","Escape Plan"],"picked":"Prepared","floor":6},{"not_picked":["PiercingWail","Cloak And Dagger"],"picked":"Infinite Blades","floor":11},{"not_picked":["Escape Plan","Catalyst"],"picked":"Terror","floor":13},{"not_picked":["Dagger Throw+1","Acrobatics+1"],"picked":"PiercingWail","floor":18},{"not_picked":["Distraction","Skewer+1"],"picked":"Deflect","floor":19},{"not_picked":["Poisoned Stab+1","Sucker Punch+1"],"picked":"Blur+1","floor":24},{"not_picked":["Quick Slash+1","Outmaneuver+1"],"picked":"Dagger Spray+1","floor":25},{"not_picked":["Flying Knee+1","Choke+1"],"picked":"Cloak And Dagger+1","floor":27},{"not_picked":["Phantasmal Killer+1","Masterful Stab+1","Deadly Poison+1"],"picked":"SKIP","floor":28},{"not_picked":["Deadly Poison+1","Flying Knee+1"],"picked":"Leg Sweep+1","floor":29},{"not_picked":["Outmaneuver+1","Dagger Throw+1"],"picked":"Flying Knee+1","floor":31},{"not_picked":["A Thousand Cuts","Burst+1"],"picked":"After Image","floor":33},{"not_picked":["Backflip+1","Deflect+1"],"picked":"Acrobatics+1","floor":35},{"not_picked":["Dash+1","Poisoned Stab+1"],"picked":"Cloak And Dagger+1","floor":37},{"not_picked":["Poisoned Stab+1","Sucker Punch+1"],"picked":"Finisher+1","floor":38},{"not_picked":["PiercingWail+1","Dash+1"],"picked":"Finisher+1","floor":40},{"not_picked":["Flechettes+1","Bane+1"],"picked":"Riddle With Holes+1","floor":41},{"not_picked":["Deep Breath+1","Purity+1"],"picked":"Secret Technique+1","floor":46},{"not_picked":["Distraction+1","Acrobatics+1"],"picked":"Infinite Blades+1","floor":47},{"not_picked":["Dagger Throw+1","Slice+1"],"picked":"Backstab+1","floor":48}],"player_experience":69380,"relics_obtained":[{"floor":6,"key":"Molten Egg 2"},{"floor":9,"key":"Ancient Tea Set"},{"floor":10,"key":"Regal Pillow"},{"floor":22,"key":"Toxic Egg 2"},{"floor":26,"key":"Vajra"},{"floor":40,"key":"Lantern"},{"floor":43,"key":"Bag of Preparation"}],"event_choices":[{"event_name":"Liars Game","player_choice":"disagreed","floor":2,"damage_taken":0},{"event_name":"Scrap Ooze","player_choice":"success","floor":3,"damage_taken":25},{"event_name":"Big Fish","player_choice":"Banana","floor":5,"damage_taken":0},{"event_name":"World of Goop","player_choice":"Gather Gold","floor":8,"damage_taken":0},{"event_name":"Masked Bandits","player_choice":"Paid Bandits 206 gold","floor":20,"damage_taken":0},{"event_name":"The Mausoleum","player_choice":"Yes","floor":21,"damage_taken":0},{"event_name":"The Library","player_choice":"Read","floor":30,"damage_taken":0},{"event_name":"Tomb of Lord Red Mask","player_choice":"Ignored","floor":36,"damage_taken":0},{"event_name":"Falling","player_choice":"Removed Power","floor":45,"damage_taken":0},{"event_name":"SensoryStone","player_choice":"Memory 1","floor":46,"damage_taken":0}],"boss_relics":[{"not_picked":["Calling Bell","Tiny House"],"picked":"Pandora\u0027s Box"},{"not_picked":["Eternal Feather","Runic Pyramid"],"picked":"Ring of the Serpent"}],"items_purged_floors":[39],"is_endless":false,"potions_floor_spawned":[1,4,6,11,16,19,27,28,29,35,38,47],"killed_by":"Time Eater","ascension_level":0}