{"gold_per_floor":[109,109,34,49,72,100,100,100,127,127,138,138,154,154],"floor_reached":14,"playtime":620,"items_purged":["Strike_P"],"score":113,"play_id":"0c84ccad-a732-4140-a6c7-c027ae7e4293","local_time":"20190920161120","is_ascension_mode":false,"campfire_choices":[{"data":"Eruption","floor":8,"key":"SMITH"},{"data":"MentalFortress","floor":10,"key":"SMITH"},{"data":"ThirdEye","floor":12,"key":"SMITH"}],"neow_cost":"NONE","seed_source_timestamp":685793646500,"circlet_count":0,"master_deck":["Strike_P","Strike_P","Defend_P","Defend_P","Defend_P","Defend_P","Eruption+1","Vigilance","MentalFortress+1","ThirdEye+1","Protect","Vengeance","Crescendo"],"relics":["PureWater","NeowsBlessing","Oddly Smooth Stone","PreservedInsect","Bag of Preparation"],"potions_floor_usage":[13],"damage_taken":[{"damage":0,"enemies":"Jaw Worm","floor":1,"turns":1},{"damage":0,"enemies":"Cultist","floor":4,"turns":1},{"damage":0,"enemies":"Gremlin Nob","floor":6,"turns":1},{"damage":2,"enemies":"2 Louse","floor":11,"turns":4},{"damage":23,"enemies":"Red Slaver","floor":13,"turns":8},{"damage":0,"enemies":"2 Fungi Beasts","floor":14,"turns":2}],"seed_played":"4734121151037129999","potions_obtained":[{"floor":1,"key":"DuplicationPotion"}],"is_trial":false,"path_per_floor":["M","?","$","M","T","E","?","R","T","R","M","R","M","M"],"character_chosen":"WATCHER","items_purchased":[],"campfire_rested":0,"item_purchase_floors":[],"current_hp_per_floor":[65,65,65,65,65,65,65,65,65,65,63,63,40,40],"gold":154,"neow_bonus":"THREE_ENEMY_KILL","is_prod":false,"is_daily":false,"chose_seed":false,"campfire_upgraded":3,"win_rate":0.0,"timestamp":1568992280,"path_taken":["M","?","$","?","?","E","?","R","T","R","?","R","M","M"],"build_version":"2019-09-19","purchased_purges":1,"victory":false,"max_hp_per_floor":[65,65,65,65,65,65,65,65,65,65,65,65,65,65],"card_choices":[{"not_picked":["FlurryOfBlows","BowlingBash"],"picked":"MentalFortress","floor":1},{"not_picked":["Sanctity","JustLucky"],"picked":"ThirdEye","floor":4},{"not_picked":["CutThroughFate","SignatureMove"],"picked":"Protect","floor":6},{"not_picked":["Meditate","Protect"],"picked":"Vengeance","floor":11},{"not_picked":["ThirdEye","InnerPeace"],"picked":"Crescendo","floor":13}],"player_experience":216867,"relics_obtained":[{"floor":5,"key":"Oddly Smooth Stone"},{"floor":6,"key":"PreservedInsect"},{"floor":9,"key":"Bag of Preparation"}],"event_choices":[{"damage_healed":0,"gold_gain":0,"player_choice":"Bought 0 Potions","damage_taken":0,"max_hp_gain":0,"max_hp_loss":0,"event_name":"The Woman in Blue","floor":2,"gold_loss":0},{"cards_removed":["Strike_P"],"damage_healed":0,"gold_gain":0,"player_choice":"Offered Basic","damage_taken":0,"max_hp_gain":0,"max_hp_loss":0,"event_name":"Bonfire Elementals","floor":7,"gold_loss":0}],"is_beta":true,"boss_relics":[],"items_purged_floors":[3],"is_endless":false,"potions_floor_spawned":[1],"killed_by":"2 Fungi Beasts","ascension_level":0}