{"gold_per_floor":[18,32,32,32,45,45,59,84,119,131,176,203,215,280,292,304],"floor_reached":16,"playtime":471,"items_purged":[],"score":204,"play_id":"32f4ed17-446c-4029-8168-273d9c011ded","local_time":"20190928133035","is_ascension_mode":true,"campfire_choices":[{"data":"Glass Knife","floor":6.0,"key":"SMITH"},{"floor":15.0,"key":"REST"}],"neow_cost":"NO_GOLD","seed_source_timestamp":55608495556468,"circlet_count":0,"master_deck":["AscendersBane","Strike_G","Strike_G","Strike_G","Strike_G","Defend_G","Defend_G","Defend_G","Defend_G","Defend_G","Survivor","Neutralize+1","Glass Knife+1","Heel Hook","Quick Slash","Dash","Sucker Punch","Dodge and Roll","Dodge and Roll"],"special_seed":0,"relics":["Ring of the Snake","MawBank","Happy Flower","Bronze Scales","Tiny Chest"],"potions_floor_usage":[],"damage_taken":[{"damage":0.0,"enemies":"2 Louse","floor":1.0,"turns":2.0},{"damage":4.0,"enemies":"Jaw Worm","floor":2.0,"turns":4.0},{"damage":5.0,"enemies":"Small Slimes","floor":5.0,"turns":3.0},{"damage":1.0,"enemies":"Looter","floor":7.0,"turns":2.0},{"damage":10.0,"enemies":"Lagavulin","floor":8.0,"turns":6.0},{"damage":10.0,"enemies":"3 Sentries","floor":11.0,"turns":6.0},{"damage":0.0,"enemies":"2 Fungi Beasts","floor":12.0,"turns":2.0},{"damage":43,"enemies":"Slime Boss","floor":16,"turns":10}],"seed_played":"-6544336874666588833","potions_obtained":[{"floor":2.0,"key":"Poison Potion"}],"is_trial":false,"path_per_floor":["M","M","$","?","M","R","M","E","T","?","E","M","?","T","R","B"],"character_chosen":"THE_SILENT","items_purchased":[],"campfire_rested":1,"item_purchase_floors":[],"current_hp_per_floor":[59,55,55,55,50,50,49,39,39,32,22,22,22,22,41,0],"gold":304,"neow_bonus":"THREE_RARE_CARDS","is_prod":false,"is_daily":false,"chose_seed":false,"campfire_upgraded":1,"win_rate":0,"timestamp":1569702635,"path_taken":["M","M","$","?","M","R","M","E","T","?","E","M","?","?","R","BOSS"],"build_version":"2019-09-27","purchased_purges":0,"victory":false,"max_hp_per_floor":[66,66,66,66,66,66,66,66,66,66,66,66,66,66,66,66],"card_choices":[{"not_picked":["Adrenaline","Burst"],"picked":"Glass Knife","floor":0.0},{"not_picked":["Slice","Deflect"],"picked":"Heel Hook","floor":1.0},{"not_picked":["Crippling Poison","Dagger Spray"],"picked":"Quick Slash","floor":2.0},{"not_picked":["Distraction","Blur"],"picked":"Dash","floor":5.0},{"not_picked":["Bane","Catalyst","PiercingWail"],"picked":"SKIP","floor":7.0},{"not_picked":["Dagger Spray","Doppelganger"],"picked":"Sucker Punch","floor":8.0},{"not_picked":["Flying Knee","Predator"],"picked":"Dodge and Roll","floor":11.0},{"not_picked":["Cloak And Dagger","All Out Attack"],"picked":"Dodge and Roll","floor":12.0}],"player_experience":701138,"relics_obtained":[{"floor":8.0,"key":"MawBank"},{"floor":9.0,"key":"Happy Flower"},{"floor":11.0,"key":"Bronze Scales"},{"floor":14.0,"key":"Tiny Chest"}],"event_choices":[{"damage_healed":0.0,"max_hp_gain":0.0,"max_hp_loss":0.0,"gold_gain":0.0,"event_name":"Golden Idol","player_choice":"Ignored","floor":4.0,"gold_loss":0.0,"damage_taken":0.0},{"cards_removed":["Strike_G"],"damage_healed":0.0,"max_hp_gain":0.0,"max_hp_loss":0.0,"gold_gain":0.0,"event_name":"Golden Wing","player_choice":"Card Removal","floor":10.0,"gold_loss":0.0,"damage_taken":7.0},{"damage_healed":0.0,"max_hp_gain":0.0,"max_hp_loss":0.0,"gold_gain":0.0,"event_name":"Living Wall","player_choice":"Grow","floor":13.0,"gold_loss":0.0,"damage_taken":0.0,"cards_upgraded":["Neutralize"]}],"is_beta":true,"boss_relics":[],"items_purged_floors":[],"is_endless":false,"potions_floor_spawned":[2],"killed_by":"Slime Boss","ascension_level":17}