{"gold_per_floor":[109,109,109,109,126,155,170,170,170,23,23,23,54,74,74,74],"floor_reached":16,"playtime":13458,"items_purged":[],"score":173,"play_id":"e5b9db27-3fe4-468e-8d7b-f2036760665d","local_time":"20181019192342","is_ascension_mode":true,"campfire_choices":[{"data":"Bash","floor":8,"key":"SMITH"},{"data":"Metallicize","floor":11,"key":"SMITH"},{"data":"Searing Blow","floor":15,"key":"SMITH"}],"neow_cost":"PERCENT_DAMAGE","seed_source_timestamp":847446353030152,"circlet_count":0,"master_deck":["Strike_R","Strike_R+1","Strike_R","Strike_R+1","Strike_R","Defend_R+1","Defend_R","Defend_R","Bash+1","AscendersBane","Shrug It Off+1","Power Through","Impervious","Metallicize+1","Searing Blow+1","Pommel Strike"],"relics":["Burning Blood","StoneCalendar","War Paint","Ancient Tea Set","Bottled Lightning","Bottled Tornado"],"potions_floor_usage":[16],"damage_taken":[{"damage":3,"enemies":"2 Louse","floor":1,"turns":4},{"damage":7,"enemies":"Jaw Worm","floor":5,"turns":4},{"damage":21,"enemies":"Lagavulin","floor":6,"turns":7},{"damage":1,"enemies":"Cultist","floor":7,"turns":3},{"damage":4,"enemies":"Gremlin Nob","floor":13,"turns":4},{"damage":0,"enemies":"3 Louse","floor":14,"turns":5},{"damage":64,"enemies":"Hexaghost","floor":16,"turns":12}],"seed_played":"-7114700590997090527","potions_obtained":[{"floor":5,"key":"SpeedPotion"},{"floor":6,"key":"Poison Potion"}],"is_trial":false,"path_per_floor":["M","?","T","?","M","E","M","R","T","$","R","?","E","M","R"],"character_chosen":"IRONCLAD","items_purchased":["Impervious","Metallicize"],"campfire_rested":0,"item_purchase_floors":[10,10],"current_hp_per_floor":[54,38,38,64,63,48,53,53,53,53,53,53,55,61,61,0],"gold":74,"neow_bonus":"ONE_RARE_RELIC","is_prod":false,"is_daily":false,"chose_seed":false,"campfire_upgraded":3,"win_rate":0,"timestamp":1539991422,"path_taken":["M","?","?","?","M","E","?","R","T","$","R","?","E","M","R","BOSS"],"build_version":"2018-10-18","purchased_purges":0,"victory":false,"max_hp_per_floor":[80,80,80,80,80,80,80,80,80,80,80,80,80,80,80,80],"card_choices":[{"not_picked":["Thunderclap","Clash"],"picked":"Shrug It Off","floor":1},{"not_picked":["True Grit","Rage","Infernal Blade"],"picked":"SKIP","floor":5},{"not_picked":["True Grit","Cleave","Iron Wave"],"picked":"SKIP","floor":6},{"not_picked":["Cleave","Battle Trance"],"picked":"Power Through","floor":7},{"not_picked":["Warcry","Whirlwind"],"picked":"Searing Blow","floor":13},{"not_picked":["Blood for Blood","Clothesline"],"picked":"Pommel Strike","floor":14}],"player_experience":846730,"relics_obtained":[{"floor":3,"key":"War Paint"},{"floor":6,"key":"Ancient Tea Set"},{"floor":9,"key":"Bottled Lightning"},{"floor":13,"key":"Bottled Tornado"}],"event_choices":[{"damage_healed":0,"gold_gain":0,"player_choice":"Entered Light","damage_taken":16,"max_hp_gain":0,"max_hp_loss":0,"event_name":"Shining Light","floor":2,"gold_loss":0,"cards_upgraded":["Strike_R","Strike_R"]},{"damage_healed":26,"gold_gain":0,"player_choice":"Banana","damage_taken":0,"max_hp_gain":0,"max_hp_loss":0,"event_name":"Big Fish","floor":4,"gold_loss":0},{"cards_removed":["Defend_R"],"damage_healed":0,"gold_gain":0,"player_choice":"Offered Basic","damage_taken":0,"max_hp_gain":0,"max_hp_loss":0,"event_name":"Bonfire Elementals","floor":12,"gold_loss":0}],"is_beta":true,"boss_relics":[],"items_purged_floors":[],"is_endless":false,"potions_floor_spawned":[5,6],"killed_by":"Hexaghost","ascension_level":12}