{"gold_per_floor":[111,186,186,196,196,196,228,241,267,280,280,315,315,325,325,421,421,441,459,459,470,470,470,385,385,385,20,48,64,97,97,97,193,193,212,230,244,292,292,292,292,322,322,322,341,341,368,382,382,382,382,382,40,40],"floor_reached":54,"playtime":2208,"items_purged":["Strike_R"],"score":1240,"play_id":"f91fa544-740e-4897-8d91-d9c41ee37293","local_time":"20190825020314","is_ascension_mode":true,"campfire_choices":[{"data":"Bash","floor":6.0,"key":"SMITH"},{"data":"Fiend Fire","floor":11.0,"key":"SMITH"},{"data":"Corruption","floor":13.0,"key":"SMITH"},{"data":"Pommel Strike","floor":15.0,"key":"SMITH"},{"data":"Demon Form","floor":23.0,"key":"SMITH"},{"floor":25.0,"key":"REST"},{"data":"Feel No Pain","floor":32.0,"key":"SMITH"},{"floor":40.0,"key":"RECALL"},{"floor":44.0,"key":"REST"},{"floor":46.0,"key":"REST"},{"floor":49,"key":"REST"},{"floor":52,"key":"REST"}],"neow_cost":"NONE","seed_source_timestamp":885196692803600,"circlet_count":0,"master_deck":["AscendersBane","Strike_R+1","Strike_R","Strike_R","Defend_R","Defend_R","Defend_R","Defend_R","Bash+1","Ghostly Armor","Sword Boomerang+1","Fiend Fire+1","Pommel Strike+1","Corruption+1","Anger","Demon Form+1","Intimidate+1","True Grit+1","Ghostly+1","Ghostly+1","Ghostly+1","Ghostly+1","Ghostly+1","Havoc+1","Necronomicurse","Immolate","Battle Trance+1","Shockwave+1","Feel No Pain+1","Madness+1","Impervious+1","Infernal Blade+1","Battle Trance+1","Apotheosis+1","Mind Blast","Trip+1","Heavy Blade+1","Heavy Blade+1","Impervious+1","Feel No Pain","Power Through+1"],"special_seed":0,"relics":["Burning Blood","NeowsBlessing","Strawberry","Blood Vial","Toxic Egg 2","Sozu","Necronomicon","Calipers","Ornamental Fan","Lee\u0027s Waffle","Pantograph","Whetstone","Fusion Hammer","Turnip","Bottled Tornado","Darkstone Periapt"],"potions_floor_usage":[],"damage_taken":[{"damage":0.0,"enemies":"2 Louse","floor":1.0,"turns":1.0},{"damage":0.0,"enemies":"Small Slimes","floor":4.0,"turns":1.0},{"damage":0.0,"enemies":"Lagavulin","floor":7.0,"turns":1.0},{"damage":6.0,"enemies":"Cultist","floor":8.0,"turns":3.0},{"damage":22.0,"enemies":"Large Slime","floor":10.0,"turns":5.0},{"damage":25.0,"enemies":"3 Sentries","floor":12.0,"turns":9.0},{"damage":13.0,"enemies":"Exordium Wildlife","floor":14.0,"turns":4.0},{"damage":50.0,"enemies":"The Guardian","floor":16.0,"turns":12.0},{"damage":32.0,"enemies":"2 Thieves","floor":18.0,"turns":4.0},{"damage":23.0,"enemies":"Shell Parasite","floor":19.0,"turns":4.0},{"damage":6.0,"enemies":"Snake Plant","floor":21.0,"turns":4.0},{"damage":10.0,"enemies":"Book of Stabbing","floor":28.0,"turns":6.0},{"damage":5.0,"enemies":"Cultist and Chosen","floor":29.0,"turns":6.0},{"damage":1.0,"enemies":"Gremlin Leader","floor":30.0,"turns":7.0},{"damage":7.0,"enemies":"Automaton","floor":33.0,"turns":8.0},{"damage":2.0,"enemies":"3 Shapes","floor":35.0,"turns":5.0},{"damage":0.0,"enemies":"3 Darklings","floor":36.0,"turns":5.0},{"damage":14.0,"enemies":"Spire Growth","floor":37.0,"turns":3.0},{"damage":0.0,"enemies":"2 Orb Walkers","floor":38.0,"turns":4.0},{"damage":0.0,"enemies":"Nemesis","floor":42.0,"turns":5.0},{"damage":23.0,"enemies":"Writhing Mass","floor":45.0,"turns":4.0},{"damage":17.0,"enemies":"Giant Head","floor":47.0,"turns":6.0},{"damage":2,"enemies":"Sphere and 2 Shapes","floor":48,"turns":2},{"damage":28,"enemies":"Awakened One","floor":50,"turns":9},{"damage":61,"enemies":"Shield and Spear","floor":54,"turns":2}],"seed_played":"4392183003330591745","potions_obtained":[{"floor":3.0,"key":"SkillPotion"},{"floor":3.0,"key":"AttackPotion"},{"floor":3.0,"key":"Ancient Potion"},{"floor":4.0,"key":"SteroidPotion"},{"floor":12.0,"key":"Swift Potion"},{"floor":16.0,"key":"Fire Potion"}],"is_trial":false,"path_per_floor":["M","?","?","M","?","R","E","M","T","M","R","E","R","M","R","B",null,"M","M","?","M","?","R","?","R","T","$","E","M","E","?","R","B",null,"M","M","M","?","?","R","?","E","T","R","M","R","E","M","R","B",null,"R","$","E"],"character_chosen":"IRONCLAD","items_purchased":["Immolate","Lee\u0027s Waffle","Impervious+1","Feel No Pain","Power Through+1"],"campfire_rested":5,"item_purchase_floors":[27,27,53,53,53],"current_hp_per_floor":[78,67,67,73,78,78,91,91,91,76,76,59,59,54,54,12,72,48,33,33,35,19,19,19,32,32,53,49,52,53,53,53,52,53,53,53,45,53,43,43,43,51,51,53,36,51,42,48,53,31,48,53,53,0],"gold":40,"neow_bonus":"THREE_ENEMY_KILL","is_prod":false,"is_daily":false,"chose_seed":false,"campfire_upgraded":6,"win_rate":0,"timestamp":1566723794,"path_taken":["M","?","?","?","?","R","E","M","T","M","R","E","R","M","R","BOSS","M","M","?","M","?","R","?","R","T","$","E","M","E","?","R","BOSS","M","M","?","?","?","R","?","E","T","R","M","R","E","M","R","BOSS","R","$","E"],"build_version":"2019-07-17","purchased_purges":1,"victory":false,"max_hp_per_floor":[80,80,80,80,85,85,92,92,92,92,92,92,92,92,92,92,92,92,92,46,46,46,46,46,46,46,53,53,53,53,53,53,53,53,53,53,53,53,53,53,53,53,53,53,53,53,53,53,53,53,53,53,53,53],"card_choices":[{"not_picked":["Sword Boomerang","Sentinel"],"picked":"Ghostly Armor","floor":1.0},{"not_picked":["Heavy Blade","Flex"],"picked":"Sword Boomerang","floor":4.0},{"not_picked":["Uppercut","Disarm"],"picked":"Fiend Fire","floor":7.0},{"not_picked":["Thunderclap","Warcry"],"picked":"Pommel Strike","floor":8.0},{"not_picked":["Havoc","Armaments","Rupture"],"picked":"SKIP","floor":10.0},{"not_picked":["Intimidate","Shrug It Off"],"picked":"Corruption","floor":12.0},{"not_picked":["Bloodletting+1","Clothesline"],"picked":"Anger","floor":14.0},{"not_picked":["Dark Embrace","Reaper"],"picked":"Demon Form","floor":16.0},{"not_picked":["Rampage","Headbutt+1"],"picked":"Intimidate+1","floor":18.0},{"not_picked":["Body Slam","Headbutt"],"picked":"True Grit+1","floor":19.0},{"not_picked":["Sword Boomerang","Flex+1"],"picked":"Havoc+1","floor":21.0},{"not_picked":["Blood for Blood+1","Double Tap+1","Reckless Charge"],"picked":"SKIP","floor":28.0},{"not_picked":["True Grit+1","Anger"],"picked":"Battle Trance+1","floor":29.0},{"not_picked":["Thunderclap","Sword Boomerang"],"picked":"Shockwave+1","floor":30.0},{"not_picked":["Immolate","Juggernaut"],"picked":"Impervious+1","floor":33.0},{"not_picked":["Headbutt","Rampage"],"picked":"Infernal Blade+1","floor":35.0},{"not_picked":["Iron Wave+1","Inflame"],"picked":"Battle Trance+1","floor":36.0},{"not_picked":["Intimidate+1","Power Through+1","Clothesline+1"],"picked":"SKIP","floor":37.0},{"not_picked":["Swift Strike","Metamorphosis+1"],"picked":"Apotheosis+1","floor":39.0},{"not_picked":["Swift Strike","Jack Of All Trades+1"],"picked":"Mind Blast","floor":39.0},{"not_picked":["Jack Of All Trades+1","Deep Breath+1"],"picked":"Trip+1","floor":39.0},{"not_picked":["Shockwave+1","Feed","Cleave+1"],"picked":"SKIP","floor":42.0},{"not_picked":["Burning Pact+1","Dropkick+1","Shockwave+1"],"picked":"SKIP","floor":45.0},{"not_picked":["Iron Wave+1","Rage+1"],"picked":"Heavy Blade+1","floor":47.0},{"not_picked":["Anger","Iron Wave"],"picked":"Heavy Blade+1","floor":48}],"player_experience":1327876,"relics_obtained":[{"floor":7.0,"key":"Strawberry"},{"floor":9.0,"key":"Blood Vial"},{"floor":12.0,"key":"Toxic Egg 2"},{"floor":22.0,"key":"Necronomicon"},{"floor":26.0,"key":"Ornamental Fan"},{"floor":28.0,"key":"Pantograph"},{"floor":30.0,"key":"Whetstone"},{"floor":38.0,"key":"Turnip"},{"floor":42.0,"key":"Bottled Tornado"},{"floor":47.0,"key":"Darkstone Periapt"}],"event_choices":[{"damage_healed":0.0,"max_hp_gain":0.0,"max_hp_loss":0.0,"gold_gain":75.0,"event_name":"World of Goop","player_choice":"Gather Gold","floor":2.0,"gold_loss":0.0,"damage_taken":11.0},{"damage_healed":0.0,"max_hp_gain":0.0,"max_hp_loss":0.0,"gold_gain":0.0,"event_name":"Lab","player_choice":"Got Potions","floor":3.0,"gold_loss":0.0,"damage_taken":0.0},{"damage_healed":0.0,"max_hp_gain":5.0,"max_hp_loss":0.0,"gold_gain":0.0,"event_name":"Big Fish","player_choice":"Donut","floor":5.0,"gold_loss":0.0,"damage_taken":0.0},{"damage_healed":0.0,"max_hp_gain":0.0,"max_hp_loss":46.0,"gold_gain":0.0,"event_name":"Ghosts","player_choice":"Became a Ghost","floor":20.0,"gold_loss":0.0,"damage_taken":0.0,"cards_obtained":["Ghostly","Ghostly","Ghostly","Ghostly","Ghostly"]},{"damage_healed":0.0,"max_hp_gain":0.0,"max_hp_loss":0.0,"gold_gain":0.0,"event_name":"Cursed Tome","player_choice":"Obtained Book","floor":22.0,"gold_loss":0.0,"damage_taken":16.0},{"damage_healed":0.0,"max_hp_gain":0.0,"max_hp_loss":0.0,"gold_gain":0.0,"event_name":"Addict","player_choice":"Obtained Relic","floor":24.0,"gold_loss":85.0,"damage_taken":0.0,"relics_obtained":["Calipers"]},{"damage_healed":0.0,"max_hp_gain":0.0,"max_hp_loss":0.0,"gold_gain":0.0,"event_name":"Match and Keep!","player_choice":"2 cards matched","floor":31.0,"gold_loss":0.0,"damage_taken":0.0,"cards_obtained":["Feel No Pain","Madness"]},{"damage_healed":0.0,"max_hp_gain":0.0,"max_hp_loss":0.0,"gold_gain":0.0,"event_name":"Mysterious Sphere","player_choice":"Fight","floor":38.0,"gold_loss":0.0,"damage_taken":0.0},{"damage_healed":0.0,"max_hp_gain":0.0,"max_hp_loss":0.0,"gold_gain":0.0,"event_name":"SensoryStone","player_choice":"Memory 3","floor":39.0,"gold_loss":0.0,"damage_taken":10.0},{"cards_removed":["Strike_R"],"damage_healed":0.0,"max_hp_gain":0.0,"max_hp_loss":0.0,"gold_gain":0.0,"event_name":"Falling","player_choice":"Removed Attack","floor":41.0,"gold_loss":0.0,"damage_taken":0.0}],"is_beta":false,"boss_relics":[{"not_picked":["Eternal Feather","Calling Bell"],"picked":"Sozu"},{"not_picked":["Runic Pyramid","Lizard Tail"],"picked":"Fusion Hammer"}],"items_purged_floors":[53],"is_endless":false,"potions_floor_spawned":[4,12,14,16,18,28,33,38,42,45,48],"killed_by":"Shield and Spear","ascension_level":10}