{"gold_per_floor":[115,129,149,28,28,28,53,68,68,103,103,131,145,163,163,264,264,279,296,310,321,27,27,27,27,27,47,64,64,91,91,91,193,193,204,219,237,237,255,255,268,268,268,66,66,66,79,91,91,91],"floor_reached":51,"playtime":2785,"items_purged":["Strike_B","Strike_B"],"score":731,"play_id":"580d7ee2-2b49-47f1-9616-a523c65bab1e","local_time":"20190828204937","is_ascension_mode":true,"campfire_choices":[{"data":"Zap","floor":6,"key":"SMITH"},{"data":"Dualcast","floor":11,"key":"SMITH"},{"data":"Loop","floor":15,"key":"SMITH"},{"data":"Reprogram","floor":23,"key":"SMITH"},{"data":"Go for the Eyes","floor":29,"key":"SMITH"},{"data":"Turbo","floor":32,"key":"SMITH"},{"data":"Hologram","floor":40,"key":"SMITH"},{"data":"Panache","floor":42,"key":"SMITH"},{"data":"Scrape","floor":45,"key":"SMITH"},{"data":"Biased Cognition","floor":49,"key":"SMITH"}],"neow_cost":"CURSE","seed_source_timestamp":80640649012214,"circlet_count":0,"master_deck":["Strike_B","Strike_B","Defend_B","Defend_B","Defend_B","Defend_B","Zap+1","Dualcast+1","Go for the Eyes+1","Loop+1","Scrape+1","Auto Shields","Ball Lightning","Glacier","Reprogram+1","Gash","Hologram+1","Biased Cognition+1","Capacitor","Turbo+1","Injury","Flash of Steel+1","Reboot","Reinforced Body+1","All For One+1","Streamline+1","Beam Cell+1","Panache+1","Gash+1","Scrape+1","Static Discharge+1"],"relics":["Cracked Core","Unceasing Top","FossilizedHelix","Kunai","Mercury Hourglass","Smiling Mask","Nuclear Battery","Molten Egg 2","Boot","Anchor","Spirit Poop","White Beast Statue","Bottled Tornado"],"potions_floor_usage":[7,7,10,12,16,21,33,33,33,37,41,50,50,50],"damage_taken":[{"damage":8,"enemies":"2 Louse","floor":1,"turns":3},{"damage":10,"enemies":"Cultist","floor":2,"turns":4},{"damage":2,"enemies":"Small Slimes","floor":3,"turns":3},{"damage":2,"enemies":"Gremlin Nob","floor":7,"turns":3},{"damage":3,"enemies":"Red Slaver","floor":8,"turns":3},{"damage":2,"enemies":"3 Sentries","floor":10,"turns":7},{"damage":10,"enemies":"Gremlin Nob","floor":12,"turns":4},{"damage":0,"enemies":"Exordium Thugs","floor":13,"turns":4},{"damage":0,"enemies":"Large Slime","floor":14,"turns":4},{"damage":25,"enemies":"The Guardian","floor":16,"turns":9},{"damage":0,"enemies":"3 Byrds","floor":18,"turns":3},{"damage":1,"enemies":"2 Thieves","floor":19,"turns":3},{"damage":5,"enemies":"Cultist and Chosen","floor":20,"turns":7},{"damage":0,"enemies":"Sentry and Sphere","floor":21,"turns":4},{"damage":1,"enemies":"Snecko","floor":27,"turns":4},{"damage":2,"enemies":"Chosen and Byrds","floor":28,"turns":6},{"damage":34,"enemies":"Collector","floor":33,"turns":14},{"damage":0,"enemies":"3 Darklings","floor":35,"turns":6},{"damage":0,"enemies":"Orb Walker","floor":36,"turns":3},{"damage":12,"enemies":"Sphere and 2 Shapes","floor":37,"turns":4},{"damage":0,"enemies":"3 Darklings","floor":39,"turns":3},{"damage":0,"enemies":"Jaw Worm Horde","floor":41,"turns":5},{"damage":0,"enemies":"Maw","floor":47,"turns":2},{"damage":0,"enemies":"Transient","floor":48,"turns":5},{"damage":13,"enemies":"Donu and Deca","floor":50,"turns":8}],"seed_played":"-2349291539143731418","potions_obtained":[{"floor":3,"key":"FearPotion"},{"floor":5,"key":"EssenceOfSteel"},{"floor":5,"key":"FearPotion"},{"floor":7,"key":"Dexterity Potion"},{"floor":8,"key":"Energy Potion"},{"floor":12,"key":"LiquidBronze"},{"floor":16,"key":"Weak Potion"},{"floor":18,"key":"SteroidPotion"},{"floor":21,"key":"Swift Potion"},{"floor":35,"key":"FairyPotion"},{"floor":36,"key":"Fire Potion"},{"floor":37,"key":"Dexterity Potion"},{"floor":39,"key":"AttackPotion"},{"floor":41,"key":"SmokeBomb"},{"floor":48,"key":"FocusPotion"}],"is_trial":false,"path_per_floor":["M","M","M","$","?","R","E","M","T","E","R","E","M","M","R","B",null,"M","M","M","M","$","R","$","?","T","M","M","R","T","?","R","B",null,"M","M","M","?","M","R","M","R","T","$","R","?","M","M","R","B",null],"character_chosen":"DEFECT","items_purchased":["Auto Shields","Ball Lightning","Molten Egg 2","Scrape+1","FocusPotion"],"campfire_rested":0,"item_purchase_floors":[4,4,22,44,44],"current_hp_per_floor":[67,57,55,55,55,55,53,50,50,48,48,38,38,38,38,13,75,75,74,69,69,69,69,69,69,69,68,66,66,66,66,66,32,75,75,75,63,63,63,63,63,63,63,63,63,63,63,63,63,50],"gold":91,"neow_bonus":"ONE_RARE_RELIC","is_prod":false,"is_daily":false,"chose_seed":false,"campfire_upgraded":10,"win_rate":1,"timestamp":1566992977,"path_taken":["M","M","M","$","?","R","E","M","T","E","R","E","M","M","R","BOSS","M","M","?","M","$","R","$","?","T","?","M","R","?","?","R","BOSS","M","?","M","?","M","R","M","R","T","$","R","?","M","M","R","BOSS"],"build_version":"2019-07-17","purchased_purges":2,"victory":true,"max_hp_per_floor":[75,75,75,75,75,75,75,75,75,75,75,75,75,75,75,75,75,75,75,75,75,75,75,75,75,75,75,75,75,75,75,75,75,75,75,75,75,75,75,75,75,75,75,75,75,71,71,71,71,71],"card_choices":[{"not_picked":["Compile Driver","Cold Snap"],"picked":"Go for the Eyes","floor":1},{"not_picked":["Genetic Algorithm","Heatsinks"],"picked":"Loop","floor":2},{"not_picked":["Go for the Eyes","Undo"],"picked":"Scrape","floor":3},{"not_picked":["Steam Power","Barrage"],"picked":"Glacier","floor":7},{"not_picked":["Cold Snap","Rebound"],"picked":"Reprogram","floor":8},{"not_picked":["Doom and Gloom","Compile Driver"],"picked":"Gash","floor":10},{"not_picked":["Ball Lightning","Tempest"],"picked":"Hologram","floor":12},{"not_picked":["White Noise","Conserve Battery","Ball Lightning"],"picked":"SKIP","floor":13},{"not_picked":["Melter","Conserve Battery","Hologram"],"picked":"SKIP","floor":14},{"not_picked":["Fission","Rainbow"],"picked":"Biased Cognition","floor":16},{"not_picked":["Hologram","Rip and Tear","Tempest"],"picked":"SKIP","floor":18},{"not_picked":["Rebound","Barrage","Conserve Battery"],"picked":"SKIP","floor":19},{"not_picked":["Leap+1","Coolheaded+1"],"picked":"Capacitor","floor":20},{"not_picked":["Hologram","Barrage+1"],"picked":"Turbo","floor":21},{"not_picked":["Leap","Compile Driver+1"],"picked":"Reboot","floor":27},{"not_picked":["Streamline+1","Compile Driver+1"],"picked":"Reinforced Body+1","floor":28},{"not_picked":["Biased Cognition","Buffer"],"picked":"All For One+1","floor":33},{"not_picked":["Redo","Blizzard+1"],"picked":"Streamline+1","floor":35},{"not_picked":["Go for the Eyes+1","Reinforced Body"],"picked":"Beam Cell+1","floor":36},{"not_picked":["Force Field+1","Cold Snap+1","Rip and Tear+1"],"picked":"SKIP","floor":37},{"not_picked":["Trip","Forethought"],"picked":"Panache","floor":38},{"not_picked":["Auto Shields","Stack","Cold Snap+1"],"picked":"SKIP","floor":39},{"not_picked":["Stack","Steam"],"picked":"Gash+1","floor":41},{"not_picked":["Hologram+1","Leap","Stack+1"],"picked":"SKIP","floor":47},{"not_picked":["Redo+1","Capacitor"],"picked":"Static Discharge+1","floor":48}],"player_experience":329146,"relics_obtained":[{"floor":7,"key":"FossilizedHelix"},{"floor":9,"key":"Kunai"},{"floor":10,"key":"Mercury Hourglass"},{"floor":12,"key":"Smiling Mask"},{"floor":26,"key":"Boot"},{"floor":30,"key":"Anchor"},{"floor":43,"key":"Bottled Tornado"}],"event_choices":[{"damage_healed":0,"gold_gain":0,"player_choice":"Got Potions","damage_taken":0,"max_hp_gain":0,"max_hp_loss":0,"event_name":"Lab","floor":5,"gold_loss":0},{"damage_healed":0,"gold_gain":0,"player_choice":"2 cards matched","damage_taken":0,"max_hp_gain":0,"max_hp_loss":0,"event_name":"Match and Keep!","floor":25,"gold_loss":0,"cards_obtained":["Injury","Flash of Steel"]},{"cards_removed":["Regret"],"damage_healed":0,"gold_gain":0,"player_choice":"Offered Curse","damage_taken":0,"relics_obtained":["Spirit Poop"],"max_hp_gain":0,"max_hp_loss":0,"event_name":"Bonfire Elementals","floor":31,"gold_loss":0},{"damage_healed":0,"gold_gain":0,"player_choice":"Memory 1","damage_taken":0,"max_hp_gain":0,"max_hp_loss":0,"event_name":"SensoryStone","floor":38,"gold_loss":0},{"damage_healed":0,"gold_gain":0,"player_choice":"Max HP","damage_taken":0,"max_hp_gain":0,"max_hp_loss":4,"event_name":"Winding Halls","floor":46,"gold_loss":0}],"is_beta":false,"boss_relics":[{"not_picked":["Fusion Hammer","Astrolabe"],"picked":"Nuclear Battery"},{"not_picked":["Snecko Eye","Runic Dome"],"picked":"White Beast Statue"}],"items_purged_floors":[22,44],"is_endless":false,"potions_floor_spawned":[3,7,8,12,16,18,20,21,28,35,36,37,39,41,47,48],"ascension_level":1}