{"gold_per_floor":[211,226,401,419,199,226,226,261,261,261,279,279,306,318,318,392,392,405,330,22,36,51,51,68,68,68,84,84,98,111,145,145,217,217,233,250,267,285,295,295,325,151,151,0,0,30,40,66,66,66],"floor_reached":51,"playtime":2837,"items_purged":["Doubt","Strike_R"],"score":1231,"play_id":"5e96b919-9289-4eb6-91a9-f0942b46b6e5","local_time":"20190828005405","is_ascension_mode":true,"campfire_choices":[{"data":"Corruption","floor":7.0,"key":"SMITH"},{"floor":10.0,"key":"REST"},{"floor":15.0,"key":"REST"},{"floor":23.0,"key":"REST"},{"floor":25.0,"key":"RECALL"},{"floor":32.0,"key":"REST"},{"floor":40,"key":"REST"},{"floor":45,"key":"REST"},{"floor":49,"key":"REST"}],"neow_cost":"NONE","seed_source_timestamp":0,"circlet_count":0,"master_deck":["AscendersBane","Strike_R+1","Strike_R+1","Defend_R","Defend_R+1","Defend_R","Defend_R","Bash","Corruption+1","Iron Wave","Ghostly Armor","Feel No Pain","Ghostly Armor","Flame Barrier","Spot Weakness","Limit Break","Sword Boomerang+1","Anger+1","Impervious","Pommel Strike+1","Fiend Fire","Shrug It Off+1","Clothesline+1","Battle Trance+1","Feel No Pain","Normality","Pummel+1","Armaments+1"],"special_seed":0,"relics":["Burning Blood","Anchor","Mercury Hourglass","Darkstone Periapt","Oddly Smooth Stone","Whetstone","Fusion Hammer","Bronze Scales","Regal Pillow","Pantograph","Happy Flower","Cursed Key","Unceasing Top","Bag of Marbles","Red Mask","Ginger","War Paint"],"potions_floor_usage":[37,50,50],"damage_taken":[{"damage":6.0,"enemies":"Jaw Worm","floor":1.0,"turns":5.0},{"damage":11.0,"enemies":"2 Louse","floor":2.0,"turns":3.0},{"damage":10.0,"enemies":"Small Slimes","floor":4.0,"turns":5.0},{"damage":32.0,"enemies":"Lagavulin","floor":6.0,"turns":9.0},{"damage":17.0,"enemies":"3 Sentries","floor":8.0,"turns":13.0},{"damage":19.0,"enemies":"Gremlin Gang","floor":11.0,"turns":5.0},{"damage":16.0,"enemies":"Lagavulin","floor":13.0,"turns":10.0},{"damage":0.0,"enemies":"Looter","floor":14.0,"turns":4.0},{"damage":30.0,"enemies":"Slime Boss","floor":16.0,"turns":11.0},{"damage":2.0,"enemies":"Spheric Guardian","floor":18.0,"turns":5.0},{"damage":9.0,"enemies":"3 Byrds","floor":21.0,"turns":4.0},{"damage":2.0,"enemies":"Shelled Parasite and Fungi","floor":22.0,"turns":3.0},{"damage":21.0,"enemies":"Snecko","floor":24.0,"turns":6.0},{"damage":25.0,"enemies":"Snake Plant","floor":27.0,"turns":5.0},{"damage":15.0,"enemies":"Centurion and Healer","floor":29.0,"turns":7.0},{"damage":2.0,"enemies":"Snecko","floor":30.0,"turns":5.0},{"damage":18.0,"enemies":"Slavers","floor":31.0,"turns":5.0},{"damage":76.0,"enemies":"Collector","floor":33.0,"turns":11.0},{"damage":15,"enemies":"3 Shapes","floor":35,"turns":10},{"damage":13,"enemies":"Orb Walker","floor":36,"turns":4},{"damage":13,"enemies":"Spire Growth","floor":37,"turns":6},{"damage":22,"enemies":"Maw","floor":38,"turns":7},{"damage":14,"enemies":"Writhing Mass","floor":39,"turns":6},{"damage":27,"enemies":"Reptomancer","floor":41,"turns":8},{"damage":13,"enemies":"Nemesis","floor":46,"turns":11},{"damage":11,"enemies":"3 Darklings","floor":47,"turns":5},{"damage":33,"enemies":"Reptomancer","floor":48,"turns":8},{"damage":81,"enemies":"Awakened One","floor":50,"turns":15}],"seed_played":"2313671862154764293","potions_obtained":[{"floor":1.0,"key":"FearPotion"},{"floor":2.0,"key":"EssenceOfSteel"},{"floor":8.0,"key":"SteroidPotion"},{"floor":21.0,"key":"AttackPotion"},{"floor":22.0,"key":"Energy Potion"},{"floor":29.0,"key":"Strength Potion"},{"floor":36,"key":"Regen Potion"},{"floor":41,"key":"Strength Potion"},{"floor":48,"key":"Weak Potion"}],"is_trial":false,"path_per_floor":["M","M","?","M","$","E","R","E","T","R","M","?","E","M","R","B",null,"M","?","$","M","M","R","M","R","T","M","?","M","M","E","R","B",null,"M","M","M","M","M","R","E","$","T","?","R","E","M","E","R","B",null],"character_chosen":"IRONCLAD","items_purchased":["Feel No Pain","Ghostly Armor","Bronze Scales","Regal Pillow","Feel No Pain"],"campfire_rested":7,"item_purchase_floors":[5,5,20,20,42],"current_hp_per_floor":[72,67,67,63,63,37,37,26,26,50,37,30,20,26,50,26,67,71,71,71,68,72,80,65,65,65,46,46,37,41,29,68,10,63,54,47,55,39,31,70,49,49,55,55,86,79,74,47,86,11],"gold":66,"neow_bonus":"HUNDRED_GOLD","is_prod":false,"is_daily":false,"chose_seed":false,"campfire_upgraded":1,"win_rate":0,"timestamp":1566978845,"path_taken":["M","M","?","M","$","E","R","E","T","R","M","?","E","M","R","BOSS","M","?","$","M","M","R","M","R","T","M","?","M","?","E","R","BOSS","M","M","M","M","M","R","E","$","T","?","R","E","M","E","R","BOSS"],"build_version":"2019-07-17","purchased_purges":2,"victory":true,"max_hp_per_floor":[80,80,80,80,80,80,80,80,80,80,80,80,80,80,80,80,80,80,80,80,80,80,80,80,80,80,80,80,80,80,80,80,80,80,80,80,80,80,80,80,80,80,86,86,86,86,86,86,86,86],"card_choices":[{"not_picked":["Rupture","Reckless Charge"],"picked":"Corruption","floor":1.0},{"not_picked":["Seeing Red","Wild Strike"],"picked":"Iron Wave","floor":2.0},{"not_picked":["Heavy Blade","Clash"],"picked":"Ghostly Armor","floor":4.0},{"not_picked":["Body Slam","Exhume","Fire Breathing"],"picked":"SKIP","floor":6.0},{"not_picked":["Armaments","Rampage","Flex"],"picked":"SKIP","floor":8.0},{"not_picked":["Pommel Strike","Headbutt"],"picked":"Flame Barrier","floor":11.0},{"not_picked":["Armaments","Metallicize"],"picked":"Spot Weakness","floor":13.0},{"not_picked":["Second Wind","Flex","Heavy Blade"],"picked":"SKIP","floor":14.0},{"not_picked":["Dark Embrace","Feed"],"picked":"Limit Break","floor":16.0},{"not_picked":["Clash","Body Slam"],"picked":"Sword Boomerang+1","floor":18.0},{"not_picked":["Twin Strike","Corruption"],"picked":"Anger+1","floor":21.0},{"not_picked":["Headbutt","Fire Breathing+1","Wild Strike+1"],"picked":"SKIP","floor":22.0},{"not_picked":["Burning Pact","Sentinel","Warcry"],"picked":"SKIP","floor":24.0},{"not_picked":["Havoc","Body Slam","Sword Boomerang"],"picked":"SKIP","floor":27.0},{"not_picked":["Warcry","Burning Pact","Anger"],"picked":"SKIP","floor":29.0},{"not_picked":["Headbutt","Clash"],"picked":"Impervious","floor":30.0},{"not_picked":["Perfected Strike","Shrug It Off"],"picked":"Pommel Strike+1","floor":31.0},{"not_picked":["Bludgeon","Barricade"],"picked":"Fiend Fire","floor":33.0},{"not_picked":["Pommel Strike","Anger","Rage"],"picked":"SKIP","floor":35},{"not_picked":["Dropkick","Rupture"],"picked":"Shrug It Off+1","floor":36},{"not_picked":["Dual Wield","Havoc","Armaments"],"picked":"SKIP","floor":37},{"not_picked":["Iron Wave+1","Flex"],"picked":"Clothesline+1","floor":38},{"not_picked":["Flex","Rupture","Blood for Blood"],"picked":"SKIP","floor":39},{"not_picked":["Body Slam+1","True Grit"],"picked":"Battle Trance","floor":41},{"not_picked":["Flex+1","Warcry"],"picked":"Pummel+1","floor":46},{"not_picked":["Blood for Blood","Flex","Pommel Strike"],"picked":"SKIP","floor":47},{"not_picked":["Bludgeon","Thunderclap"],"picked":"Armaments+1","floor":48}],"player_experience":1341168,"relics_obtained":[{"floor":6.0,"key":"Anchor"},{"floor":8.0,"key":"Mercury Hourglass"},{"floor":9.0,"key":"Darkstone Periapt"},{"floor":13.0,"key":"Whetstone"},{"floor":26.0,"key":"Pantograph"},{"floor":31.0,"key":"Happy Flower"},{"floor":41,"key":"Unceasing Top"},{"floor":43,"key":"Bag of Marbles"},{"floor":46,"key":"Ginger"},{"floor":48,"key":"War Paint"}],"event_choices":[{"damage_healed":0.0,"max_hp_gain":0.0,"max_hp_loss":0.0,"gold_gain":175.0,"event_name":"Liars Game","player_choice":"AGREE","floor":3.0,"gold_loss":0.0,"damage_taken":0.0,"cards_obtained":["Doubt"]},{"damage_healed":0.0,"max_hp_gain":0.0,"max_hp_loss":0.0,"gold_gain":0.0,"event_name":"Scrap Ooze","player_choice":"Success","floor":12.0,"gold_loss":0.0,"damage_taken":7.0,"relics_obtained":["Oddly Smooth Stone"]},{"cards_removed":["Strike_R"],"damage_healed":0.0,"max_hp_gain":0.0,"max_hp_loss":0.0,"gold_gain":0.0,"event_name":"Beggar","player_choice":"Gave Gold","floor":19.0,"gold_loss":75.0,"damage_taken":0.0},{"cards_removed":["Strike_R"],"damage_healed":0.0,"max_hp_gain":0.0,"max_hp_loss":0.0,"gold_gain":0.0,"event_name":"Bonfire Elementals","player_choice":"Offered Basic","floor":28.0,"gold_loss":0.0,"damage_taken":0.0},{"damage_healed":0,"gold_gain":0,"player_choice":"Paid","damage_taken":0,"relics_obtained":["Red Mask"],"max_hp_gain":0,"max_hp_loss":0,"event_name":"Tomb of Lord Red Mask","floor":44,"gold_loss":151}],"is_beta":false,"boss_relics":[{"not_picked":["Sozu","Coffee Dripper"],"picked":"Fusion Hammer"},{"not_picked":["Empty Cage","Orrery"],"picked":"Cursed Key"}],"items_purged_floors":[5,42],"is_endless":false,"potions_floor_spawned":[1,2,8,11,21,22,29,30,36,41,46,48],"ascension_level":13}