{"gold_per_floor":[118,118,131,131,131,157,157,175,175,186,211,20,39,50,50,149,149,169,179,104,104,104,104,114,126,126,126,26,51,71,90,90,185,185,197,72,72,88,88,88,6,6,29,29,29,61,72,72,72,72],"floor_reached":51,"playtime":3066,"items_purged":["Flechettes","Writhe","Unload"],"score":901,"play_id":"7f8dcc50-1504-4375-bf2c-45fe268f1583","local_time":"20190822014459","is_ascension_mode":true,"campfire_choices":[{"floor":7,"key":"REST"},{"floor":15,"key":"REST"},{"floor":23,"key":"REST"},{"floor":27,"key":"REST"},{"floor":32,"key":"REST"},{"data":"Armaments","floor":40,"key":"SMITH"},{"data":"A Thousand Cuts","floor":42,"key":"SMITH"},{"floor":44,"key":"REST"},{"floor":49,"key":"REST"}],"neow_cost":"NONE","seed_source_timestamp":624104128695200,"circlet_count":0,"master_deck":["Survivor","Neutralize","Backstab","Heel Hook+1","Finisher+1","Choke+1","Doppelganger","Backstab","Prepared+1","Backflip","A Thousand Cuts+1","Backflip","Noxious Fumes","Caltrops","Noxious Fumes","Blur","Catalyst","Dagger Throw+1","Bane+1","Deadly Poison+1","Malaise","Backstab+1","Storm of Steel","Cloak And Dagger","Armaments+1","Backstab+1"],"relics":["Pandora\u0027s Box","Molten Egg 2","Singing Bowl","Oddly Smooth Stone","Kunai","Runic Pyramid","Whetstone","PreservedInsect","Peace Pipe","Bag of Marbles","Busted Crown","Vajra","Centennial Puzzle","Pen Nib"],"potions_floor_usage":[16,33,33,46,50,50,50],"damage_taken":[{"damage":0,"enemies":"Jaw Worm","floor":1,"turns":1},{"damage":0,"enemies":"2 Louse","floor":3,"turns":1},{"damage":20,"enemies":"Lagavulin","floor":6,"turns":3},{"damage":0,"enemies":"Small Slimes","floor":8,"turns":2},{"damage":0,"enemies":"Looter","floor":10,"turns":1},{"damage":18,"enemies":"3 Sentries","floor":11,"turns":5},{"damage":0,"enemies":"Exordium Wildlife","floor":13,"turns":4},{"damage":0,"enemies":"2 Fungi Beasts","floor":14,"turns":3},{"damage":9,"enemies":"The Guardian","floor":16,"turns":8},{"damage":24,"enemies":"2 Thieves","floor":18,"turns":4},{"damage":17,"enemies":"Spheric Guardian","floor":19,"turns":3},{"damage":12,"enemies":"Snake Plant","floor":24,"turns":2},{"damage":22,"enemies":"Centurion and Healer","floor":25,"turns":5},{"damage":6,"enemies":"Cultist and Chosen","floor":30,"turns":5},{"damage":11,"enemies":"Sentry and Sphere","floor":31,"turns":6},{"damage":28,"enemies":"Champ","floor":33,"turns":13},{"damage":24,"enemies":"theFactory:2_Experiment_Personnel","floor":35,"turns":5},{"damage":0,"enemies":"theFactory:BigBot","floor":38,"turns":1},{"damage":1,"enemies":"theFactory:DrinkBrewer","floor":46,"turns":3},{"damage":21,"enemies":"theFactory:Big_Bot_Bundle","floor":47,"turns":5},{"damage":43,"enemies":"theFactory:Experiment01","floor":50,"turns":10}],"seed_played":"-2721779865062183954","potions_obtained":[{"floor":6,"key":"PowerPotion"},{"floor":10,"key":"PowerPotion"},{"floor":11,"key":"LiquidBronze"},{"floor":14,"key":"Block Potion"},{"floor":16,"key":"SkillPotion"},{"floor":33,"key":"Strength Potion"},{"floor":38,"key":"Energy Potion"},{"floor":46,"key":"Poison Potion"}],"is_trial":false,"path_per_floor":["M","?","M","?","?","E","R","M","T","M","E","$","M","M","R","B",null,"M","M","?","T","?","R","M","M","T","R","$","T","M","M","R","B",null,"M","$","?","M","$","R","$","R","T","R","$","E","M","?","R","B",null],"character_chosen":"THE_SILENT","items_purchased":["Blur","Catalyst","Backstab+1"],"campfire_rested":7,"item_purchase_floors":[12,12,41],"current_hp_per_floor":[63,45,45,50,35,15,37,37,37,37,19,19,19,21,44,37,69,45,28,28,28,28,51,41,19,19,43,43,43,39,28,52,24,68,46,46,38,40,40,40,40,40,40,66,66,67,48,39,66,23],"gold":72,"neow_bonus":"BOSS_RELIC","is_prod":false,"is_daily":false,"chose_seed":false,"campfire_upgraded":2,"win_rate":0,"timestamp":1566463499,"path_taken":["M","?","M","?","?","E","R","M","T","M","E","?","M","M","R","BOSS","M","M","?","?","?","R","M","M","T","R","$","?","?","M","R","BOSS","M","?","?","M","$","R","$","R","T","R","?","E","?","?","R","BOSS"],"build_version":"2019-07-17","purchased_purges":3,"victory":true,"max_hp_per_floor":[70,70,70,75,75,75,75,75,75,75,75,75,75,77,77,79,79,79,79,79,79,79,79,81,81,81,81,81,81,83,83,83,83,83,85,85,87,89,89,89,89,89,89,89,89,91,93,93,93,93],"card_choices":[{"not_picked":["Underhanded Strike","Bane"],"picked":"Backflip","floor":1},{"not_picked":["Deadly Poison","Dagger Spray+1"],"picked":"A Thousand Cuts","floor":3},{"not_picked":["Escape Plan","Deadly Poison"],"picked":"Backflip","floor":6},{"not_picked":["Acrobatics","Bouncing Flask"],"picked":"Noxious Fumes","floor":8},{"not_picked":["Accuracy","Blade Dance"],"picked":"Caltrops","floor":10},{"not_picked":["Concentrate","Tools of the Trade"],"picked":"Noxious Fumes","floor":11},{"not_picked":["Flying Knee+1","Endless Agony+1"],"picked":"Dagger Throw+1","floor":13},{"not_picked":["Deflect","Slice+1","Infinite Blades"],"picked":"Singing Bowl","floor":14},{"not_picked":["Grand Finale+1","Venomology","Storm of Steel"],"picked":"Singing Bowl","floor":16},{"not_picked":["Dagger Throw+1","Reflex+1"],"picked":"Bane+1","floor":18},{"not_picked":["Outmaneuver","Setup"],"picked":"Deadly Poison+1","floor":19},{"not_picked":["Setup","Prepared+1","Dagger Throw+1"],"picked":"Singing Bowl","floor":24},{"not_picked":["Dagger Spray+1","Blade Dance"],"picked":"Malaise","floor":25},{"not_picked":["Dagger Spray+1","Backflip","Outmaneuver+1"],"picked":"Singing Bowl","floor":30},{"not_picked":["Tactician","Slice+1"],"picked":"Backstab+1","floor":31},{"not_picked":["Unload+1","A Thousand Cuts"],"picked":"Storm of Steel","floor":33},{"not_picked":["Dagger Throw+1"],"picked":"Singing Bowl","floor":35},{"not_picked":["Uppercut","Magnetism"],"picked":"Cloak And Dagger","floor":37},{"not_picked":["Power Through","Noxious Fumes","Recycle"],"picked":"Singing Bowl","floor":37},{"not_picked":["Impatience","Calculated Gamble"],"picked":"Armaments","floor":37},{"not_picked":["Slice+1"],"picked":"Singing Bowl","floor":38},{"not_picked":["Dagger Spray+1"],"picked":"Singing Bowl","floor":46},{"not_picked":["Noxious Fumes"],"picked":"Singing Bowl","floor":47}],"player_experience":1310315,"relics_obtained":[{"floor":6,"key":"Singing Bowl"},{"floor":9,"key":"Oddly Smooth Stone"},{"floor":11,"key":"Kunai"},{"floor":21,"key":"Whetstone"},{"floor":26,"key":"Peace Pipe"},{"floor":29,"key":"Bag of Marbles"},{"floor":43,"key":"Vajra"},{"floor":46,"key":"Centennial Puzzle"}],"event_choices":[{"damage_healed":0,"gold_gain":0,"player_choice":"Success","damage_taken":18,"relics_obtained":["Molten Egg 2"],"max_hp_gain":0,"max_hp_loss":0,"event_name":"Scrap Ooze","floor":2,"gold_loss":0},{"damage_healed":0,"gold_gain":0,"player_choice":"Donut","damage_taken":0,"max_hp_gain":5,"max_hp_loss":0,"event_name":"Big Fish","floor":4,"gold_loss":0},{"damage_healed":0,"gold_gain":0,"player_choice":"Entered Light","damage_taken":15,"max_hp_gain":0,"max_hp_loss":0,"event_name":"Shining Light","floor":5,"gold_loss":0,"cards_upgraded":["Finisher","Prepared"]},{"cards_removed":["Predator"],"damage_healed":0,"gold_gain":0,"player_choice":"Gave Gold","damage_taken":0,"max_hp_gain":0,"max_hp_loss":0,"event_name":"Beggar","floor":20,"gold_loss":75},{"damage_healed":0,"gold_gain":0,"player_choice":"Opened","damage_taken":0,"relics_obtained":["PreservedInsect"],"max_hp_gain":0,"max_hp_loss":0,"event_name":"The Mausoleum","floor":22,"gold_loss":0,"cards_obtained":["Writhe"]}],"is_beta":false,"boss_relics":[{"not_picked":["Coffee Dripper","White Beast Statue"],"picked":"Runic Pyramid"},{"not_picked":["Cursed Key","Lizard Tail"],"picked":"Busted Crown"}],"items_purged_floors":[12,28,36],"is_endless":false,"potions_floor_spawned":[6,10,11,14,16,18,19,24,33,38,46,47],"ascension_level":6}