{"path_per_floor":["M","M","?","$","M","E","M","M","T","M","?","E","R","E","R","B",null,"M","?","?","$","?","R","E","$","T","R","M","R","E","M","R"],"character_chosen":"IRONCLAD","items_purchased":["Trip","Apotheosis"],"gold_per_floor":[119,129,129,54,74,112,133,151,151,174,247,281,281,320,320,443,443,467,467,467,371,371,371,415,227,253,253,277,277,311,324,324,324],"floor_reached":33,"campfire_rested":1,"playtime":6673,"current_hp_per_floor":[78,79,59,59,64,48,44,44,44,47,38,27,51,35,35,10,80,80,80,90,90,90,90,67,67,67,67,76,76,69,55,55,0],"items_purged":["Defend_R"],"gold":324,"score":390,"play_id":"d53324ae-185d-4cd9-a938-e8fea2d97333","local_time":"20180329131622","is_prod":false,"is_daily":false,"is_ascension_mode":true,"campfire_upgraded":5,"timestamp":1522343782,"path_taken":["M","M","?","$","M","E","M","M","T","M","?","E","R","E","R","BOSS","M","?","?","$","?","R","E","$","T","R","M","R","E","M","R","BOSS"],"build_version":"2018-03-28","purchased_purges":1,"victory":false,"master_deck":["Defend_R","Defend_R","Defend_R","Bash+1","Carnage","Twin Strike","Battle Trance+1","Hemokinesis","Pommel Strike+1","Rampage+1","Bite","Bite","Bite","Bite","Bite","Trip","Flex","Apotheosis+1","Seeing Red","Dropkick"],"max_hp_per_floor":[80,80,80,80,80,80,80,80,80,80,80,80,80,80,80,80,80,80,80,90,90,90,90,90,90,90,90,90,90,90,90,90,90],"relics":["Burning Blood","Golden Idol","Paper Frog","Juzu Bracelet","Dodecahedron","Bag of Preparation","Sozu","Oddly Smooth Stone","Anchor","Meat on the Bone"],"card_choices":[{"not_picked":["Bloodletting","Rupture"],"picked":"Carnage","floor":1},{"not_picked":["Sword Boomerang","Anger"],"picked":"Twin Strike","floor":2},{"not_picked":["Searing Blow","Armaments"],"picked":"Battle Trance","floor":5},{"not_picked":["Anger","Cleave"],"picked":"Hemokinesis","floor":7},{"not_picked":["Wild Strike","Entrench"],"picked":"Pommel Strike","floor":8},{"not_picked":["Heavy Blade","Cleave"],"picked":"Rampage","floor":12},{"not_picked":["Berserk","Immolate"],"picked":"Limit Break","floor":16},{"not_picked":["Anger","Perfected Strike"],"picked":"Seeing Red","floor":30},{"not_picked":["Sever Soul","Entrench"],"picked":"Dropkick","floor":31}],"player_experience":626498,"potions_floor_usage":[11,12,16,16,16],"damage_taken":[{"damage":8,"enemies":"2 Louse","floor":1,"turns":3},{"damage":5,"enemies":"Small Slimes","floor":2,"turns":3},{"damage":1,"enemies":"Cultist","floor":5,"turns":3},{"damage":22,"enemies":"3 Sentries","floor":6,"turns":7},{"damage":10,"enemies":"Gremlin Gang","floor":7,"turns":5},{"damage":6,"enemies":"Looter","floor":8,"turns":2},{"damage":3,"enemies":"Large Slime","floor":10,"turns":4},{"damage":15,"enemies":"Gremlin Nob","floor":11,"turns":3},{"damage":19,"enemies":"Gremlin Nob","floor":12,"turns":3},{"damage":24,"enemies":"3 Sentries","floor":14,"turns":6},{"damage":33,"enemies":"Hexaghost","floor":16,"turns":7},{"damage":0,"enemies":"Chosen","floor":18,"turns":2},{"damage":35,"enemies":"Slavers","floor":24,"turns":5},{"damage":3,"enemies":"2 Thieves","floor":28,"turns":2},{"damage":25,"enemies":"Book of Stabbing","floor":30,"turns":3},{"damage":29,"enemies":"Slaver and Parasite","floor":31,"turns":4},{"damage":89,"enemies":"Automaton","floor":33,"turns":6}],"event_choices":[{"event_name":"Golden Idol","player_choice":"Take Damage","floor":3,"damage_taken":0},{"event_name":"Dead Adventurer","player_choice":"Searched \u00271\u0027 times","floor":11,"damage_taken":0},{"event_name":"Vampires","player_choice":"Became a vampire (Vial)","floor":19,"damage_taken":0},{"event_name":"Bonfire Elementals","player_choice":"RARE","floor":20,"damage_taken":0},{"event_name":"The Library","player_choice":"Read","floor":22,"damage_taken":0}],"boss_relics":[{"not_picked":["Mark of Pain","Philosopher\u0027s Stone"],"picked":"Sozu"}],"potions_floor_spawned":[1,2,6,11,14,18,30,31],"seed_played":"486179741553863907","killed_by":"Automaton","ascension_level":4,"is_trial":false}