{"gold_per_floor":[118,134,147,147,159,159,189,189,189,203,222,222,222,73,73,175,175,191,191,214,214,214,214,57,57,111,143,162,162,173,17,17,119,169,180,199,211,211,229,229,248,266,266,67,67,342,356,375,375,375],"floor_reached":51,"playtime":3332,"items_purged":["Strike_R"],"score":786,"play_id":"185d864d-4af6-4947-8ae3-0547c8cce3e3","local_time":"20190818213958","is_ascension_mode":true,"campfire_choices":[{"data":"Shrug It Off","floor":6,"key":"SMITH"},{"data":"Flame Barrier","floor":13,"key":"SMITH"},{"data":"Juggernaut","floor":15,"key":"SMITH"},{"data":"Limit Break","floor":23,"key":"SMITH"},{"data":"Shrug It Off","floor":25,"key":"SMITH"},{"data":"Heavy Blade","floor":29,"key":"SMITH"},{"data":"Whirlwind","floor":32,"key":"SMITH"},{"floor":40,"key":"REST"},{"floor":45,"key":"REST"},{"floor":49,"key":"REST"}],"neow_cost":"NONE","seed_source_timestamp":3646552042700,"circlet_count":0,"master_deck":["Strike_R+1","Strike_R+1","Strike_R+1","Strike_R+1","Defend_R+1","Defend_R+1","Defend_R+1","Defend_R+1","Bash+1","Reaper","Headbutt","Clothesline+1","Juggernaut+1","Shrug It Off+1","Spot Weakness","Shrug It Off+1","Flame Barrier+1","Heavy Blade+1","Shrug It Off+1","Limit Break+1","Inflame","Whirlwind+1","Offering+1","Intimidate+1","Shockwave+1","Body Slam+1","Shrug It Off+1","Flame Barrier+1","Battle Trance+1","Pommel Strike+1","Barricade","Body Slam+1"],"relics":["Burning Blood","Vajra","Omamori","Champion Belt","Sozu","Juzu Bracelet","Paper Frog","Ancient Tea Set","Tiny Chest","Peace Pipe","Happy Flower","Tiny House","Molten Egg 2","War Paint"],"potions_floor_usage":[5,7,21],"damage_taken":[{"damage":10,"enemies":"Cultist","floor":1,"turns":5},{"damage":6,"enemies":"Jaw Worm","floor":2,"turns":4},{"damage":2,"enemies":"2 Louse","floor":3,"turns":3},{"damage":13,"enemies":"Blue Slaver","floor":5,"turns":5},{"damage":20,"enemies":"Lagavulin","floor":7,"turns":8},{"damage":4,"enemies":"3 Louse","floor":10,"turns":4},{"damage":6,"enemies":"Exordium Wildlife","floor":11,"turns":4},{"damage":82,"enemies":"Slime Boss","floor":16,"turns":13},{"damage":26,"enemies":"3 Byrds","floor":18,"turns":4},{"damage":0,"enemies":"Spheric Guardian","floor":21,"turns":3},{"damage":42,"enemies":"Gremlin Leader","floor":27,"turns":6},{"damage":23,"enemies":"Centurion and Healer","floor":28,"turns":4},{"damage":1,"enemies":"Chosen and Byrds","floor":30,"turns":4},{"damage":54,"enemies":"Automaton","floor":33,"turns":9},{"damage":12,"enemies":"3 Darklings","floor":35,"turns":6},{"damage":44,"enemies":"3 Shapes","floor":36,"turns":7},{"damage":16,"enemies":"Maw","floor":37,"turns":7},{"damage":4,"enemies":"Spire Growth","floor":39,"turns":4},{"damage":38,"enemies":"Jaw Worm Horde","floor":41,"turns":4},{"damage":28,"enemies":"Writhing Mass","floor":42,"turns":5},{"damage":16,"enemies":"Sphere and 2 Shapes","floor":47,"turns":7},{"damage":15,"enemies":"Transient","floor":48,"turns":5},{"damage":59,"enemies":"Time Eater","floor":50,"turns":13}],"seed_played":"-4274798063574305346","potions_obtained":[{"floor":2,"key":"SmokeBomb"},{"floor":3,"key":"Fruit Juice"},{"floor":5,"key":"Regen Potion"}],"is_trial":false,"path_per_floor":["M","M","M","?","M","R","E","?","T","M","M","T","R","$","R","B",null,"M","?","T","M","?","R","$","R","T","E","M","R","M","$","R","B",null,"M","M","M","?","M","R","M","M","T","$","R","?","M","M","R","B",null],"character_chosen":"IRONCLAD","items_purchased":["Heavy Blade","Shrug It Off","Ancient Tea Set","Happy Flower","War Paint","Pommel Strike+1"],"campfire_rested":3,"item_purchase_floors":[14,14,24,31,44,44],"current_hp_per_floor":[76,76,80,85,83,83,84,66,66,76,84,84,84,84,84,13,90,70,70,70,76,76,76,76,76,76,54,78,78,83,83,83,57,95,89,65,55,55,57,85,53,31,31,31,59,59,53,52,80,27],"gold":375,"neow_bonus":"ONE_RANDOM_RARE_CARD","is_prod":false,"is_daily":false,"chose_seed":false,"campfire_upgraded":7,"win_rate":0,"timestamp":1566160798,"path_taken":["M","?","M","?","M","R","E","?","T","M","M","?","R","$","R","BOSS","M","?","?","M","?","R","?","R","T","E","M","R","M","$","R","BOSS","M","M","M","?","M","R","M","M","T","$","R","?","M","M","R","BOSS"],"build_version":"2019-07-17","purchased_purges":1,"victory":true,"max_hp_per_floor":[80,80,80,85,90,90,90,90,90,90,90,90,90,90,90,90,90,90,90,90,90,90,90,90,90,90,90,90,90,90,90,90,90,95,95,95,95,95,95,95,95,95,95,95,95,95,95,95,95,95],"card_choices":[{"not_picked":["Havoc","Wild Strike"],"picked":"Headbutt","floor":1},{"not_picked":["Havoc","Pummel"],"picked":"Clothesline","floor":2},{"not_picked":["Heavy Blade","Clash"],"picked":"Juggernaut","floor":3},{"not_picked":["Metallicize","Entrench"],"picked":"Shrug It Off","floor":5},{"not_picked":["Cleave","Anger"],"picked":"Spot Weakness","floor":7},{"not_picked":["Cleave","Sword Boomerang"],"picked":"Shrug It Off","floor":10},{"not_picked":["Clash","Disarm"],"picked":"Flame Barrier","floor":11},{"not_picked":["Feed","Dark Embrace"],"picked":"Limit Break","floor":16},{"not_picked":["Wild Strike","Cleave"],"picked":"Inflame","floor":18},{"not_picked":["Sever Soul","Double Tap","Corruption"],"picked":"SKIP","floor":27},{"not_picked":["Warcry","Thunderclap","Anger"],"picked":"SKIP","floor":28},{"not_picked":["Sword Boomerang","Power Through"],"picked":"Whirlwind","floor":30},{"not_picked":["Reaper","Impervious"],"picked":"Offering","floor":33},{"not_picked":["True Grit","Sever Soul+1"],"picked":"Intimidate+1","floor":34},{"not_picked":["Burning Pact","Perfected Strike+1","Havoc+1"],"picked":"SKIP","floor":35},{"not_picked":["Feel No Pain+1","Ghostly Armor"],"picked":"Shockwave+1","floor":36},{"not_picked":["Heavy Blade","Warcry"],"picked":"Body Slam+1","floor":37},{"not_picked":["Iron Wave","Wild Strike"],"picked":"Shrug It Off+1","floor":39},{"not_picked":["Reckless Charge","Wild Strike+1"],"picked":"Flame Barrier+1","floor":41},{"not_picked":["Rampage","Anger"],"picked":"Battle Trance+1","floor":42},{"not_picked":["True Grit+1","Battle Trance+1"],"picked":"Barricade","floor":47},{"not_picked":["Anger+1","Thunderclap+1"],"picked":"Body Slam+1","floor":48}],"player_experience":151305,"relics_obtained":[{"floor":7,"key":"Vajra"},{"floor":9,"key":"Omamori"},{"floor":12,"key":"Champion Belt"},{"floor":20,"key":"Juzu Bracelet"},{"floor":26,"key":"Tiny Chest"},{"floor":27,"key":"Peace Pipe"},{"floor":43,"key":"Molten Egg 2"}],"event_choices":[{"damage_healed":0,"gold_gain":0,"player_choice":"Donut","damage_taken":0,"max_hp_gain":5,"max_hp_loss":0,"event_name":"Big Fish","floor":4,"gold_loss":0},{"damage_healed":0,"gold_gain":0,"player_choice":"Entered Light","damage_taken":18,"max_hp_gain":0,"max_hp_loss":0,"event_name":"Shining Light","floor":8,"gold_loss":0,"cards_upgraded":["Strike_R","Bash"]},{"damage_healed":0,"gold_gain":0,"player_choice":"Simplicity","damage_taken":0,"max_hp_gain":0,"max_hp_loss":0,"event_name":"Back to Basics","floor":19,"gold_loss":0,"cards_upgraded":["Strike_R","Strike_R","Strike_R","Defend_R","Defend_R","Defend_R","Defend_R"]},{"damage_healed":0,"gold_gain":0,"player_choice":"Opened","damage_taken":0,"relics_obtained":["Paper Frog"],"max_hp_gain":0,"max_hp_loss":0,"event_name":"The Mausoleum","floor":22,"gold_loss":0},{"damage_healed":0,"gold_gain":0,"player_choice":"Ignored","damage_taken":0,"max_hp_gain":0,"max_hp_loss":0,"event_name":"Tomb of Lord Red Mask","floor":38,"gold_loss":0},{"damage_healed":0,"gold_gain":275,"player_choice":"Desecrate","damage_taken":0,"max_hp_gain":0,"max_hp_loss":0,"event_name":"Golden Shrine","floor":46,"gold_loss":0,"cards_obtained":["Regret"]}],"is_beta":false,"boss_relics":[{"not_picked":["Black Blood","Empty Cage"],"picked":"Sozu"},{"not_picked":["Coffee Dripper","Runic Pyramid"],"picked":"Tiny House"}],"items_purged_floors":[14],"is_endless":false,"potions_floor_spawned":[2,3,5,27,28,39,47,48],"ascension_level":2}