{"gold_per_floor":[111,122,29,47,57,92,92,108,108,108,128,128,148,165,165,244,244,218,143,143,143],"floor_reached":21,"playtime":854,"items_purged":["Strike_B"],"score":348,"play_id":"2b902782-22e1-4da6-ba16-0ede10e2cf7a","local_time":"20180921074323","is_ascension_mode":true,"campfire_choices":[{"data":"Defragment","floor":7.0,"key":"SMITH"},{"data":"Self Repair","floor":10.0,"key":"SMITH"},{"data":"Lockon","floor":12.0,"key":"SMITH"},{"data":"Zap","floor":15.0,"key":"SMITH"}],"neow_cost":"NONE","seed_source_timestamp":39777098397816,"circlet_count":0,"master_deck":["Strike_B","Strike_B","Strike_B","Defend_B","Defend_B","Defend_B","Defend_B","Zap+1","Dualcast","AscendersBane","Cold Snap","Conserve Battery","Turbo","Self Repair+1","Defragment+1","Lockon+1","Reinforced Body","Sweeping Beam","Ball Lightning","Steam","Fission","Doom and Gloom"],"special_seed":0,"relics":["Cracked Core","Lantern","Question Card","Velvet Choker"],"potions_floor_usage":[18],"damage_taken":[{"damage":4.0,"enemies":"Cultist","floor":1.0,"turns":5.0},{"damage":5.0,"enemies":"Jaw Worm","floor":2.0,"turns":3.0},{"damage":6.0,"enemies":"Small Slimes","floor":4.0,"turns":6.0},{"damage":5.0,"enemies":"Looter","floor":5.0,"turns":3.0},{"damage":20.0,"enemies":"Lagavulin","floor":6.0,"turns":8.0},{"damage":17.0,"enemies":"Large Slime","floor":8.0,"turns":7.0},{"damage":5.0,"enemies":"Blue Slaver","floor":11.0,"turns":3.0},{"damage":4.0,"enemies":"2 Fungi Beasts","floor":13.0,"turns":5.0},{"damage":0.0,"enemies":"Large Slime","floor":14.0,"turns":5.0},{"damage":36,"enemies":"Slime Boss","floor":16,"turns":10},{"damage":24,"enemies":"2 Thieves","floor":18,"turns":4},{"damage":62,"enemies":"Masked Bandits","floor":21,"turns":4}],"seed_played":"-4227237024161691673","potions_obtained":[{"floor":1.0,"key":"Poison Potion"},{"floor":4.0,"key":"PowerPotion"},{"floor":5.0,"key":"SpeedPotion"},{"floor":16,"key":"Regen Potion"}],"is_trial":false,"path_per_floor":["M","M","$","M","M","E","R","M","T","R","M","R","M","M","R","B",null,"M","$","?"],"character_chosen":"DEFECT","items_purchased":["Self Repair"],"campfire_rested":0,"item_purchase_floors":[3],"current_hp_per_floor":[60,55,55,56,58,45,45,35,35,35,40,40,46,56,56,30,61,61,61,61,0],"gold":143,"neow_bonus":"THREE_CARDS","is_prod":false,"is_daily":false,"chose_seed":false,"campfire_upgraded":4,"win_rate":0,"timestamp":1537541003,"path_taken":["M","M","$","M","M","E","R","M","T","R","M","R","?","M","R","BOSS","M","$","?","?"],"build_version":"2018-09-20","purchased_purges":1,"victory":false,"max_hp_per_floor":[71,71,71,71,71,71,71,71,71,71,71,71,71,71,71,71,71,71,71,71,71],"card_choices":[{"not_picked":["Streamline","Turbo"],"picked":"Cold Snap","floor":0.0},{"not_picked":["Loop","Ball Lightning"],"picked":"Conserve Battery","floor":1.0},{"not_picked":["Doom and Gloom","Conserve Battery"],"picked":"Turbo","floor":2.0},{"not_picked":["Leap","Compile Driver"],"picked":"Defragment","floor":4.0},{"not_picked":["Ball Lightning","Gash"],"picked":"Lockon","floor":5.0},{"not_picked":["Redo","Creative AI"],"picked":"Reinforced Body","floor":6.0},{"not_picked":["Beam Cell","BootSequence","Steam"],"picked":"SKIP","floor":8.0},{"not_picked":["Melter","Hello World","Go for the Eyes"],"picked":"Sweeping Beam","floor":11.0},{"not_picked":["Hello World","Fusion","Stack"],"picked":"Ball Lightning","floor":13.0},{"not_picked":["Melter","Doom and Gloom","Lockon"],"picked":"Steam","floor":14.0},{"not_picked":["Reboot","Biased Cognition","Machine Learning"],"picked":"Fission","floor":16},{"not_picked":["Reprogram","Undo","Go for the Eyes"],"picked":"Doom and Gloom","floor":18}],"player_experience":506869,"relics_obtained":[{"floor":6.0,"key":"Lantern"},{"floor":9.0,"key":"Question Card"}],"event_choices":[{"event_name":"The Mausoleum","player_choice":"No","floor":20,"damage_taken":0},{"event_name":"Masked Bandits","player_choice":"Fought Bandits","floor":21,"damage_taken":0}],"is_beta":true,"boss_relics":[{"not_picked":["Orrery","Runic Pyramid"],"picked":"Velvet Choker"}],"items_purged_floors":[19],"is_endless":false,"potions_floor_spawned":[1,4,5,16],"killed_by":"Masked Bandits","ascension_level":18}