{"gold_per_floor":[110,126,144,161,175,201,126,126,151,151,151,164,174,174,174,249,249,268,63,75,85,85,117,42,54,54,15,15,25,125,145,145,217,217,235,252,267,31,41,41,41,73,97,97,130,146,146,156,156,156,156],"floor_reached":52,"playtime":6150,"items_purged":["Strike_B","Strike_B","Defend_B"],"score":1851,"play_id":"5f605e50-e7a0-402d-9553-a43b75bd35ab","local_time":"20190927165138","is_ascension_mode":true,"campfire_choices":[{"data":"Go for the Eyes","floor":8.0,"key":"SMITH"},{"floor":11.0,"key":"REST"},{"data":"Hologram","floor":15.0,"key":"SMITH"},{"floor":28.0,"key":"REST"},{"data":"Recycle","floor":32.0,"key":"SMITH"},{"data":"Coolheaded","floor":40.0,"key":"SMITH"},{"floor":44.0,"key":"REST"},{"data":"Reinforced Body","floor":47.0,"key":"SMITH"},{"data":"Scrape","floor":49.0,"key":"SMITH"}],"neow_cost":"NONE","seed_source_timestamp":1614691956573551,"circlet_count":0,"master_deck":["AscendersBane","Defend_B","Defend_B","Defend_B","Zap","Dualcast","Gash+1","Genetic Algorithm","Gash+1","Go for the Eyes+1","Scrape+1","Machine Learning+1","Hologram+1","Self Repair","All For One","Recycle+1","Gash","Coolheaded+1","Self Repair","Reinforced Body+1","Rebound","Steam+1","Gash","FTL","Gash","Beam Cell+1","Gash"],"special_seed":0,"relics":["Cracked Core","Regal Pillow","Whetstone","Busted Crown","Juzu Bracelet","Question Card","Peace Pipe","Kunai","Orrery","PreservedInsect","Blood Vial","Pen Nib"],"potions_floor_usage":[51,51],"damage_taken":[{"damage":2.0,"enemies":"2 Louse","floor":1.0,"turns":4.0},{"damage":2.0,"enemies":"Cultist","floor":2.0,"turns":4.0},{"damage":5.0,"enemies":"Small Slimes","floor":3.0,"turns":4.0},{"damage":11.0,"enemies":"Looter","floor":4.0,"turns":3.0},{"damage":6.0,"enemies":"Exordium Wildlife","floor":5.0,"turns":5.0},{"damage":23.0,"enemies":"Lagavulin","floor":6.0,"turns":6.0},{"damage":12.0,"enemies":"2 Fungi Beasts","floor":12.0,"turns":3.0},{"damage":3.0,"enemies":"Blue Slaver","floor":13.0,"turns":4.0},{"damage":20.0,"enemies":"The Guardian","floor":16.0,"turns":10.0},{"damage":16.0,"enemies":"Spheric Guardian","floor":18.0,"turns":4.0},{"damage":0.0,"enemies":"3 Byrds","floor":20.0,"turns":5.0},{"damage":5.0,"enemies":"Cultist and Chosen","floor":21.0,"turns":5.0},{"damage":19.0,"enemies":"Book of Stabbing","floor":23.0,"turns":4.0},{"damage":23.0,"enemies":"Centurion and Healer","floor":25.0,"turns":5.0},{"damage":4.0,"enemies":"3 Cultists","floor":29.0,"turns":4.0},{"damage":33.0,"enemies":"Colosseum Slavers","floor":30.0,"turns":6.0},{"damage":38.0,"enemies":"Colosseum Nobs","floor":30.0,"turns":7.0},{"damage":0.0,"enemies":"Snecko","floor":31.0,"turns":2.0},{"damage":27.0,"enemies":"Automaton","floor":33.0,"turns":7.0},{"damage":12.0,"enemies":"Orb Walker","floor":35.0,"turns":4.0},{"damage":22.0,"enemies":"3 Darklings","floor":36.0,"turns":6.0},{"damage":17.0,"enemies":"4 Shapes","floor":37.0,"turns":7.0},{"damage":2.0,"enemies":"Spire Growth","floor":39.0,"turns":3.0},{"damage":27.0,"enemies":"Nemesis","floor":42.0,"turns":5.0},{"damage":0.0,"enemies":"Giant Head","floor":45.0,"turns":4.0},{"damage":5.0,"enemies":"Sphere and 2 Shapes","floor":46.0,"turns":4.0},{"damage":19.0,"enemies":"3 Darklings","floor":48.0,"turns":4.0},{"damage":53.0,"enemies":"Donu and Deca","floor":50.0,"turns":5.0},{"damage":35,"enemies":"Awakened One","floor":51,"turns":7}],"seed_played":"-7781219167223166459","potions_obtained":[{"floor":2.0,"key":"LiquidBronze"},{"floor":4.0,"key":"Swift Potion"},{"floor":12.0,"key":"FearPotion"},{"floor":18.0,"key":"SkillPotion"},{"floor":20.0,"key":"Energy Potion"},{"floor":33.0,"key":"SpeedPotion"},{"floor":37.0,"key":"Strength Potion"},{"floor":45.0,"key":"PowerPotion"},{"floor":48.0,"key":"LiquidBronze"}],"is_trial":false,"path_per_floor":["M","M","M","M","M","E","$","R","T","?","R","M","M","?","R","B",null,"M","$","M","M","?","E","?","M","T","$","R","M","?","M","R","B",null,"M","M","M","$","M","R","$","E","T","R","E","M","R","M","R","B","B",null],"character_chosen":"DEFECT","items_purchased":["Gash","Coolheaded","Self Repair","Gash","Swift Potion"],"campfire_rested":3,"item_purchase_floors":[19,19,27,38,38],"current_hp_per_floor":[69,67,62,51,45,22,22,22,22,22,60,48,45,38,38,25,65,56,56,63,58,58,46,46,30,30,30,68,78,35,42,42,29,66,54,46,43,43,48,48,48,28,28,66,78,78,78,73,73,36,3],"gold":156,"neow_bonus":"TEN_PERCENT_HP_BONUS","is_prod":false,"is_daily":false,"chose_seed":false,"campfire_upgraded":6,"win_rate":0,"timestamp":1569617498,"path_taken":["M","M","M","M","M","E","$","R","T","?","R","M","?","?","R","BOSS","M","$","M","M","?","E","?","M","T","?","R","M","?","M","R","BOSS","M","M","M","$","M","R","$","E","T","R","E","M","R","M","R","BOSS","BOSS"],"build_version":"2019-07-17","purchased_purges":3,"victory":true,"max_hp_per_floor":[78,78,78,78,78,78,78,78,78,78,78,78,78,78,78,78,78,78,78,78,78,78,78,78,78,78,78,78,78,78,78,78,78,78,78,78,78,78,78,78,78,78,78,78,78,78,78,78,78,78,78],"card_choices":[{"not_picked":["Turbo","Recycle"],"picked":"Gash","floor":1.0},{"not_picked":["White Noise","Auto Shields"],"picked":"Genetic Algorithm","floor":2.0},{"not_picked":["Ball Lightning","Steam Power"],"picked":"Gash","floor":3.0},{"not_picked":["Leap","Consume"],"picked":"Go for the Eyes","floor":4.0},{"not_picked":["Stack","Beam Cell"],"picked":"Scrape","floor":5.0},{"not_picked":["Meteor Strike","Streamline"],"picked":"Machine Learning","floor":6.0},{"not_picked":["Redo","Storm"],"picked":"Hologram","floor":12.0},{"not_picked":["Go for the Eyes","Stack"],"picked":"Self Repair","floor":13.0},{"not_picked":["Biased Cognition","Buffer"],"picked":"All For One","floor":16.0},{"not_picked":[],"picked":"Recycle","floor":18.0},{"not_picked":["Redo"],"picked":"SKIP","floor":20.0},{"not_picked":["Turbo"],"picked":"SKIP","floor":21.0},{"not_picked":["Melter"],"picked":"SKIP","floor":23.0},{"not_picked":["Conserve Battery"],"picked":"SKIP","floor":25.0},{"not_picked":["Barrage"],"picked":"Reinforced Body","floor":29.0},{"not_picked":["Cold Snap"],"picked":"Rebound","floor":30.0},{"not_picked":["Chaos"],"picked":"Steam+1","floor":31.0},{"not_picked":["Beam Cell"],"picked":"Gash","floor":34.0},{"not_picked":["Go for the Eyes"],"picked":"FTL","floor":35.0},{"not_picked":["Steam Power","Streamline"],"picked":"SKIP","floor":36.0},{"not_picked":["Sunder","Ball Lightning"],"picked":"SKIP","floor":37.0},{"not_picked":["Turbo"],"picked":"Beam Cell+1","floor":39.0},{"not_picked":["Ball Lightning+1"],"picked":"Gash","floor":42.0},{"not_picked":["Biased Cognition","Turbo"],"picked":"SKIP","floor":45.0},{"not_picked":["Chaos+1","Steam"],"picked":"SKIP","floor":46.0},{"not_picked":["Ball Lightning","Glacier+1"],"picked":"SKIP","floor":48.0}],"player_experience":475910,"relics_obtained":[{"floor":6.0,"key":"Regal Pillow"},{"floor":9.0,"key":"Whetstone"},{"floor":23.0,"key":"Juzu Bracelet"},{"floor":26.0,"key":"Question Card"},{"floor":30.0,"key":"Peace Pipe"},{"floor":30.0,"key":"Kunai"},{"floor":42.0,"key":"PreservedInsect"},{"floor":43.0,"key":"Blood Vial"},{"floor":45.0,"key":"Pen Nib"}],"event_choices":[{"damage_healed":0.0,"max_hp_gain":0.0,"max_hp_loss":0.0,"gold_gain":0.0,"event_name":"Upgrade Shrine","player_choice":"Upgraded","floor":10.0,"gold_loss":0.0,"damage_taken":0.0,"cards_upgraded":["Machine Learning"]},{"cards_removed":["Strike_B"],"damage_healed":0.0,"max_hp_gain":0.0,"max_hp_loss":0.0,"gold_gain":0.0,"event_name":"Golden Wing","player_choice":"Card Removal","floor":14.0,"gold_loss":0.0,"damage_taken":7.0},{"damage_healed":0.0,"max_hp_gain":0.0,"max_hp_loss":0.0,"gold_gain":0.0,"event_name":"Ghosts","player_choice":"Ignored","floor":22.0,"gold_loss":0.0,"damage_taken":0.0},{"cards_removed":["Strike_B"],"damage_healed":0.0,"max_hp_gain":0.0,"max_hp_loss":0.0,"gold_gain":0.0,"event_name":"Beggar","player_choice":"Gave Gold","floor":24.0,"gold_loss":75.0,"damage_taken":0.0},{"damage_healed":0.0,"max_hp_gain":0.0,"max_hp_loss":0.0,"gold_gain":0.0,"event_name":"Colosseum","player_choice":"Fight","floor":30.0,"gold_loss":0.0,"damage_taken":0.0},{"damage_healed":0.0,"max_hp_gain":0.0,"max_hp_loss":0.0,"gold_gain":0.0,"event_name":"Colosseum","player_choice":"Fought Nobs","floor":30.0,"gold_loss":0.0,"damage_taken":0.0}],"is_beta":false,"boss_relics":[{"not_picked":["Tiny House","Snecko Eye"],"picked":"Busted Crown"},{"not_picked":["Runic Dome","Astrolabe"],"picked":"Orrery"}],"items_purged_floors":[7,19,38],"is_endless":false,"potions_floor_spawned":[2,4,6,12,18,20,33,37,45,48],"ascension_level":20}