{"gold_per_floor":[111,122,135,135,152,184,184,200,200,225,257,287,319,349,361,373],"floor_reached":16,"playtime":599,"items_purged":[],"score":189,"play_id":"58e03c32-e78e-4dd7-ad77-0c6f055331ce","local_time":"20190414005234","is_ascension_mode":true,"campfire_choices":[{"floor":7,"key":"REST"},{"floor":15,"key":"REST"}],"neow_cost":"NONE","seed_source_timestamp":193413154287242,"circlet_count":0,"master_deck":["AscendersBane","Defend_G","Defend_G","Defend_G","Defend_G","Defend_G","Strike_G","Strike_G","Strike_G","Strike_G","Survivor","Neutralize","Underhanded Strike","Infinite Blades","Poisoned Stab","Noxious Fumes","Blur","Backflip","Deadly Poison","Blur","Cloak And Dagger","Bouncing Flask","Catalyst"],"relics":["Ring of the Snake","Happy Flower","Bag of Marbles","MawBank"],"potions_floor_usage":[6,10,14,16,16],"damage_taken":[{"damage":0,"enemies":"Jaw Worm","floor":1,"turns":6},{"damage":4,"enemies":"Cultist","floor":2,"turns":4},{"damage":0,"enemies":"2 Louse","floor":3,"turns":4},{"damage":23,"enemies":"Lots of Slimes","floor":5,"turns":6},{"damage":36,"enemies":"Gremlin Nob","floor":6,"turns":5},{"damage":2,"enemies":"Red Slaver","floor":8,"turns":3},{"damage":12,"enemies":"3 Sentries","floor":10,"turns":8},{"damage":0,"enemies":"2 Fungi Beasts","floor":11,"turns":4},{"damage":4,"enemies":"Exordium Wildlife","floor":12,"turns":5},{"damage":0,"enemies":"Blue Slaver","floor":13,"turns":4},{"damage":8,"enemies":"Large Slime","floor":14,"turns":5},{"damage":42,"enemies":"Slime Boss","floor":16,"turns":7}],"seed_played":"5729146359720778448","potions_obtained":[{"floor":2,"key":"Ancient Potion"},{"floor":3,"key":"EssenceOfSteel"},{"floor":10,"key":"Dexterity Potion"},{"floor":12,"key":"SkillPotion"},{"floor":13,"key":"Regen Potion"},{"floor":14,"key":"Explosive Potion"}],"is_trial":false,"path_per_floor":["M","M","M","?","M","E","R","M","T","E","M","M","M","M","R","B"],"character_chosen":"THE_SILENT","items_purchased":[],"campfire_rested":2,"item_purchase_floors":[],"current_hp_per_floor":[70,66,66,66,43,7,30,28,28,16,16,12,12,4,27,0],"gold":373,"neow_bonus":"TEN_PERCENT_HP_BONUS","is_prod":false,"is_daily":false,"chose_seed":false,"campfire_upgraded":0,"win_rate":0,"timestamp":1555224754,"path_taken":["M","M","M","?","M","E","R","M","T","E","M","M","M","M","R","BOSS"],"build_version":"2019-01-23","purchased_purges":0,"victory":false,"max_hp_per_floor":[77,77,77,77,77,77,77,77,77,77,77,77,77,77,77,77],"card_choices":[{"not_picked":["Prepared","Outmaneuver"],"picked":"Underhanded Strike","floor":1},{"not_picked":["Dodge and Roll","Leg Sweep"],"picked":"Infinite Blades","floor":2},{"not_picked":["Backflip","Sucker Punch"],"picked":"Poisoned Stab","floor":3},{"not_picked":["Dodge and Roll","Dagger Throw"],"picked":"Noxious Fumes","floor":5},{"not_picked":["Distraction","Reflex"],"picked":"Blur","floor":6},{"not_picked":["Unload","Flying Knee"],"picked":"Backflip","floor":8},{"not_picked":["Flying Knee","Cloak And Dagger"],"picked":"Deadly Poison","floor":10},{"not_picked":["Expertise","Sucker Punch"],"picked":"Blur","floor":11},{"not_picked":["Caltrops","Expertise"],"picked":"Cloak And Dagger","floor":12},{"not_picked":["Deflect","Predator"],"picked":"Bouncing Flask","floor":13},{"not_picked":["Finisher","Flechettes"],"picked":"Catalyst","floor":14}],"player_experience":505554,"relics_obtained":[{"floor":6,"key":"Happy Flower"},{"floor":9,"key":"Bag of Marbles"},{"floor":10,"key":"MawBank"}],"event_choices":[{"cards_removed":["Strike_G"],"damage_healed":0,"gold_gain":0,"player_choice":"Purged","damage_taken":0,"max_hp_gain":0,"max_hp_loss":0,"event_name":"Purifier","floor":4,"gold_loss":0}],"is_beta":false,"boss_relics":[],"items_purged_floors":[],"is_endless":false,"potions_floor_spawned":[2,3,10,12,13,14],"killed_by":"Slime Boss","ascension_level":12}