{"gold_per_floor":[111,8,25,35,53,68,102,113,113,133,145,160,173,188,188,290,290,310,328,328,328,355,367],"floor_reached":23,"playtime":849,"items_purged":[],"score":405,"play_id":"54c3f728-cb15-4656-8abc-2f8136f38fc2","local_time":"20190415000343","is_ascension_mode":true,"campfire_choices":[{"data":"Noxious Fumes","floor":15,"key":"SMITH"}],"neow_cost":"NONE","seed_source_timestamp":0,"circlet_count":0,"master_deck":["AscendersBane","Defend_G","Defend_G","Defend_G","Defend_G","Defend_G","Strike_G","Strike_G","Strike_G","Strike_G","Strike_G","Survivor","Neutralize","Poisoned Stab","Well Laid Plans","Backstab","Backstab","Noxious Fumes+1","Footwork","Leg Sweep","Terror","Dodge and Roll","Dagger Spray","Wraith Form v2","Deadly Poison","Dodge and Roll","Deadly Poison","After Image","Poisoned Stab","Backflip+1","Deadly Poison"],"special_seed":0,"relics":["Ring of the Snake","Lantern","Letter Opener","Black Star","MawBank"],"potions_floor_usage":[7,7,16,23,23],"damage_taken":[{"damage":1,"enemies":"Cultist","floor":1,"turns":5},{"damage":1,"enemies":"Jaw Worm","floor":3,"turns":2},{"damage":0,"enemies":"Small Slimes","floor":4,"turns":2},{"damage":14,"enemies":"Exordium Wildlife","floor":5,"turns":5},{"damage":0,"enemies":"Exordium Thugs","floor":6,"turns":5},{"damage":12,"enemies":"Gremlin Nob","floor":7,"turns":4},{"damage":8,"enemies":"Large Slime","floor":8,"turns":4},{"damage":3,"enemies":"Gremlin Gang","floor":10,"turns":5},{"damage":0,"enemies":"2 Fungi Beasts","floor":11,"turns":3},{"damage":0,"enemies":"Looter","floor":12,"turns":2},{"damage":17,"enemies":"Exordium Wildlife","floor":13,"turns":6},{"damage":0,"enemies":"Blue Slaver","floor":14,"turns":3},{"damage":0,"enemies":"The Guardian","floor":16,"turns":10},{"damage":2,"enemies":"Spheric Guardian","floor":18,"turns":6},{"damage":10,"enemies":"Shell Parasite","floor":19,"turns":5},{"damage":3,"enemies":"Cultist and Chosen","floor":22,"turns":9},{"damage":12,"enemies":"Gremlin Leader","floor":23,"turns":4}],"seed_played":"-7792974179944682297","potions_obtained":[{"floor":3,"key":"SkillPotion"},{"floor":4,"key":"AttackPotion"},{"floor":5,"key":"AttackPotion"},{"floor":10,"key":"Swift Potion"},{"floor":12,"key":"EssenceOfSteel"},{"floor":16,"key":"Strength Potion"},{"floor":22,"key":"Poison Potion"}],"is_trial":false,"path_per_floor":["M","$","M","M","M","M","E","M","T","M","M","M","M","M","R","B",null,"M","M","?","?","M","E"],"character_chosen":"THE_SILENT","items_purchased":["Well Laid Plans","Backstab"],"campfire_rested":0,"item_purchase_floors":[2,2],"current_hp_per_floor":[69,69,68,68,54,54,42,34,34,31,31,31,14,14,14,14,61,59,49,35,35,32,20],"gold":367,"neow_bonus":"TEN_PERCENT_HP_BONUS","is_prod":false,"is_daily":false,"chose_seed":false,"campfire_upgraded":1,"win_rate":0,"timestamp":1555308223,"path_taken":["M","?","?","M","M","M","E","?","T","M","M","M","?","?","R","BOSS","M","M","?","?","?","E"],"build_version":"2019-01-23","purchased_purges":0,"victory":false,"max_hp_per_floor":[77,77,77,77,77,77,77,77,77,77,77,77,77,77,77,77,77,77,77,82,82,82,82],"card_choices":[{"not_picked":["Slice","Quick Slash"],"picked":"Poisoned Stab","floor":1},{"not_picked":["Dagger Spray","Acrobatics"],"picked":"Backstab","floor":3},{"not_picked":["Acrobatics","Bane"],"picked":"Noxious Fumes","floor":4},{"not_picked":["PiercingWail","Skewer"],"picked":"Footwork","floor":5},{"not_picked":["Terror","Outmaneuver"],"picked":"Leg Sweep","floor":6},{"not_picked":["Tactician","Masterful Stab"],"picked":"Terror","floor":7},{"not_picked":["Finisher","PiercingWail"],"picked":"Dodge and Roll","floor":8},{"not_picked":["Slice","Concentrate"],"picked":"Dagger Spray","floor":10},{"not_picked":["Bane","Poisoned Stab"],"picked":"Wraith Form v2","floor":11},{"not_picked":["Acrobatics","Prepared"],"picked":"Deadly Poison","floor":12},{"not_picked":["Dagger Spray","Accuracy"],"picked":"Dodge and Roll","floor":13},{"not_picked":["Venomology","Deflect"],"picked":"Deadly Poison","floor":14},{"not_picked":["Corpse Explosion","Storm of Steel"],"picked":"After Image","floor":16},{"not_picked":["All Out Attack+1","Slice+1"],"picked":"Poisoned Stab","floor":18},{"not_picked":["Flying Knee","Heel Hook+1"],"picked":"Backflip+1","floor":19},{"not_picked":["Flying Knee+1","Cloak And Dagger"],"picked":"Deadly Poison","floor":22}],"player_experience":513810,"relics_obtained":[{"floor":7,"key":"Lantern"},{"floor":9,"key":"Letter Opener"}],"event_choices":[{"damage_healed":0,"gold_gain":0,"player_choice":"Shed Blood","damage_taken":19,"max_hp_gain":5,"max_hp_loss":0,"event_name":"Forgotten Altar","floor":20,"gold_loss":0},{"damage_healed":0,"gold_gain":0,"player_choice":"Gave Potion","damage_taken":0,"relics_obtained":["MawBank"],"max_hp_gain":0,"max_hp_loss":0,"event_name":"WeMeetAgain","floor":21,"gold_loss":0}],"is_beta":false,"boss_relics":[{"not_picked":["Orrery","WristBlade"],"picked":"Black Star"}],"items_purged_floors":[],"is_endless":false,"potions_floor_spawned":[3,4,5,10,12,14,16,18,22],"killed_by":"Gremlin Leader","ascension_level":12}