{"gold_per_floor":[212,225,77,94,111,111,39,71,144,144,1,1,20,34,34,133,133,146,157,168,20,35,35,54,64,64,64,64,74,74,87,87,87],"floor_reached":33,"playtime":3077,"items_purged":[],"score":278,"play_id":"c00e8d12-8fc6-44ce-ae44-8d1ae585275b","local_time":"20190813194026","is_ascension_mode":true,"campfire_choices":[{"data":"Pommel Strike","floor":6,"key":"SMITH"},{"floor":10,"key":"REST"},{"data":"Shrug It Off","floor":12,"key":"SMITH"},{"data":"Havoc","floor":15,"key":"SMITH"},{"floor":23,"key":"REST"},{"data":"Corruption","floor":28,"key":"SMITH"},{"floor":32,"key":"REST"}],"neow_cost":"NONE","seed_source_timestamp":1034609381799,"circlet_count":0,"master_deck":["Strike_R","Strike_R","Strike_R","Strike_R","Strike_R","Defend_R","Defend_R","Defend_R","Defend_R","Bash","Shrug It Off+1","Pommel Strike+1","Seeing Red","Corruption+1","Battle Trance","Havoc+1","Evolve","Dark Embrace","Body Slam","Iron Wave","Spot Weakness+1","Warcry","Sentinel"],"relics":["Burning Blood","Bag of Preparation","WingedGreaves","Darkstone Periapt","Blood Vial","Mark of Pain","Oddly Smooth Stone","Bronze Scales"],"potions_floor_usage":[16,18,20,33,33],"damage_taken":[{"damage":0,"enemies":"Cultist","floor":1,"turns":4},{"damage":5,"enemies":"Small Slimes","floor":2,"turns":4},{"damage":2,"enemies":"2 Louse","floor":4,"turns":3},{"damage":8,"enemies":"Blue Slaver","floor":5,"turns":5},{"damage":45,"enemies":"Lagavulin","floor":8,"turns":7},{"damage":7,"enemies":"3 Louse","floor":13,"turns":4},{"damage":2,"enemies":"Exordium Wildlife","floor":14,"turns":7},{"damage":67,"enemies":"The Guardian","floor":16,"turns":15},{"damage":14,"enemies":"Spheric Guardian","floor":18,"turns":5},{"damage":31,"enemies":"3 Byrds","floor":19,"turns":7},{"damage":29,"enemies":"Centurion and Healer","floor":20,"turns":8},{"damage":6,"enemies":"Chosen and Byrds","floor":22,"turns":8},{"damage":13,"enemies":"Snecko","floor":24,"turns":5},{"damage":30,"enemies":"Snake Plant","floor":25,"turns":5},{"damage":9,"enemies":"Centurion and Healer","floor":29,"turns":4},{"damage":27,"enemies":"Colosseum Slavers","floor":30,"turns":7},{"damage":14,"enemies":"Shelled Parasite and Fungi","floor":31,"turns":5},{"damage":62,"enemies":"Collector","floor":33,"turns":8}],"seed_played":"-5836266571521259658","potions_obtained":[{"floor":8,"key":"Ancient Potion"},{"floor":13,"key":"Poison Potion"},{"floor":14,"key":"SpeedPotion"},{"floor":19,"key":"SteroidPotion"},{"floor":25,"key":"Strength Potion"},{"floor":29,"key":"FearPotion"}],"is_trial":false,"path_per_floor":["M","M","$","M","M","R","$","E","T","R","$","R","M","M","R","B",null,"M","M","M","$","M","R","M","M","T","?","R","M","?","M","R","B"],"character_chosen":"IRONCLAD","items_purchased":["Bag of Preparation","Corruption","Blood Vial","Oddly Smooth Stone"],"campfire_rested":3,"item_purchase_floors":[3,7,11,21],"current_hp_per_floor":[80,80,80,80,78,78,78,39,39,63,63,63,64,70,70,11,80,72,49,28,28,30,54,49,27,27,80,80,77,58,52,76,16],"gold":87,"neow_bonus":"HUNDRED_GOLD","is_prod":false,"is_daily":false,"chose_seed":false,"campfire_upgraded":4,"win_rate":0,"timestamp":1565721626,"path_taken":["M","M","$","M","M","R","$","E","T","R","$","R","M","M","R","BOSS","M","M","M","$","?","R","M","M","T","?","R","?","?","M","R","BOSS"],"build_version":"2019-07-17","purchased_purges":0,"victory":false,"max_hp_per_floor":[80,80,80,80,80,80,80,80,80,80,80,80,80,80,80,80,80,80,80,80,80,80,80,80,80,80,80,80,80,80,80,80,80],"card_choices":[{"not_picked":["Havoc","Clothesline"],"picked":"Shrug It Off","floor":1},{"not_picked":["Blood for Blood","Thunderclap","Cleave"],"picked":"SKIP","floor":2},{"not_picked":["Clash","Blood for Blood"],"picked":"Pommel Strike","floor":4},{"not_picked":["Infernal Blade","Sever Soul"],"picked":"Seeing Red","floor":5},{"not_picked":["Dual Wield","Infernal Blade"],"picked":"Battle Trance","floor":8},{"not_picked":["Fiend Fire","Clash"],"picked":"Havoc","floor":13},{"not_picked":["Wild Strike","Havoc"],"picked":"Evolve","floor":14},{"not_picked":["Offering","Barricade"],"picked":"Dark Embrace","floor":16},{"not_picked":["Sword Boomerang+1","Anger"],"picked":"Body Slam","floor":18},{"not_picked":["Heavy Blade","Flex"],"picked":"Sentinel","floor":19},{"not_picked":["Clash","Body Slam"],"picked":"Iron Wave","floor":20},{"not_picked":["Iron Wave","Anger+1","Twin Strike"],"picked":"SKIP","floor":22},{"not_picked":["Heavy Blade","Clothesline"],"picked":"Spot Weakness+1","floor":24},{"not_picked":["Perfected Strike","Berserk","Havoc"],"picked":"SKIP","floor":25},{"not_picked":["Headbutt","Perfected Strike"],"picked":"Warcry","floor":29},{"not_picked":["Clothesline","Shrug It Off"],"picked":"Sentinel","floor":31}],"player_experience":130049,"relics_obtained":[{"floor":8,"key":"WingedGreaves"},{"floor":9,"key":"Darkstone Periapt"},{"floor":26,"key":"Bronze Scales"}],"event_choices":[{"cards_removed":["Sentinel"],"damage_healed":53,"gold_gain":0,"player_choice":"Offered Uncommon","damage_taken":0,"max_hp_gain":0,"max_hp_loss":0,"event_name":"Bonfire Elementals","floor":27,"gold_loss":0},{"damage_healed":0,"gold_gain":0,"player_choice":"Fight","damage_taken":0,"max_hp_gain":0,"max_hp_loss":0,"event_name":"Colosseum","floor":30,"gold_loss":0},{"damage_healed":0,"gold_gain":0,"player_choice":"Fled From Nobs","damage_taken":0,"max_hp_gain":0,"max_hp_loss":0,"event_name":"Colosseum","floor":30,"gold_loss":0}],"is_beta":false,"boss_relics":[{"not_picked":["Philosopher\u0027s Stone","Eternal Feather"],"picked":"Mark of Pain"}],"items_purged_floors":[],"is_endless":false,"potions_floor_spawned":[8,13,14,19,25,29,30],"killed_by":"Collector","ascension_level":2}