{"path_per_floor":["M","?","M","M","M","E","R","M","T","E","?","?","T","$","R","B",null,"M","?","?","?","M","R","E","M","T","R","E","R","M","M","R","B",null,"M","?","M","M","?","R","?","E","T","?","R","M","E","M","R","B"],"character_chosen":"IRONCLAD","items_purchased":["Medical Kit","Clash","FairyPotion"],"gold_per_floor":[112,187,200,214,234,266,266,280,280,309,364,539,566,128,128,232,232,232,232,157,72,72,72,72,72,72,72,72,72,72,72,72,72,72,72,72,72,72,72,72,72,72,72,0,0,0,0,0,0,0],"floor_reached":51,"campfire_rested":4,"playtime":2042,"current_hp_per_floor":[71,71,63,67,72,61,61,55,55,40,56,56,63,63,63,11,79,78,78,78,78,72,72,16,9,11,41,35,66,69,75,107,73,99,107,107,104,105,105,105,105,117,119,119,119,119,110,79,115,78],"items_purged":["Doubt"],"gold":0,"score":1172,"play_id":"f8ec716c-2918-43fd-ad3c-ef0b95baadef","local_time":"20180514212525","is_prod":false,"is_daily":false,"chose_seed":false,"is_ascension_mode":true,"campfire_upgraded":5,"timestamp":1526347525,"path_taken":["M","?","M","M","?","E","R","M","T","E","?","?","?","$","R","BOSS","M","?","?","?","M","R","E","?","T","R","E","R","M","?","R","BOSS","M","?","M","?","?","R","?","E","T","?","R","?","E","M","R","BOSS"],"build_version":"2018-05-12v2","seed_source_timestamp":7958367907434,"purchased_purges":1,"victory":true,"master_deck":["Strike_R","Strike_R","Strike_R","Strike_R+1","Strike_R+1","Defend_R","Defend_R","Bash+1","Power Through","Perfected Strike+1","Shrug It Off","Ghostly Armor","Perfected Strike+1","Impervious","Clash","Battle Trance","Perfected Strike+1","Spot Weakness+1","Perfected Strike+1","Pommel Strike","Demon Form+1","Perfected Strike+1","Twin Strike+1","Perfected Strike+1","Normality","Wild Strike","Wild Strike+1","Pommel Strike+1"],"max_hp_per_floor":[80,80,80,80,80,80,80,80,80,80,94,94,101,101,101,101,101,101,101,101,101,101,101,101,101,103,103,105,105,107,107,107,107,107,109,109,109,109,109,109,109,121,123,123,123,123,123,123,123,123],"relics":["Burning Blood","Shuriken","Self Forming Clay","Prayer Wheel","Mango","Strawberry","Medical Kit","Ectoplasm","Singing Bowl","Ancient Tea Set","Bronze Scales","Whetstone","Cursed Key","Pear","Kunai","Red Mask","Bag of Marbles"],"card_choices":[{"not_picked":["Armaments","Body Slam","Feel No Pain"],"picked":"SKIP","floor":1},{"not_picked":["True Grit","Pommel Strike"],"picked":"Power Through","floor":3},{"not_picked":["Sword Boomerang","Fiend Fire"],"picked":"Perfected Strike","floor":4},{"not_picked":["Evolve","Clothesline"],"picked":"Shrug It Off","floor":5},{"not_picked":["Shrug It Off","Pommel Strike"],"picked":"Ghostly Armor","floor":6},{"not_picked":["Shrug It Off","True Grit"],"picked":"Perfected Strike","floor":8},{"not_picked":["Bludgeon","Sever Soul"],"picked":"Impervious","floor":10},{"not_picked":["Heavy Blade","Clothesline","Armaments"],"picked":"SKIP","floor":13},{"not_picked":["Fire Breathing","Rampage"],"picked":"Battle Trance","floor":18},{"not_picked":["Armaments","Thunderclap+1"],"picked":"Perfected Strike","floor":22},{"not_picked":["Iron Wave+1","Armaments"],"picked":"Spot Weakness+1","floor":24},{"not_picked":["Sever Soul+1","Thunderclap+1"],"picked":"Perfected Strike+1","floor":25},{"not_picked":["Bludgeon","Armaments+1","Corruption+1"],"picked":"Singing Bowl","floor":26},{"not_picked":["Seeing Red","Havoc","Spot Weakness"],"picked":"Singing Bowl","floor":28},{"not_picked":["Havoc+1","Sword Boomerang","Burning Pact"],"picked":"Singing Bowl","floor":30},{"not_picked":["Headbutt","Heavy Blade"],"picked":"Pommel Strike","floor":31},{"not_picked":["Barricade","Dark Embrace"],"picked":"Demon Form","floor":33},{"not_picked":["Infernal Blade","Armaments","Combust"],"picked":"Singing Bowl","floor":35},{"not_picked":["Sentinel+1","True Grit"],"picked":"Perfected Strike","floor":37},{"not_picked":["True Grit+1","Thunderclap+1"],"picked":"Twin Strike+1","floor":38},{"not_picked":["Dropkick","Uppercut","Second Wind+1"],"picked":"Singing Bowl","floor":42},{"not_picked":["Shockwave","Carnage","Whirlwind"],"picked":"Singing Bowl","floor":43},{"not_picked":["Metallicize+1","Combust"],"picked":"Wild Strike","floor":46},{"not_picked":["Exhume","Heavy Blade+1"],"picked":"Wild Strike+1","floor":47},{"not_picked":["Flex","Spot Weakness+1"],"picked":"Pommel Strike+1","floor":48}],"player_experience":759348,"potions_floor_usage":[5,6,11,24,28,28,48,50,50],"damage_taken":[{"damage":7,"enemies":"Jaw Worm","floor":1,"turns":3},{"damage":14,"enemies":"Small Slimes","floor":3,"turns":4},{"damage":2,"enemies":"2 Louse","floor":4,"turns":3},{"damage":1,"enemies":"Gremlin Gang","floor":5,"turns":6},{"damage":17,"enemies":"3 Sentries","floor":6,"turns":9},{"damage":12,"enemies":"Lots of Slimes","floor":8,"turns":7},{"damage":21,"enemies":"Lagavulin","floor":10,"turns":6},{"damage":4,"enemies":"Gremlin Nob","floor":11,"turns":5},{"damage":58,"enemies":"Slime Boss","floor":16,"turns":10},{"damage":7,"enemies":"Spheric Guardian","floor":18,"turns":5},{"damage":12,"enemies":"3 Byrds","floor":22,"turns":6},{"damage":79,"enemies":"Gremlin Leader","floor":24,"turns":9},{"damage":13,"enemies":"Snecko","floor":25,"turns":3},{"damage":14,"enemies":"Book of Stabbing","floor":28,"turns":2},{"damage":5,"enemies":"3 Cultists","floor":30,"turns":5},{"damage":0,"enemies":"Cultist and Chosen","floor":31,"turns":4},{"damage":40,"enemies":"Collector","floor":33,"turns":7},{"damage":0,"enemies":"Flame Bruiser 1 Orb","floor":35,"turns":3},{"damage":9,"enemies":"3 Shapes","floor":37,"turns":4},{"damage":5,"enemies":"3 Darklings","floor":38,"turns":5},{"damage":6,"enemies":"2 Orb Walkers","floor":42,"turns":2},{"damage":6,"enemies":"Sphere and 2 Shapes","floor":46,"turns":3},{"damage":15,"enemies":"Nemesis","floor":47,"turns":5},{"damage":37,"enemies":"Maw","floor":48,"turns":4},{"damage":55,"enemies":"Awakened One","floor":50,"turns":7}],"event_choices":[{"event_name":"Golden Wing","player_choice":"Gained Gold","floor":2,"damage_taken":0},{"event_name":"Dead Adventurer","player_choice":"Searched \u00271\u0027 times","floor":11,"damage_taken":0},{"event_name":"Liars Game","player_choice":"agreed","floor":12,"damage_taken":0},{"event_name":"Ghosts","player_choice":"Ignored","floor":19,"damage_taken":0},{"event_name":"Beggar","player_choice":"Gave Gold","floor":20,"damage_taken":0},{"event_name":"Addict","player_choice":"Obtained Relic","floor":21,"damage_taken":0},{"event_name":"Bonfire Elementals","player_choice":"BASIC","floor":36,"damage_taken":0},{"event_name":"Golden Shrine","player_choice":"Pray","floor":39,"damage_taken":0},{"event_name":"Duplicator","player_choice":"One dupe","floor":41,"damage_taken":0},{"event_name":"Tomb of Lord Red Mask","player_choice":"Paid","floor":44,"damage_taken":0}],"boss_relics":[{"not_picked":["Calling Bell","Velvet Choker"],"picked":"Ectoplasm"},{"not_picked":["Philosopher\u0027s Stone","Orrery"],"picked":"Cursed Key"}],"potions_floor_spawned":[3,4,5,8,11,16,24,33,37,38],"seed_played":"-9212100838935640043","ascension_level":8,"is_trial":false}