{"gold_per_floor":[113,38,38,103,121,121,147,147,147,177,177,196,196,263,263,363,363,376,49,99,112,162,162,182,194,194,194,214,68,68,81,81,176,176,194,205,255,354,404,404,420,420,471,538,549,568,70,90,90,90],"floor_reached":51,"playtime":2495,"items_purged":["Strike_G","Defend_G"],"score":1060,"play_id":"c12960c2-819f-4cee-8721-4eb5350aa409","local_time":"20190824164555","is_ascension_mode":true,"campfire_choices":[{"data":"Neutralize","floor":6,"key":"SMITH"},{"floor":8,"key":"REST"},{"data":"Bouncing Flask","floor":11,"key":"SMITH"},{"data":"Poisoned Stab","floor":13,"key":"SMITH"},{"data":"Survivor","floor":15,"key":"SMITH"},{"data":"Wraith Form v2","floor":23,"key":"SMITH"},{"data":"Caltrops","floor":27,"key":"SMITH"},{"data":"Mayhem","floor":30,"key":"SMITH"},{"data":"Catalyst","floor":32,"key":"SMITH"},{"data":"Ghostly","floor":40,"key":"SMITH"},{"data":"Ghostly","floor":42,"key":"SMITH"},{"data":"Wraith Form v2","floor":49,"key":"SMITH"}],"neow_cost":"NONE","seed_source_timestamp":851536661069700,"circlet_count":0,"master_deck":["Strike_G","Defend_G","Defend_G","Defend_G","Defend_G","Survivor+1","Neutralize+1","Poisoned Stab+1","Bouncing Flask+1","Corpse Explosion","Wraith Form v2+1","Bouncing Flask+1","Flying Knee+1","Slice+1","Dodge and Roll+1","Caltrops+1","Ghostly+1","Ghostly+1","Ghostly","Ghostly","Ghostly","Catalyst+1","Calculated Gamble","PiercingWail","Mayhem+1","Bane+1","Adrenaline","Predator+1","Dash+1","PiercingWail+1","Wraith Form v2+1","Footwork","Wraith Form v2","Deadly Poison+1"],"special_seed":0,"relics":["Ring of the Snake","NeowsBlessing","SsserpentHead","The Courier","Mercury Hourglass","Thread and Needle","Astrolabe","Snake Skull","Prayer Wheel","Velvet Choker","Unceasing Top","Ancient Tea Set","Strange Spoon","Tough Bandages"],"potions_floor_usage":[16,25,28,33,50,50],"damage_taken":[{"damage":0,"enemies":"2 Louse","floor":1,"turns":1},{"damage":0,"enemies":"Cultist","floor":4,"turns":1},{"damage":0,"enemies":"Small Slimes","floor":5,"turns":1},{"damage":23,"enemies":"Lagavulin","floor":7,"turns":6},{"damage":24,"enemies":"3 Sentries","floor":10,"turns":7},{"damage":0,"enemies":"Blue Slaver","floor":12,"turns":3},{"damage":0,"enemies":"Large Slime","floor":14,"turns":4},{"damage":30,"enemies":"Slime Boss","floor":16,"turns":9},{"damage":14,"enemies":"Shell Parasite","floor":18,"turns":4},{"damage":2,"enemies":"3 Byrds","floor":21,"turns":2},{"damage":0,"enemies":"Snake Plant","floor":24,"turns":3},{"damage":4,"enemies":"Cultist and Chosen","floor":25,"turns":6},{"damage":0,"enemies":"Centurion and Healer","floor":28,"turns":6},{"damage":0,"enemies":"Chosen and Byrds","floor":31,"turns":4},{"damage":0,"enemies":"Collector","floor":33,"turns":8},{"damage":0,"enemies":"3 Darklings","floor":35,"turns":3},{"damage":1,"enemies":"3 Shapes","floor":36,"turns":3},{"damage":1,"enemies":"2 Orb Walkers","floor":38,"turns":4},{"damage":0,"enemies":"Jaw Worm Horde","floor":41,"turns":3},{"damage":0,"enemies":"4 Shapes","floor":44,"turns":3},{"damage":0,"enemies":"Maw","floor":45,"turns":4},{"damage":0,"enemies":"Transient","floor":46,"turns":5},{"damage":0,"enemies":"Sphere and 2 Shapes","floor":48,"turns":4},{"damage":4,"enemies":"Time Eater","floor":50,"turns":12}],"seed_played":"5319615993061030291","potions_obtained":[{"floor":5,"key":"PowerPotion"},{"floor":7,"key":"Energy Potion"},{"floor":10,"key":"Fire Potion"},{"floor":18,"key":"Block Potion"},{"floor":25,"key":"EssenceOfSteel"},{"floor":41,"key":"GhostInAJar"},{"floor":46,"key":"EssenceOfSteel"}],"is_trial":false,"path_per_floor":["M","$","?","M","M","R","E","R","T","E","R","M","R","M","R","B",null,"M","$","?","M","?","R","M","M","T","R","M","$","R","M","R","B",null,"M","M","?","?","?","R","M","R","T","M","M","M","$","M","R","B",null],"character_chosen":"THE_SILENT","items_purchased":["Snake Skull","Caltrops","Regen Potion","Mayhem","Strange Spoon","Tough Bandages","Wraith Form v2"],"campfire_rested":1,"item_purchase_floors":[19,19,19,29,47,47,47],"current_hp_per_floor":[63,63,63,63,63,63,40,61,61,37,37,37,37,37,37,7,54,40,40,27,25,25,25,25,21,21,21,36,36,36,36,36,36,37,37,36,36,35,32,32,32,32,32,32,32,32,32,32,32,28],"gold":90,"neow_bonus":"THREE_ENEMY_KILL","is_prod":false,"is_daily":false,"chose_seed":false,"campfire_upgraded":11,"win_rate":0,"timestamp":1566690355,"path_taken":["M","$","?","?","M","R","E","R","T","E","R","M","R","?","R","BOSS","M","$","?","M","?","R","M","M","T","R","M","$","R","M","R","BOSS","M","M","?","?","?","R","M","R","T","?","M","M","?","M","R","BOSS"],"build_version":"2019-07-17","purchased_purges":2,"victory":true,"max_hp_per_floor":[70,70,70,70,70,70,70,70,70,70,70,70,70,70,70,70,70,70,70,75,75,37,37,37,37,37,37,37,37,37,37,37,37,37,37,37,37,37,37,37,37,37,37,37,37,37,37,37,37,37],"card_choices":[{"not_picked":["Cloak And Dagger","Slice"],"picked":"Poisoned Stab","floor":1},{"not_picked":["All Out Attack","Blade Dance","Eviscerate"],"picked":"SKIP","floor":4},{"not_picked":["PiercingWail","Predator"],"picked":"Bouncing Flask","floor":5},{"not_picked":["Sucker Punch","Flying Knee","Outmaneuver"],"picked":"SKIP","floor":7},{"not_picked":["Choke","Concentrate"],"picked":"Corpse Explosion","floor":10},{"not_picked":["Blade Dance","Reflex","Prepared"],"picked":"SKIP","floor":12},{"not_picked":["Deflect","Sucker Punch","Blade Dance"],"picked":"SKIP","floor":14},{"not_picked":["Night Terror","Tools of the Trade"],"picked":"Wraith Form v2","floor":16},{"not_picked":["Outmaneuver","Sucker Punch+1"],"picked":"Dodge and Roll+1","floor":18},{"not_picked":["Dodge and Roll","Acrobatics"],"picked":"Die Die Die","floor":21},{"not_picked":["Quick Slash","Escape Plan"],"picked":"Catalyst","floor":24},{"not_picked":["Outmaneuver+1","Deadly Poison"],"picked":"Calculated Gamble","floor":25},{"not_picked":["Dagger Spray","Envenom"],"picked":"PiercingWail","floor":28},{"not_picked":["Flying Knee+1","Blade Dance","Deflect"],"picked":"SKIP","floor":28},{"not_picked":["Endless Agony","Dagger Spray"],"picked":"Bane+1","floor":31},{"not_picked":["Backflip","Blade Dance","Infinite Blades+1"],"picked":"SKIP","floor":31},{"not_picked":["Grand Finale","Phantasmal Killer"],"picked":"Adrenaline","floor":33},{"not_picked":["Cloak And Dagger","Phantasmal Killer"],"picked":"Predator+1","floor":35},{"not_picked":["Dagger Throw+1","Deadly Poison","Dagger Spray"],"picked":"SKIP","floor":35},{"not_picked":["Dagger Throw+1","Bane"],"picked":"Dash+1","floor":36},{"not_picked":["Outmaneuver+1","Dash+1","Expertise+1"],"picked":"SKIP","floor":36},{"not_picked":["Acrobatics","Leg Sweep"],"picked":"PiercingWail+1","floor":38},{"not_picked":["Calculated Gamble","Flying Knee+1","Choke+1"],"picked":"SKIP","floor":41},{"not_picked":["Slice+1","PiercingWail","Backflip"],"picked":"SKIP","floor":41},{"not_picked":["Masterful Stab","Deflect+1","Choke+1"],"picked":"SKIP","floor":44},{"not_picked":["Endless Agony","Bane+1","Blur"],"picked":"SKIP","floor":44},{"not_picked":["Underhanded Strike+1","PiercingWail"],"picked":"Wraith Form v2","floor":45},{"not_picked":["Backstab+1","Crippling Poison+1","All Out Attack+1"],"picked":"SKIP","floor":45},{"not_picked":["Backflip+1","Predator"],"picked":"Footwork","floor":46},{"not_picked":["Dagger Spray","Choke+1","Finisher"],"picked":"SKIP","floor":46},{"not_picked":["Backflip","Dagger Spray+1"],"picked":"Deadly Poison+1","floor":48},{"not_picked":["Backflip","Quick Slash","Poisoned Stab+1"],"picked":"SKIP","floor":48}],"player_experience":1319297,"relics_obtained":[{"floor":7,"key":"The Courier"},{"floor":9,"key":"Mercury Hourglass"},{"floor":10,"key":"Thread and Needle"},{"floor":26,"key":"Prayer Wheel"},{"floor":38,"key":"Unceasing Top"},{"floor":43,"key":"Ancient Tea Set"}],"event_choices":[{"damage_healed":0,"gold_gain":0,"player_choice":"Trade","damage_taken":0,"relics_obtained":["SsserpentHead"],"max_hp_gain":0,"max_hp_loss":0,"event_name":"FaceTrader","floor":3,"gold_loss":0},{"damage_healed":0,"gold_gain":0,"player_choice":"Shed Blood","damage_taken":18,"max_hp_gain":5,"max_hp_loss":0,"event_name":"Forgotten Altar","floor":20,"gold_loss":0},{"damage_healed":0,"gold_gain":0,"player_choice":"Became a Ghost","damage_taken":0,"max_hp_gain":0,"max_hp_loss":38,"event_name":"Ghosts","floor":22,"gold_loss":0,"cards_obtained":["Ghostly","Ghostly","Ghostly","Ghostly","Ghostly"]},{"cards_removed":["Die Die Die"],"damage_healed":0,"gold_gain":0,"player_choice":"Removed Attack","damage_taken":0,"max_hp_gain":0,"max_hp_loss":0,"event_name":"Falling","floor":37,"gold_loss":0},{"damage_healed":0,"gold_gain":0,"player_choice":"Fight","damage_taken":0,"max_hp_gain":0,"max_hp_loss":0,"event_name":"Mysterious Sphere","floor":38,"gold_loss":0},{"damage_healed":0,"gold_gain":0,"player_choice":"Damaged","damage_taken":3,"max_hp_gain":0,"max_hp_loss":0,"event_name":"Wheel of Change","floor":39,"gold_loss":0}],"is_beta":false,"boss_relics":[{"not_picked":["Lizard Tail","Ectoplasm"],"picked":"Astrolabe"},{"not_picked":["Ring of the Serpent","WristBlade"],"picked":"Velvet Choker"}],"items_purged_floors":[2,19],"is_endless":false,"potions_floor_spawned":[5,7,10,18,24,25,41,46,48],"ascension_level":8}