{"gold_per_floor":[115,128,145,19,19,50,200,18,18,18,37,2,2,15,15,88,88,108,108,8,58,71,71,90,90,90,90,103,103,135,152,152,231,231,247,259,49,49,0,0,0,0,0,0,13,13,25,39,39,39],"floor_reached":51,"playtime":1945,"items_purged":["Strike_G","Strike_G"],"score":1170,"play_id":"23278f9b-57d5-4fb0-8068-499e2d27c035","local_time":"20181009124116","is_ascension_mode":true,"campfire_choices":[{"data":"Footwork","floor":10.0,"key":"SMITH"},{"data":"Deadly Poison","floor":13.0,"key":"SMITH"},{"data":"Catalyst","floor":15.0,"key":"SMITH"},{"data":"Caltrops","floor":23.0,"key":"SMITH"},{"floor":25.0,"key":"REST"},{"data":"Neutralize","floor":27.0,"key":"SMITH"},{"data":"Deadly Poison","floor":29.0,"key":"SMITH"},{"floor":32.0,"key":"REST"},{"data":"Catalyst","floor":40.0,"key":"SMITH"},{"data":"Leg Sweep","floor":44.0,"key":"SMITH"},{"data":"Noxious Fumes","floor":46.0,"key":"SMITH"},{"floor":49,"key":"REST"}],"neow_cost":"","seed_source_timestamp":55163561801539,"circlet_count":0,"master_deck":["Defend_G","Defend_G","Defend_G","Defend_G","Defend_G","Strike_G","Strike_G","Strike_G","Survivor","Neutralize+1","AscendersBane","Caltrops+1","Cloak And Dagger","Deadly Poison+1","Footwork+1","Doubt","Poisoned Stab","Heel Hook","Catalyst+1","After Image","Noxious Fumes+1","Deadly Poison+1","Caltrops+1","Parasite","PiercingWail+1","Escape Plan","Catalyst+1","Glass Knife","Leg Sweep+1","Catalyst+1","Clumsy","Coolheaded+1","Battle Trance","Stack+1"],"special_seed":0,"relics":["Ring of the Snake","Lantern","Juzu Bracelet","Pantograph","Cursed Key","Bottled Lightning","Happy Flower","Eternal Feather","PrismaticShard","Red Mask","Pear"],"potions_floor_usage":[50,50],"damage_taken":[{"damage":5.0,"enemies":"2 Louse","floor":1.0,"turns":4.0},{"damage":5.0,"enemies":"Jaw Worm","floor":2.0,"turns":6.0},{"damage":0.0,"enemies":"Small Slimes","floor":3.0,"turns":5.0},{"damage":42.0,"enemies":"Gremlin Nob","floor":6.0,"turns":5.0},{"damage":0.0,"enemies":"Exordium Wildlife","floor":11.0,"turns":4.0},{"damage":0.0,"enemies":"Blue Slaver","floor":14.0,"turns":3.0},{"damage":30.0,"enemies":"Hexaghost","floor":16.0,"turns":8.0},{"damage":0.0,"enemies":"3 Byrds","floor":18.0,"turns":4.0},{"damage":0.0,"enemies":"Shell Parasite","floor":22.0,"turns":4.0},{"damage":28.0,"enemies":"Snecko","floor":24.0,"turns":7.0},{"damage":4.0,"enemies":"Snake Plant","floor":28.0,"turns":3.0},{"damage":38.0,"enemies":"Slavers","floor":30.0,"turns":5.0},{"damage":5.0,"enemies":"Centurion and Healer","floor":31.0,"turns":7.0},{"damage":16.0,"enemies":"Champ","floor":33.0,"turns":9.0},{"damage":10.0,"enemies":"3 Shapes","floor":35.0,"turns":7.0},{"damage":0.0,"enemies":"Orb Walker","floor":36.0,"turns":3.0},{"damage":49.0,"enemies":"3 Darklings","floor":45.0,"turns":4.0},{"damage":20.0,"enemies":"Spire Growth","floor":47.0,"turns":4.0},{"damage":14,"enemies":"Sphere and 2 Shapes","floor":48,"turns":5},{"damage":69,"enemies":"Awakened One","floor":50,"turns":17}],"seed_played":"-3482411273919686170","potions_obtained":[{"floor":1.0,"key":"SkillPotion"},{"floor":6.0,"key":"SneckoOil"},{"floor":16.0,"key":"Strength Potion"},{"floor":22.0,"key":"LiquidBronze"},{"floor":30.0,"key":"Dexterity Potion"},{"floor":31.0,"key":"Swift Potion"},{"floor":35.0,"key":"Strength Potion"},{"floor":47.0,"key":"GamblersBrew"}],"is_trial":false,"path_per_floor":["M","M","M","$","?","E","?","$","T","R","M","$","R","M","R","B",null,"M","?","$","?","M","R","M","R","T","R","M","R","E","M","R","B",null,"M","M","$","?","?","R","?","$","T","R","M","R","M","M","R","B"],"character_chosen":"THE_SILENT","items_purchased":["Strength Potion","Poisoned Stab","Juzu Bracelet","Catalyst","PrismaticShard"],"campfire_rested":3,"item_purchase_floors":[4,8,8,12,37],"current_hp_per_floor":[54,49,49,49,54,12,12,12,12,12,12,12,12,12,12,7,55,55,55,55,55,55,55,27,48,48,48,44,44,6,1,22,31,61,51,51,51,51,51,69,69,69,79,81,32,50,30,16,58,12],"gold":39,"neow_bonus":"","is_prod":false,"is_daily":false,"chose_seed":false,"campfire_upgraded":9,"win_rate":0,"timestamp":1539114076,"path_taken":["M","M","M","$","?","E","?","$","T","R","M","?","R","M","R","BOSS","M","?","$","?","M","R","M","R","T","R","M","R","E","M","R","BOSS","M","M","$","?","?","R","?","?","T","R","M","R","M","M","R","BOSS"],"build_version":"2018-10-08","purchased_purges":2,"victory":true,"max_hp_per_floor":[66,66,66,66,71,71,71,71,71,71,71,71,71,71,71,71,71,71,71,71,71,71,71,71,71,71,71,71,71,71,71,71,71,71,71,71,71,71,71,71,71,71,81,81,81,81,81,81,81,81],"card_choices":[{"not_picked":["Concentrate","Slice"],"picked":"Caltrops","floor":1.0},{"not_picked":["Acrobatics","Slice"],"picked":"Cloak And Dagger","floor":2.0},{"not_picked":["Outmaneuver","Dagger Throw"],"picked":"Deadly Poison","floor":3.0},{"not_picked":["Deadly Poison","Poisoned Stab"],"picked":"Footwork","floor":6.0},{"not_picked":["Prepared","Flechettes"],"picked":"Heel Hook","floor":11.0},{"not_picked":["Endless Agony","Prepared","Underhanded Strike"],"picked":"SKIP","floor":14.0},{"not_picked":["Burst","Venomology"],"picked":"After Image","floor":16.0},{"not_picked":["Deflect","Sucker Punch"],"picked":"Noxious Fumes","floor":18.0},{"not_picked":["Underhanded Strike+1","Flechettes"],"picked":"Caltrops+1","floor":22.0},{"not_picked":["Cloak And Dagger","Slice","Choke+1"],"picked":"SKIP","floor":24.0},{"not_picked":["Cloak And Dagger","Outmaneuver"],"picked":"PiercingWail+1","floor":28.0},{"not_picked":["Accuracy","Die Die Die"],"picked":"Escape Plan","floor":30.0},{"not_picked":["Cloak And Dagger+1","Slice"],"picked":"Catalyst","floor":31.0},{"not_picked":["After Image","Venomology"],"picked":"Glass Knife","floor":33.0},{"not_picked":["Dagger Throw","Prepared","Outmaneuver"],"picked":"SKIP","floor":35.0},{"not_picked":["Distraction","Infinite Blades"],"picked":"Leg Sweep","floor":36.0},{"not_picked":["Streamline+1","Deadly Poison"],"picked":"Coolheaded+1","floor":45.0},{"not_picked":["Heavy Blade","Recycle"],"picked":"Battle Trance","floor":47.0},{"not_picked":["Impatience","Flex"],"picked":"Stack+1","floor":48}],"player_experience":518719,"relics_obtained":[{"floor":6.0,"key":"Lantern"},{"floor":9.0,"key":"Pantograph"},{"floor":26.0,"key":"Bottled Lightning"},{"floor":30.0,"key":"Happy Flower"},{"floor":43.0,"key":"Pear"}],"event_choices":[{"event_name":"Big Fish","player_choice":"Donut","floor":5.0,"damage_taken":0.0},{"event_name":"Liars Game","player_choice":"agreed","floor":7.0,"damage_taken":0.0},{"event_name":"The Library","player_choice":"Read","floor":19.0,"damage_taken":0.0},{"event_name":"Nest","player_choice":"Stole From Cult","floor":21.0,"damage_taken":0.0},{"event_name":"Duplicator","player_choice":"One dupe","floor":38.0,"damage_taken":0.0},{"event_name":"Tomb of Lord Red Mask","player_choice":"Paid","floor":39.0,"damage_taken":0.0},{"event_name":"Match and Keep!","player_choice":"0 cards matched","floor":41.0,"damage_taken":0.0}],"is_beta":true,"boss_relics":[{"not_picked":["Black Star","Snecko Eye"],"picked":"Cursed Key"},{"not_picked":["Philosopher\u0027s Stone","Runic Dome"],"picked":"Eternal Feather"}],"items_purged_floors":[4,20],"is_endless":false,"potions_floor_spawned":[1,6,16,22,30,31,35,47],"ascension_level":15}