{"gold_per_floor":[118,134,147,165,165,145,170,182,194,239,251,296,321,344,356,440,452,476,498,510,522],"floor_reached":21,"playtime":1044,"items_purged":[],"score":372,"play_id":"7a002fd3-e67d-4f2a-9c89-1d13e0d5bf8c","local_time":"20190214205132","is_ascension_mode":true,"campfire_choices":[{"floor":8.0,"key":"REST"},{"floor":11.0,"key":"REST"},{"data":"Beam Cell","floor":15.0,"key":"SMITH"}],"neow_cost":"NONE","seed_source_timestamp":245319713682300,"circlet_count":0,"master_deck":["AscendersBane","Zap","Dualcast","Gash","Cold Snap","Ball Lightning","Leap","Glacier","Loop","Streamline","Genetic Algorithm","Beam Cell+1","Echo Form","Chill","Steam","Recycle","All For One","Amplify","Fission","Hologram","Stack"],"special_seed":0,"relics":["Cracked Core","Bag of Marbles","MawBank","Smiling Mask","Pantograph","Sundial","Pandora\u0027s Box"],"potions_floor_usage":[16],"damage_taken":[{"damage":3.0,"enemies":"2 Louse","floor":1.0,"turns":2.0},{"damage":6.0,"enemies":"Cultist","floor":2.0,"turns":3.0},{"damage":5.0,"enemies":"Jaw Worm","floor":3.0,"turns":3.0},{"damage":12.0,"enemies":"3 Louse","floor":4.0,"turns":4.0},{"damage":17.0,"enemies":"Lagavulin","floor":7.0,"turns":6.0},{"damage":10.0,"enemies":"3 Sentries","floor":10.0,"turns":11.0},{"damage":24.0,"enemies":"Gremlin Nob","floor":12.0,"turns":4.0},{"damage":4.0,"enemies":"Looter","floor":13.0,"turns":2.0},{"damage":5.0,"enemies":"Lots of Slimes","floor":14.0,"turns":5.0},{"damage":13,"enemies":"Hexaghost","floor":16,"turns":11},{"damage":26,"enemies":"Spheric Guardian","floor":18,"turns":6},{"damage":0,"enemies":"Chosen","floor":19,"turns":3},{"damage":42,"enemies":"3 Cultists","floor":21,"turns":4}],"seed_played":"-1602339271700327902","potions_obtained":[{"floor":2.0,"key":"GamblersBrew"},{"floor":3.0,"key":"Ancient Potion"},{"floor":6.0,"key":"Ancient Potion"},{"floor":12.0,"key":"SpeedPotion"}],"is_trial":false,"path_per_floor":["M","M","M","M","?","?","E","R","T","E","R","E","M","M","R","B",null,"M","M","?","M"],"character_chosen":"DEFECT","items_purchased":[],"campfire_rested":2,"item_purchase_floors":[],"current_hp_per_floor":[61,55,50,38,31,31,14,35,35,25,46,22,18,13,13,25,60,34,34,34,0],"gold":522,"neow_bonus":"RANDOM_COMMON_RELIC","is_prod":false,"is_daily":false,"chose_seed":false,"campfire_upgraded":1,"win_rate":0,"timestamp":1550206292,"path_taken":["M","M","M","M","?","?","E","R","T","E","R","E","?","M","R","BOSS","M","M","?","M"],"build_version":"2019-01-23","purchased_purges":0,"victory":false,"max_hp_per_floor":[71,71,71,71,71,71,71,71,71,71,71,71,71,71,71,71,71,71,71,71,71],"card_choices":[{"not_picked":["Steam","Conserve Battery"],"picked":"Gash","floor":1.0},{"not_picked":["Go for the Eyes","White Noise"],"picked":"Cold Snap","floor":2.0},{"not_picked":["Recycle","Sweeping Beam"],"picked":"Ball Lightning","floor":3.0},{"not_picked":["White Noise","Stack"],"picked":"Leap","floor":4.0},{"not_picked":["Aggregate","Coolheaded"],"picked":"Glacier","floor":7.0},{"not_picked":["Consume","Leap"],"picked":"Loop","floor":10.0},{"not_picked":["Rainbow","Go for the Eyes"],"picked":"Streamline","floor":12.0},{"not_picked":["Hologram","Stack"],"picked":"Genetic Algorithm","floor":13.0},{"not_picked":["Barrage","Skim"],"picked":"Beam Cell","floor":14.0},{"not_picked":["Buffer","Fission"],"picked":"Echo Form","floor":16},{"not_picked":["Barrage","Rebound"],"picked":"Hologram","floor":18},{"not_picked":["Redo","Rebound"],"picked":"Stack","floor":19}],"player_experience":968228,"relics_obtained":[{"floor":7.0,"key":"MawBank"},{"floor":9.0,"key":"Smiling Mask"},{"floor":10.0,"key":"Pantograph"},{"floor":12.0,"key":"Sundial"}],"event_choices":[{"cards_removed":["Strike_B"],"damage_healed":0.0,"max_hp_gain":0.0,"max_hp_loss":0.0,"gold_gain":0.0,"event_name":"Golden Wing","player_choice":"Card Removal","floor":5.0,"gold_loss":0.0,"damage_taken":7.0},{"damage_healed":0.0,"max_hp_gain":0.0,"max_hp_loss":0.0,"gold_gain":0.0,"event_name":"The Woman in Blue","player_choice":"Bought 1 Potion","floor":6.0,"gold_loss":0.0,"damage_taken":0.0},{"cards_removed":["Fusion"],"damage_healed":0,"gold_gain":0,"player_choice":"Elegance","damage_taken":0,"max_hp_gain":0,"max_hp_loss":0,"event_name":"Back to Basics","floor":20,"gold_loss":0}],"is_beta":false,"boss_relics":[{"not_picked":["Black Star","Eternal Feather"],"picked":"Pandora\u0027s Box"}],"items_purged_floors":[],"is_endless":false,"potions_floor_spawned":[2,3,10,12,14],"killed_by":"3 Cultists","ascension_level":17}