{"gold_per_floor":[118,88,102,118,129,129,156,168,168,168,168,179,209,228,228,303,303,316,366,366,385,331,331,357,357,357,357,357,272,272,6,6,6],"floor_reached":33,"playtime":1624,"items_purged":["Defend_B"],"score":519,"play_id":"0a2a18f9-422a-4345-99c2-8ccb18343d1f","local_time":"20181019084857","is_ascension_mode":true,"campfire_choices":[{"data":"Streamline","floor":6.0,"key":"SMITH"},{"floor":11.0,"key":"REST"},{"floor":15.0,"key":"REST"},{"data":"Recycle","floor":23.0,"key":"SMITH"},{"floor":25,"key":"REST"},{"data":"Sunder","floor":30,"key":"SMITH"},{"data":"Steam Power","floor":32,"key":"SMITH"}],"neow_cost":"PERCENT_DAMAGE","seed_source_timestamp":0,"circlet_count":0,"master_deck":["Strike_B","Strike_B","Defend_B","Defend_B","Defend_B","Zap","Dualcast","AscendersBane","Glacier","Genetic Algorithm","Streamline+1","Steam Power+1","Rebound","Chill","Reboot","Sunder+1","Glacier","Self Repair","Recycle+1","Fission","Turbo","Gash","Gash","Steam Power+1","Purity+1"],"special_seed":0,"relics":["Cracked Core","Potion Belt","Bag of Preparation","Regal Pillow","Shuriken","Inserter","Toxic Egg 2","Vajra","Bird Faced Urn","Pantograph"],"potions_floor_usage":[24,24],"damage_taken":[{"damage":7.0,"enemies":"Small Slimes","floor":1.0,"turns":4.0},{"damage":2.0,"enemies":"Cultist","floor":3.0,"turns":4.0},{"damage":0.0,"enemies":"2 Louse","floor":4.0,"turns":2.0},{"damage":0.0,"enemies":"Large Slime","floor":5.0,"turns":4.0},{"damage":25.0,"enemies":"3 Sentries","floor":7.0,"turns":11.0},{"damage":2.0,"enemies":"Blue Slaver","floor":8.0,"turns":3.0},{"damage":0.0,"enemies":"3 Louse","floor":12.0,"turns":2.0},{"damage":34.0,"enemies":"Gremlin Nob","floor":13.0,"turns":4.0},{"damage":6.0,"enemies":"Exordium Wildlife","floor":14.0,"turns":8.0},{"damage":24.0,"enemies":"Hexaghost","floor":16.0,"turns":9.0},{"damage":8.0,"enemies":"Chosen","floor":18.0,"turns":5.0},{"damage":3.0,"enemies":"Colosseum Slavers","floor":20.0,"turns":4.0},{"damage":13.0,"enemies":"3 Byrds","floor":21.0,"turns":9.0},{"damage":47,"enemies":"Gremlin Leader","floor":24,"turns":7},{"damage":72,"enemies":"Collector","floor":33,"turns":7}],"seed_played":"4903598578050477109","potions_obtained":[{"floor":2.0,"key":"LiquidBronze"},{"floor":2.0,"key":"SkillPotion"},{"floor":4.0,"key":"Fire Potion"},{"floor":12.0,"key":"Dexterity Potion"},{"floor":14.0,"key":"Energy Potion"},{"floor":21.0,"key":"Dexterity Potion"}],"is_trial":false,"path_per_floor":["M","?","M","M","M","R","E","M","T","?","R","M","E","M","R","B",null,"M","?","?","M","?","R","E","R","T","?","?","?","R","$","R"],"character_chosen":"DEFECT","items_purchased":["Steam Power+1","Purity+1"],"campfire_rested":3,"item_purchase_floors":[31,31],"current_hp_per_floor":[39,39,37,37,37,37,12,10,10,10,46,46,12,13,49,32,61,60,60,64,58,58,58,18,54,54,54,54,54,54,54,54,0],"gold":6,"neow_bonus":"TRANSFORM_TWO_CARDS","is_prod":false,"is_daily":false,"chose_seed":false,"campfire_upgraded":4,"win_rate":0,"timestamp":1539964137,"path_taken":["M","?","M","M","M","R","E","M","T","?","R","M","E","M","R","BOSS","M","?","?","?","?","R","E","R","T","?","?","?","R","$","R","BOSS"],"build_version":"2018-10-18","purchased_purges":1,"victory":false,"max_hp_per_floor":[71,71,71,71,71,71,71,71,71,71,71,71,71,71,71,71,71,71,71,71,71,71,71,71,71,71,71,71,71,71,71,71,71],"card_choices":[{"not_picked":["Go for the Eyes","Steam"],"picked":"Streamline","floor":1.0},{"not_picked":["Sweeping Beam","Steam"],"picked":"Steam Power","floor":3.0},{"not_picked":["Leap","BootSequence"],"picked":"Rebound","floor":4.0},{"not_picked":["Redo","BootSequence"],"picked":"Chill","floor":5.0},{"not_picked":["Rip and Tear","Double Energy"],"picked":"Reboot","floor":7.0},{"not_picked":["Aggregate","Stack"],"picked":"Sunder","floor":8.0},{"not_picked":["Undo","Rebound"],"picked":"Glacier","floor":12.0},{"not_picked":["Turbo","Redo"],"picked":"Self Repair","floor":13.0},{"not_picked":["Heatsinks","Streamline"],"picked":"Recycle","floor":14.0},{"not_picked":["Creative AI","Meteor Strike"],"picked":"Fission","floor":16.0},{"not_picked":["Ball Lightning","Blizzard","Rebound"],"picked":"SKIP","floor":18.0},{"not_picked":["Redo","Beam Cell"],"picked":"Turbo","floor":21.0},{"not_picked":["Amplify+1","Cold Snap"],"picked":"Gash","floor":24}],"player_experience":551247,"relics_obtained":[{"floor":7.0,"key":"Potion Belt"},{"floor":9.0,"key":"Bag of Preparation"},{"floor":13.0,"key":"Shuriken"},{"floor":24,"key":"Vajra"},{"floor":26,"key":"Bird Faced Urn"}],"event_choices":[{"damage_healed":0.0,"max_hp_gain":0.0,"max_hp_loss":0.0,"gold_gain":0.0,"event_name":"The Woman in Blue","player_choice":"Bought 2 Potions","floor":2.0,"gold_loss":0.0,"damage_taken":0.0},{"damage_healed":0.0,"max_hp_gain":0.0,"max_hp_loss":0.0,"gold_gain":0.0,"event_name":"Dead Adventurer","player_choice":"Searched \u00271\u0027 times","floor":10.0,"gold_loss":0.0,"damage_taken":0.0,"relics_obtained":["Regal Pillow"]},{"damage_healed":0.0,"max_hp_gain":0.0,"max_hp_loss":0.0,"gold_gain":100.0,"event_name":"Golden Shrine","player_choice":"Pray","floor":19.0,"gold_loss":0.0,"damage_taken":0.0},{"damage_healed":0.0,"max_hp_gain":0.0,"max_hp_loss":0.0,"gold_gain":0.0,"event_name":"Colosseum","player_choice":"Fight","floor":20.0,"gold_loss":0.0,"damage_taken":0.0},{"damage_healed":0.0,"max_hp_gain":0.0,"max_hp_loss":0.0,"gold_gain":0.0,"event_name":"Colosseum","player_choice":"Fled From Nobs","floor":20.0,"gold_loss":0.0,"damage_taken":0.0},{"damage_healed":0.0,"max_hp_gain":0.0,"max_hp_loss":0.0,"gold_gain":0.0,"event_name":"WeMeetAgain","player_choice":"Paid Gold","floor":22.0,"gold_loss":54.0,"damage_taken":0.0,"relics_obtained":["Toxic Egg 2"]},{"damage_healed":0,"gold_gain":0,"player_choice":"Ignored","damage_taken":0,"max_hp_gain":0,"max_hp_loss":0,"event_name":"Cursed Tome","floor":27,"gold_loss":0},{"damage_healed":0,"gold_gain":0,"player_choice":"Read","damage_taken":0,"max_hp_gain":0,"max_hp_loss":0,"event_name":"The Library","floor":28,"gold_loss":0,"cards_obtained":["Gash"]},{"damage_healed":0,"gold_gain":0,"player_choice":"Obtained Relic","damage_taken":0,"relics_obtained":["Pantograph"],"max_hp_gain":0,"max_hp_loss":0,"event_name":"Addict","floor":29,"gold_loss":85}],"is_beta":true,"boss_relics":[{"not_picked":["Pandora\u0027s Box","Fusion Hammer"],"picked":"Inserter"}],"items_purged_floors":[31],"is_endless":false,"potions_floor_spawned":[3,4,12,14,21],"killed_by":"Collector","ascension_level":18}