{"gold_per_floor":[124,150,162,185,207,252,264,296,334,372,395,407,419,444,456,468],"floor_reached":16,"playtime":631,"items_purged":[],"score":217,"play_id":"c1f35f64-00b7-4e39-87d8-cdb758b6f2ef","local_time":"20181031180259","is_ascension_mode":true,"campfire_choices":[{"floor":7.0,"key":"REST"},{"data":"Go for the Eyes","floor":13,"key":"SMITH"},{"floor":15,"key":"REST"}],"neow_cost":"NONE","seed_source_timestamp":91497122675321,"circlet_count":0,"master_deck":["Strike_B","Strike_B","Strike_B","Strike_B","Defend_B","Defend_B","Defend_B","Defend_B","Zap+1","Dualcast+1","AscendersBane","Steam","Compile Driver","Steam Power+1","Compile Driver","Conserve Battery","Go for the Eyes+1","Gash","Steam","Hologram"],"special_seed":0,"relics":["Cracked Core","MawBank","Letter Opener","Ancient Tea Set","War Paint"],"potions_floor_usage":[16],"damage_taken":[{"damage":18.0,"enemies":"Small Slimes","floor":1.0,"turns":4.0},{"damage":0.0,"enemies":"Cultist","floor":2.0,"turns":4.0},{"damage":0.0,"enemies":"2 Louse","floor":4.0,"turns":2.0},{"damage":8.0,"enemies":"Blue Slaver","floor":5.0,"turns":4.0},{"damage":39.0,"enemies":"Gremlin Nob","floor":6.0,"turns":5.0},{"damage":1.0,"enemies":"Looter","floor":8.0,"turns":3.0},{"damage":18.0,"enemies":"3 Sentries","floor":10.0,"turns":7.0},{"damage":0.0,"enemies":"Lots of Slimes","floor":11.0,"turns":2.0},{"damage":0,"enemies":"Gremlin Gang","floor":14,"turns":3},{"damage":45,"enemies":"Hexaghost","floor":16,"turns":11}],"seed_played":"4802422449267086233","potions_obtained":[{"floor":2.0,"key":"EssenceOfSteel"},{"floor":4.0,"key":"Weak Potion"},{"floor":10.0,"key":"SpeedPotion"},{"floor":11.0,"key":"FocusPotion"}],"is_trial":false,"path_per_floor":["M","M","?","M","M","E","R","M","T","E","M","?","R","M","R","B"],"character_chosen":"DEFECT","items_purchased":[],"campfire_rested":2,"item_purchase_floors":[],"current_hp_per_floor":[46,46,69,69,61,22,43,42,42,24,24,24,24,24,45,0],"gold":468,"neow_bonus":"RANDOM_COMMON_RELIC","is_prod":false,"is_daily":false,"chose_seed":false,"campfire_upgraded":1,"win_rate":0,"timestamp":1541034179,"path_taken":["M","M","?","M","M","E","R","M","T","E","M","?","R","M","R","BOSS"],"build_version":"2018-10-30","purchased_purges":0,"victory":false,"max_hp_per_floor":[71,71,71,71,71,71,71,71,71,71,71,71,71,71,71,71],"card_choices":[{"not_picked":["Turbo","Beam Cell"],"picked":"Steam","floor":1.0},{"not_picked":["Coolheaded","Go for the Eyes"],"picked":"Compile Driver","floor":2.0},{"not_picked":["Steam","Coolheaded"],"picked":"Steam Power","floor":4.0},{"not_picked":["Consume","Amplify"],"picked":"Compile Driver","floor":5.0},{"not_picked":["Leap","Hologram"],"picked":"Conserve Battery","floor":6.0},{"not_picked":["Undo","Hello World"],"picked":"Go for the Eyes","floor":8.0},{"not_picked":["White Noise","Heatsinks"],"picked":"Gash","floor":10.0},{"not_picked":["Leap","Multi-Cast"],"picked":"Steam","floor":11.0},{"not_picked":["Hello World","Rebound"],"picked":"Hologram","floor":14}],"player_experience":566871,"relics_obtained":[{"floor":6.0,"key":"Letter Opener"},{"floor":9.0,"key":"Ancient Tea Set"},{"floor":10.0,"key":"War Paint"}],"event_choices":[{"damage_healed":23.0,"max_hp_gain":0.0,"max_hp_loss":0.0,"gold_gain":0.0,"event_name":"Big Fish","player_choice":"Banana","floor":3.0,"gold_loss":0.0,"damage_taken":0.0},{"damage_healed":0,"gold_gain":0,"player_choice":"Grow","damage_taken":0,"max_hp_gain":0,"max_hp_loss":0,"event_name":"Living Wall","floor":12,"gold_loss":0,"cards_upgraded":["Zap"]}],"is_beta":true,"boss_relics":[],"items_purged_floors":[],"is_endless":false,"potions_floor_spawned":[2,4,10,11,14],"killed_by":"Hexaghost","ascension_level":18}