{"path_per_floor":["M","?","?","M","M","E","R","?","T","M","R","M","R","M","R","B",null,"M","$","?","?","M","E","R","?","T"],"character_chosen":"IRONCLAD","items_purchased":["Gremlin Horn"],"gold_per_floor":[112,112,112,126,145,172,172,172,172,190,190,210,210,226,226,323,323,333,32,32,32,52,79,79,79,79,79],"floor_reached":27,"campfire_rested":3,"playtime":691,"current_hp_per_floor":[74,74,79,85,81,53,53,53,53,44,69,66,66,46,71,22,69,66,66,66,58,56,10,35,35,35,0],"items_purged":["Strike_R"],"gold":79,"score":300,"play_id":"2bf7cb5e-5be9-4c8f-96dd-34bd2cd1a492","local_time":"20180512220533","is_prod":false,"is_daily":false,"chose_seed":false,"is_ascension_mode":true,"campfire_upgraded":2,"timestamp":1526177133,"path_taken":["M","?","?","M","?","E","R","?","T","M","R","?","R","M","R","BOSS","M","$","?","?","?","E","R","?","T","E"],"build_version":"2018-05-12v2","seed_source_timestamp":282963243823523,"purchased_purges":1,"victory":false,"master_deck":["Strike_R","Strike_R","Strike_R","Strike_R","Defend_R","Defend_R","Defend_R","Defend_R","Bash+1","Limit Break","Clash","Hemokinesis+1","Pummel","Double Tap+1","Ghostly Armor","Cleave","Bludgeon","Infernal Blade","Wild Strike+1","Decay"],"max_hp_per_floor":[80,80,85,85,85,85,85,85,85,85,85,85,85,85,85,85,85,85,85,85,85,85,85,85,85,85,85],"relics":["Burning Blood","Du-Vu Doll","Smiling Mask","Velvet Choker","Gremlin Horn","Vajra","Dodecahedron"],"card_choices":[{"not_picked":["Warcry","Second Wind"],"picked":"Clash","floor":1},{"not_picked":["Shrug It Off","Rupture"],"picked":"Hemokinesis","floor":4},{"not_picked":["Iron Wave","Havoc"],"picked":"Pummel","floor":5},{"not_picked":["Intimidate","Flex"],"picked":"Double Tap","floor":6},{"not_picked":["Entrench","Clash"],"picked":"Ghostly Armor","floor":10},{"not_picked":["Dual Wield","Body Slam"],"picked":"Cleave","floor":12},{"not_picked":["Clothesline","Bloodletting","Heavy Blade"],"picked":"SKIP","floor":14},{"not_picked":["Dark Embrace","Immolate"],"picked":"Bludgeon","floor":16},{"not_picked":["Whirlwind","Ghostly Armor","Iron Wave"],"picked":"SKIP","floor":18},{"not_picked":["Havoc","Anger"],"picked":"Infernal Blade","floor":22},{"not_picked":["Disarm","Blood for Blood"],"picked":"Wild Strike+1","floor":23}],"player_experience":740093,"potions_floor_usage":[6,23,27,27],"damage_taken":[{"damage":4,"enemies":"Jaw Worm","floor":1,"turns":4},{"damage":0,"enemies":"Cultist","floor":4,"turns":3},{"damage":10,"enemies":"Small Slimes","floor":5,"turns":3},{"damage":34,"enemies":"Gremlin Nob","floor":6,"turns":4},{"damage":15,"enemies":"3 Louse","floor":10,"turns":4},{"damage":9,"enemies":"2 Fungi Beasts","floor":12,"turns":4},{"damage":26,"enemies":"Lots of Slimes","floor":14,"turns":4},{"damage":55,"enemies":"Hexaghost","floor":16,"turns":9},{"damage":9,"enemies":"Shell Parasite","floor":18,"turns":3},{"damage":8,"enemies":"3 Byrds","floor":22,"turns":3},{"damage":52,"enemies":"Gremlin Leader","floor":23,"turns":6},{"damage":35,"enemies":"Book of Stabbing","floor":27,"turns":3}],"event_choices":[{"event_name":"Match and Keep!","player_choice":"0 cards matched","floor":2,"damage_taken":0},{"event_name":"Big Fish","player_choice":"Donut","floor":3,"damage_taken":0},{"event_name":"Upgrade Shrine","player_choice":"Upgraded","floor":8,"damage_taken":0},{"event_name":"Addict","player_choice":"Ignored","floor":20,"damage_taken":0},{"event_name":"Knowing Skull","player_choice":"","floor":21,"damage_taken":0},{"event_name":"Wheel of Change","player_choice":"Curse","floor":25,"damage_taken":0}],"boss_relics":[{"not_picked":["Runic Pyramid","Snecko Eye"],"picked":"Velvet Choker"}],"potions_floor_spawned":[1,4,5,22],"seed_played":"-7482006074142711558","killed_by":"Book of Stabbing","ascension_level":6,"is_trial":false}