{"path_per_floor":["M","?","?","M","E","M","M","T","M","M","E","M","M","R"],"character_chosen":"IRONCLAD","items_purchased":[],"gold_per_floor":[111,186,186,197,262,272,283,353,364,381,413,427,446,446],"floor_reached":15,"campfire_rested":1,"playtime":1550,"current_hp_per_floor":[74,63,60,77,38,44,34,34,30,25,22,29,35,62],"items_purged":[],"gold":446,"play_id":"48ff373e-9460-43b3-9680-72ea50253d8b","is_prod":false,"is_daily":false,"campfire_rituals":0,"campfire_upgraded":0,"is_hardmode":false,"path_taken":["M","?","?","?","M","E","M","M","T","M","M","E","?","M","R","BOSS"],"build_version":"2018-01-21-BETA1","purchased_purges":0,"victory":false,"master_deck":["Strike_R","Strike_R","Strike_R","Strike_R","Strike_R","Defend_R","Defend_R","Defend_R","Defend_R","Bash","Heavy Blade","Warcry","Shockwave","Pommel Strike","Offering","Whirlwind","Reaper","Spot Weakness","Heavy Blade","Wild Strike"],"max_hp_per_floor":[80,80,80,90,90,90,90,90,90,90,90,90,90,90],"relics":["Burning Blood","Art of War","Tiny Chest","The Courier","Lantern"],"campfire_meditates":0,"card_choices":[{"not_picked":["Warcry","Shockwave"],"picked":"Heavy Blade"},{"not_picked":["Clash","Iron Wave"],"picked":"Warcry"},{"not_picked":["Evolve","Cleave"],"picked":"Shockwave"},{"not_picked":["Shrug It Off","Armaments"],"picked":"Pommel Strike"},{"not_picked":["Twin Strike","Armaments"],"picked":"Offering"},{"not_picked":["Anger","Headbutt"],"picked":"Whirlwind"},{"not_picked":["True Grit","Bloodletting"],"picked":"Reaper"},{"not_picked":["Power Through","Blood for Blood"],"picked":"Spot Weakness"},{"not_picked":["Anger","Perfected Strike"],"picked":"Heavy Blade"},{"not_picked":["Infernal Blade","Twin Strike"],"picked":"Wild Strike"}],"player_experience":489574,"potions_floor_usage":[9,11,15],"damage_taken":[{"damage":12.0,"enemies":"Small Slimes","floor":1.0,"turns":4.0},{"damage":4.0,"enemies":"Jaw Worm","floor":4.0,"turns":6.0},{"damage":19,"enemies":"Blue Slaver","floor":4,"turns":4},{"damage":45,"enemies":"Lagavulin","floor":5,"turns":8},{"damage":0,"enemies":"Large Slime","floor":6,"turns":6},{"damage":16,"enemies":"Lots of Slimes","floor":7,"turns":5},{"damage":10,"enemies":"Gremlin Gang","floor":9,"turns":6},{"damage":11,"enemies":"Exordium Thugs","floor":10,"turns":5},{"damage":24,"enemies":"Gremlin Nob","floor":11,"turns":4},{"damage":5,"enemies":"Exordium Wildlife","floor":12,"turns":4},{"damage":0,"enemies":"3 Louse","floor":13,"turns":1},{"damage":71,"enemies":"Hexaghost","floor":15,"turns":9}],"event_choices":[{"event_name":"World of Goop","player_choice":"Gather Gold","floor":2.0,"damage_taken":0.0},{"event_name":"Scrap Ooze","player_choice":"success","floor":3.0,"damage_taken":3.0},{"event_name":"Bonfire Elementals","player_choice":"RARE","floor":4,"damage_taken":0}],"boss_relics":[],"potions_floor_spawned":[4,5,7,12],"seed_played":"-8337568318086326778","killed_by":"Hexaghost","is_trial":false}