{"gold_per_floor":[115,115,40,40,53,87,87,87,87,100,22,43,57,57],"floor_reached":14,"playtime":372,"items_purged":["Strike_G"],"score":140,"play_id":"18915e17-3c74-43c9-8b28-17d2caa0497a","local_time":"20190327234810","is_ascension_mode":true,"campfire_choices":[{"data":"Neutralize","floor":7,"key":"SMITH"}],"neow_cost":"NONE","seed_source_timestamp":104871772664556,"circlet_count":0,"master_deck":["AscendersBane","Defend_G","Defend_G","Defend_G","Defend_G","Defend_G","Strike_G","Strike_G","Survivor","Neutralize+1","Blade Dance","Deflect","Flechettes","Bane","Concentrate","Footwork","Flying Knee","Deadly Poison"],"relics":["Runic Pyramid","Golden Idol","Matryoshka","Snake Skull","Pear"],"potions_floor_usage":[12,13],"damage_taken":[{"damage":4,"enemies":"Small Slimes","floor":1,"turns":5},{"damage":1,"enemies":"2 Louse","floor":5,"turns":3},{"damage":28,"enemies":"Lagavulin","floor":6,"turns":10},{"damage":0,"enemies":"Cultist","floor":10,"turns":4},{"damage":20,"enemies":"Gremlin Gang","floor":12,"turns":5},{"damage":2,"enemies":"Exordium Thugs","floor":13,"turns":4},{"damage":9,"enemies":"Exordium Wildlife","floor":14,"turns":2}],"seed_played":"2868184668105815983","potions_obtained":[{"floor":5,"key":"Fire Potion"},{"floor":12,"key":"Explosive Potion"}],"is_trial":false,"path_per_floor":["M","?","$","?","M","E","R","?","T","M","$","M","M","M"],"character_chosen":"THE_SILENT","items_purchased":["Footwork"],"campfire_rested":0,"item_purchase_floors":[11],"current_hp_per_floor":[59,52,52,52,51,23,23,23,33,33,33,13,11,2],"gold":57,"neow_bonus":"BOSS_RELIC","is_prod":false,"is_daily":false,"chose_seed":false,"campfire_upgraded":1,"win_rate":0,"timestamp":1553752090,"path_taken":["M","?","$","?","M","E","R","?","T","M","$","?","?","M"],"build_version":"2019-01-23","purchased_purges":1,"victory":false,"max_hp_per_floor":[70,70,70,65,65,65,65,65,75,75,75,75,75,75],"card_choices":[{"not_picked":["Distraction","Slice"],"picked":"Blade Dance","floor":1},{"not_picked":["Quick Slash","Outmaneuver"],"picked":"Deflect","floor":5},{"not_picked":["Infinite Blades","Well Laid Plans"],"picked":"Flechettes","floor":6},{"not_picked":["Eviscerate","Predator"],"picked":"Concentrate","floor":10},{"not_picked":["Expertise","Dagger Spray"],"picked":"Flying Knee","floor":12},{"not_picked":["Riddle With Holes","Reflex"],"picked":"Deadly Poison","floor":13}],"player_experience":466963,"relics_obtained":[{"floor":6,"key":"Matryoshka"},{"floor":9,"key":"Snake Skull"},{"floor":9,"key":"Pear"}],"event_choices":[{"cards_removed":["Strike_G"],"damage_healed":0,"gold_gain":0,"player_choice":"Card Removal","damage_taken":7,"max_hp_gain":0,"max_hp_loss":0,"event_name":"Golden Wing","floor":2,"gold_loss":0},{"damage_healed":0,"gold_gain":0,"player_choice":"Lose Max HP","damage_taken":0,"relics_obtained":["Golden Idol"],"max_hp_gain":0,"max_hp_loss":5,"event_name":"Golden Idol","floor":4,"gold_loss":0},{"damage_healed":0,"gold_gain":0,"cards_transformed":["Strike_G"],"player_choice":"Transformed","damage_taken":0,"max_hp_gain":0,"max_hp_loss":0,"event_name":"Transmorgrifier","floor":8,"gold_loss":0,"cards_obtained":["Bane"]}],"is_beta":false,"boss_relics":[],"items_purged_floors":[3],"is_endless":false,"potions_floor_spawned":[5,12],"killed_by":"Exordium Wildlife","ascension_level":11}