{"gold_per_floor":[109,120,136,136,150,150,190,190,190,225,225,225,244,267,267,376,383,411,418,442,462,462],"floor_reached":22,"playtime":969,"items_purged":[],"score":253,"play_id":"50dc57f5-0260-4dc3-b833-70d0fb5014e4","local_time":"20190911215444","is_ascension_mode":true,"campfire_choices":[{"data":"Eruption","floor":6.0,"key":"SMITH"},{"data":"SandsOfTime","floor":8.0,"key":"SMITH"},{"data":"Swivel","floor":12.0,"key":"SMITH"},{"floor":15.0,"key":"REST"}],"neow_cost":"NONE","seed_source_timestamp":134492843168364,"circlet_count":0,"master_deck":["Strike_P","Strike_P","Strike_P","Strike_P","Defend_P","Defend_P","Defend_P","Defend_P","Eruption+1","Vigilance","MentalFortress","ThirdEye","Crescendo","FearNoEvil","SandsOfTime+1","Swivel+1","TalkToTheHand","FlyingSleeves","BattleHymn","CurseOfTheBell","CutThroughFate","Evaluate","SandsOfTime+1","DevaForm","Establishment"],"special_seed":0,"relics":["PureWater","Akabeko","CeramicFish","Regal Pillow","Pear","Calling Bell","InkBottle","Matryoshka","Prayer Wheel"],"potions_floor_usage":[22,22],"damage_taken":[{"damage":0.0,"enemies":"2 Louse","floor":1.0,"turns":2.0},{"damage":9.0,"enemies":"Jaw Worm","floor":2.0,"turns":4.0},{"damage":0.0,"enemies":"Cultist","floor":3.0,"turns":3.0},{"damage":0.0,"enemies":"Large Slime","floor":5.0,"turns":3.0},{"damage":11.0,"enemies":"Lagavulin","floor":7.0,"turns":4.0},{"damage":23.0,"enemies":"3 Sentries","floor":10.0,"turns":5.0},{"damage":2.0,"enemies":"Lots of Slimes","floor":13.0,"turns":2.0},{"damage":0.0,"enemies":"2 Fungi Beasts","floor":14.0,"turns":2.0},{"damage":25.0,"enemies":"Slime Boss","floor":16.0,"turns":6.0},{"damage":13.0,"enemies":"2 Thieves","floor":18.0,"turns":3.0},{"damage":39.0,"enemies":"3 Byrds","floor":20.0,"turns":7.0},{"damage":2.0,"enemies":"Snake Plant","floor":21.0,"turns":3.0},{"damage":36,"enemies":"3 Cultists","floor":22,"turns":4}],"seed_played":"8192633712036065908","potions_obtained":[{"floor":1.0,"key":"Strength Potion"},{"floor":7.0,"key":"Explosive Potion"},{"floor":13.0,"key":"Poison Potion"},{"floor":14.0,"key":"SpeedPotion"},{"floor":16.0,"key":"Energy Potion"},{"floor":20.0,"key":"EntropicBrew"}],"is_trial":false,"path_per_floor":["M","M","M","?","M","R","E","R","T","E","?","R","M","M","R","B",null,"M","?","M","M","M"],"character_chosen":"WATCHER","items_purchased":[],"campfire_rested":1,"item_purchase_floors":[],"current_hp_per_floor":[65,56,56,61,61,61,50,50,50,37,37,37,35,35,74,49,80,67,67,28,35,0],"gold":462,"neow_bonus":"RANDOM_COMMON_RELIC","is_prod":false,"is_daily":false,"chose_seed":false,"campfire_upgraded":3,"win_rate":0,"timestamp":1568206484,"path_taken":["M","M","M","?","M","R","E","R","T","E","?","R","?","M","R","BOSS","M","?","?","?","M"],"build_version":"2019-09-10","purchased_purges":0,"victory":false,"max_hp_per_floor":[65,65,65,70,70,70,70,70,70,80,80,80,80,80,80,80,80,80,80,80,80,80],"card_choices":[{"not_picked":["Swivel","JustLucky"],"picked":"MentalFortress","floor":1.0},{"not_picked":["WindmillStrike","Devotion"],"picked":"ThirdEye","floor":2.0},{"not_picked":["Vengeance","EmptyMind"],"picked":"Crescendo","floor":3.0},{"not_picked":["BowlingBash","Sanctity"],"picked":"FearNoEvil","floor":5.0},{"not_picked":["FlyingSleeves","Meditate"],"picked":"SandsOfTime","floor":7.0},{"not_picked":["JustLucky","Ragnarok"],"picked":"Swivel","floor":10.0},{"not_picked":["JustLucky","PathToVictory"],"picked":"TalkToTheHand","floor":13.0},{"not_picked":["Weave","Crescendo"],"picked":"FlyingSleeves","floor":14.0},{"not_picked":["Nirvana","Metaphysics"],"picked":"BattleHymn","floor":16.0},{"not_picked":["EmptyMind+1","EmptyFist"],"picked":"CutThroughFate","floor":18.0},{"not_picked":["JustLucky","ThirdEye"],"picked":"Evaluate","floor":18.0},{"not_picked":["BowlingBash","EmptyFist"],"picked":"DevaForm","floor":20.0},{"not_picked":["CrushJoints","EmptyMind","BowlingBash"],"picked":"SKIP","floor":20.0},{"not_picked":["EmptyFist+1","Clarity"],"picked":"Establishment","floor":21.0},{"not_picked":["WindmillStrike","FlurryOfBlows","Clarity"],"picked":"SKIP","floor":21.0}],"player_experience":600330,"relics_obtained":[{"floor":7.0,"key":"CeramicFish"},{"floor":9.0,"key":"Regal Pillow"},{"floor":10.0,"key":"Pear"},{"floor":17.0,"key":"InkBottle"},{"floor":17.0,"key":"Matryoshka"},{"floor":17.0,"key":"Prayer Wheel"}],"event_choices":[{"damage_healed":0.0,"max_hp_gain":5.0,"max_hp_loss":0.0,"gold_gain":0.0,"event_name":"Big Fish","player_choice":"Donut","floor":4.0,"gold_loss":0.0,"damage_taken":0.0},{"damage_healed":0.0,"max_hp_gain":0.0,"max_hp_loss":0.0,"gold_gain":0.0,"event_name":"Wheel of Change","player_choice":"Relic","floor":11.0,"gold_loss":0.0,"damage_taken":0.0},{"damage_healed":0.0,"max_hp_gain":0.0,"max_hp_loss":0.0,"gold_gain":0.0,"event_name":"Duplicator","player_choice":"Copied","floor":19.0,"gold_loss":0.0,"damage_taken":0.0,"cards_obtained":["SandsOfTime"]}],"is_beta":true,"boss_relics":[{"not_picked":["Fusion Hammer","Tiny House"],"picked":"Calling Bell"}],"items_purged_floors":[],"is_endless":false,"potions_floor_spawned":[1,7,13,14,16,20],"killed_by":"3 Cultists","ascension_level":3}