{"gold_per_floor":[111,128,141,20,38,38,38,38,38,52,52,77,96,119,119,240,240,253,253,274,30,30,30,46,46,46,23,23,23,39,58,58,188,188,202,202,226,239,239,239,67,67,118,118,141,155,175,175,175,175],"floor_reached":50,"playtime":5915,"items_purged":["Strike_P","Halt"],"score":438,"play_id":"db49b670-d014-481f-93a8-9abb9fceeadd","local_time":"20190922180433","is_ascension_mode":false,"campfire_choices":[{"data":"Eruption","floor":6,"key":"SMITH"},{"data":"Trip","floor":8,"key":"SMITH"},{"floor":15,"key":"REST"},{"data":"Adaptation","floor":23,"key":"SMITH"},{"floor":25,"key":"REST"},{"data":"EmptyMind","floor":29,"key":"SMITH"},{"data":"EmptyBody","floor":32,"key":"SMITH"},{"data":"Weave","floor":40,"key":"SMITH"},{"floor":42,"key":"REST"},{"floor":49,"key":"REST"}],"neow_cost":"NONE","seed_source_timestamp":4061716543900,"circlet_count":0,"master_deck":["Strike_P+1","Defend_P+1","Defend_P+1","Defend_P+1","Eruption+1","Vigilance","Trip+1","SashWhip","EmptyBody+1","Wireheading","Protect+1","ThirdEye","ForeignInfluence","Adaptation+1","Consecrate","DevaForm","SashWhip+1","CutThroughFate","EmptyMind+1","Weave+1","EmptyFist+1","Adaptation","Master of Strategy","InnerPeace","Protect+1","Parasite","MentalFortress+1"],"relics":["PureWater","Golden Idol","Meat on the Bone","Singing Bowl","Dead Branch","Nloth\u0027s Gift","Sozu","Dream Catcher"],"potions_floor_usage":[16,16,18,20,24,33,37,45],"damage_taken":[{"damage":0,"enemies":"2 Louse","floor":1,"turns":1},{"damage":13,"enemies":"Small Slimes","floor":2,"turns":3},{"damage":0,"enemies":"Cultist","floor":3,"turns":3},{"damage":3,"enemies":"Red Slaver","floor":5,"turns":4},{"damage":2,"enemies":"Looter","floor":10,"turns":4},{"damage":4,"enemies":"Exordium Wildlife","floor":12,"turns":4},{"damage":0,"enemies":"Exordium Thugs","floor":13,"turns":4},{"damage":4,"enemies":"Blue Slaver","floor":14,"turns":5},{"damage":21,"enemies":"Slime Boss","floor":16,"turns":9},{"damage":12,"enemies":"Spheric Guardian","floor":18,"turns":7},{"damage":0,"enemies":"Chosen","floor":20,"turns":8},{"damage":11,"enemies":"Snake Plant","floor":24,"turns":8},{"damage":3,"enemies":"Snecko","floor":30,"turns":6},{"damage":2,"enemies":"Shelled Parasite and Fungi","floor":31,"turns":5},{"damage":11,"enemies":"Champ","floor":33,"turns":9},{"damage":0,"enemies":"3 Shapes","floor":35,"turns":7},{"damage":4,"enemies":"3 Darklings","floor":37,"turns":6},{"damage":29,"enemies":"Sphere and 2 Shapes","floor":38,"turns":8},{"damage":23,"enemies":"Transient","floor":45,"turns":5},{"damage":4,"enemies":"Jaw Worm Horde","floor":46,"turns":5},{"damage":21,"enemies":"Writhing Mass","floor":47,"turns":9},{"damage":58,"enemies":"Time Eater","floor":50,"turns":8}],"seed_played":"-3526322296917684765","potions_obtained":[{"floor":5,"key":"SteroidPotion"},{"floor":12,"key":"Strength Potion"},{"floor":14,"key":"Swift Potion"},{"floor":16,"key":"SpeedPotion"},{"floor":18,"key":"PowerPotion"},{"floor":20,"key":"SkillPotion"},{"floor":31,"key":"Energy Potion"},{"floor":33,"key":"Explosive Potion"}],"is_trial":false,"path_per_floor":["M","M","M","$","M","R","?","R","T","M","?","M","M","M","R","B",null,"M","?","M","$","?","R","M","R","T","$","?","R","M","M","R","B",null,"M","?","M","M","?","R","$","R","T","?","M","M","M","?","R","B"],"character_chosen":"WATCHER","items_purchased":["Protect","Singing Bowl","Weave","InnerPeace"],"campfire_rested":4,"item_purchase_floors":[4,21,27,41],"current_hp_per_floor":[65,52,52,52,49,49,49,49,49,47,47,43,43,39,57,36,60,48,48,48,48,48,48,37,55,55,55,55,55,52,52,52,41,62,64,64,62,47,47,47,47,67,67,67,44,42,33,33,54,0],"gold":175,"neow_bonus":"RANDOM_COLORLESS","is_prod":false,"is_daily":false,"chose_seed":false,"campfire_upgraded":6,"win_rate":0.0,"timestamp":1569171873,"path_taken":["M","M","M","$","M","R","?","R","T","M","?","?","M","M","R","BOSS","M","?","M","$","?","R","M","R","T","?","?","R","M","M","R","BOSS","M","?","M","M","?","R","$","R","T","?","?","M","M","?","R","BOSS"],"build_version":"2019-09-20","purchased_purges":2,"victory":false,"max_hp_per_floor":[65,65,65,65,65,65,60,60,60,60,60,60,60,60,60,60,60,60,60,60,60,60,60,60,60,60,60,60,60,60,62,62,62,62,64,64,66,68,68,68,68,68,68,68,68,70,70,66,68,68],"card_choices":[{"not_picked":["Halt","ClearTheMind"],"picked":"SashWhip","floor":1},{"not_picked":["CutThroughFate","Worship"],"picked":"EmptyBody","floor":2},{"not_picked":["EmptyFist","CarveReality"],"picked":"Wireheading","floor":3},{"not_picked":["FlyingSleeves","FlowState"],"picked":"ThirdEye","floor":5},{"not_picked":["ThirdEye","SashWhip"],"picked":"Halt","floor":10},{"not_picked":["Swivel","Weave"],"picked":"ForeignInfluence","floor":12},{"not_picked":["WindmillStrike","Protect"],"picked":"Adaptation","floor":13},{"not_picked":["Prostrate","CutThroughFate"],"picked":"Consecrate","floor":14},{"not_picked":["Omniscience","Vault"],"picked":"DevaForm","floor":16},{"not_picked":["Prostrate","FollowUp"],"picked":"SashWhip+1","floor":18},{"not_picked":["StepAndStrike","Sanctity"],"picked":"CutThroughFate","floor":20},{"not_picked":["SashWhip","EmptyFist"],"picked":"EmptyMind","floor":24},{"not_picked":["FlowState+1","Prostrate"],"picked":"EmptyFist+1","floor":30},{"not_picked":["ReachHeaven","CarveReality+1","EmptyFist"],"picked":"Singing Bowl","floor":31},{"not_picked":["MasterReality","Judgement"],"picked":"Adaptation","floor":33},{"not_picked":["ForeignInfluence+1","EmptyFist","Establishment"],"picked":"Singing Bowl","floor":35},{"not_picked":["FlyingSleeves+1","EmptyFist","EmptyBody+1"],"picked":"Singing Bowl","floor":37},{"not_picked":["FlyingSleeves+1","SashWhip+1","Wireheading+1"],"picked":"Singing Bowl","floor":38},{"not_picked":["Madness","Metamorphosis"],"picked":"Master of Strategy","floor":39},{"not_picked":["SashWhip","Conclude+1"],"picked":"Protect+1","floor":45},{"not_picked":["WreathOfFlame","CarveReality+1","Protect+1"],"picked":"Singing Bowl","floor":46},{"not_picked":["Meditate","FlyingSleeves+1"],"picked":"MentalFortress+1","floor":47},{"not_picked":["ClearTheMind","ThirdEye","Sanctity+1"],"picked":"Singing Bowl","floor":49}],"player_experience":222802,"relics_obtained":[{"floor":9,"key":"Meat on the Bone"},{"floor":26,"key":"Dead Branch"},{"floor":43,"key":"Dream Catcher"}],"event_choices":[{"damage_healed":0,"gold_gain":0,"player_choice":"Lose Max HP","damage_taken":0,"relics_obtained":["Golden Idol"],"max_hp_gain":0,"max_hp_loss":5,"event_name":"Golden Idol","floor":7,"gold_loss":0},{"damage_healed":0,"gold_gain":0,"player_choice":"Forge","damage_taken":0,"max_hp_gain":0,"max_hp_loss":0,"event_name":"Accursed Blacksmith","floor":11,"gold_loss":0,"cards_upgraded":["Protect"]},{"damage_healed":0,"gold_gain":0,"player_choice":"Simplicity","damage_taken":0,"max_hp_gain":0,"max_hp_loss":0,"event_name":"Back to Basics","floor":19,"gold_loss":0,"cards_upgraded":["Strike_P","Defend_P","Defend_P","Defend_P","Defend_P"]},{"damage_healed":0,"gold_gain":0,"player_choice":"Ignored","damage_taken":0,"max_hp_gain":0,"max_hp_loss":0,"event_name":"Vampires","floor":22,"gold_loss":0},{"damage_healed":0,"gold_gain":0,"player_choice":"Traded Relic","damage_taken":0,"relics_obtained":["Nloth\u0027s Gift"],"max_hp_gain":0,"max_hp_loss":0,"event_name":"N\u0027loth","floor":28,"relics_lost":["Empty Cage"],"gold_loss":0},{"damage_healed":0,"gold_gain":0,"player_choice":"Ignored","damage_taken":0,"max_hp_gain":0,"max_hp_loss":0,"event_name":"Tomb of Lord Red Mask","floor":36,"gold_loss":0},{"damage_healed":0,"gold_gain":0,"player_choice":"Memory 1","damage_taken":0,"max_hp_gain":0,"max_hp_loss":0,"event_name":"SensoryStone","floor":39,"gold_loss":0},{"cards_removed":["Defend_P"],"damage_healed":0,"gold_gain":0,"player_choice":"Offered Basic","damage_taken":0,"max_hp_gain":0,"max_hp_loss":0,"event_name":"Bonfire Elementals","floor":44,"gold_loss":0},{"damage_healed":0,"gold_gain":0,"player_choice":"Max HP","damage_taken":0,"max_hp_gain":0,"max_hp_loss":4,"event_name":"Winding Halls","floor":48,"gold_loss":0}],"is_beta":true,"boss_relics":[{"not_picked":["Snecko Eye","Runic Dome"],"picked":"Empty Cage"},{"not_picked":["Pandora\u0027s Box","Velvet Choker"],"picked":"Sozu"}],"items_purged_floors":[4,41],"is_endless":false,"potions_floor_spawned":[5,12,14,16,18,20,31,33,45,47],"killed_by":"Time Eater","ascension_level":0}