{"gold_per_floor":[115,115,135,154,169,169,198,198,198,198,259,289,60,121,121,217,217,232,282,352,146,158,158,177,203,228,263,281,331,381,411,411,510,510,521,538,357,373,423,423,443,443,470,483,483,515,5,5],"floor_reached":48,"playtime":2247,"items_purged":["Strike_R","Strike_R"],"score":848,"play_id":"25195c6d-6393-4c42-b2e2-0bd2a3d15266","local_time":"20190824222255","is_ascension_mode":true,"campfire_choices":[{"data":"Uppercut","floor":6.0,"key":"SMITH"},{"data":"True Grit","floor":8.0,"key":"SMITH"},{"data":"Shockwave","floor":10.0,"key":"SMITH"},{"data":"Disarm","floor":15.0,"key":"SMITH"},{"floor":23.0,"key":"REST"},{"floor":32.0,"key":"REST"},{"data":"Limit Break","floor":40.0,"key":"SMITH"},{"floor":42.0,"key":"REST"},{"floor":45.0,"key":"REST"}],"neow_cost":"NONE","seed_source_timestamp":871798658629400,"circlet_count":0,"master_deck":["AscendersBane","Defend_R","Defend_R","Defend_R","Bash","Pommel Strike","Uppercut+1","Anger","Shockwave+1","True Grit+1","Spot Weakness","Ghostly Armor","Immolate","Shrug It Off","Disarm+1","Limit Break+1","Twin Strike+1","Corruption+1","Headbutt","Bite","Bite","Bite","Bite","Bite","Sword Boomerang","Disarm+1","Juggernaut+1","Pummel","Metallicize+1","Sentinel+1","Sentinel","Evolve+1"],"special_seed":0,"relics":["Black Blood","NeowsBlessing","SsserpentHead","Happy Flower","Pen Nib","Shuriken","Busted Crown","Frozen Egg 2","PreservedInsect","Vajra","Potion Belt","Dream Catcher","Sundial","Bronze Scales","Strawberry","Question Card","Bird Faced Urn"],"potions_floor_usage":[48],"damage_taken":[{"damage":0.0,"enemies":"Small Slimes","floor":1.0,"turns":1.0},{"damage":0.0,"enemies":"Cultist","floor":3.0,"turns":1.0},{"damage":0.0,"enemies":"2 Louse","floor":4.0,"turns":1.0},{"damage":14.0,"enemies":"Looter","floor":5.0,"turns":3.0},{"damage":25.0,"enemies":"Lagavulin","floor":7.0,"turns":7.0},{"damage":21.0,"enemies":"3 Louse","floor":11.0,"turns":4.0},{"damage":22.0,"enemies":"3 Sentries","floor":12.0,"turns":6.0},{"damage":7.0,"enemies":"Red Slaver","floor":14.0,"turns":3.0},{"damage":2.0,"enemies":"Hexaghost","floor":16.0,"turns":8.0},{"damage":17.0,"enemies":"2 Thieves","floor":18.0,"turns":5.0},{"damage":23.0,"enemies":"Spheric Guardian","floor":20.0,"turns":4.0},{"damage":7.0,"enemies":"Chosen and Byrds","floor":22.0,"turns":5.0},{"damage":7.0,"enemies":"Snake Plant","floor":24.0,"turns":5.0},{"damage":1.0,"enemies":"Gremlin Leader","floor":25.0,"turns":4.0},{"damage":20.0,"enemies":"Book of Stabbing","floor":27.0,"turns":4.0},{"damage":16.0,"enemies":"Cultist and Chosen","floor":28.0,"turns":4.0},{"damage":27.0,"enemies":"Slavers","floor":31.0,"turns":4.0},{"damage":55.0,"enemies":"Automaton","floor":33.0,"turns":8.0},{"damage":22.0,"enemies":"3 Shapes","floor":35.0,"turns":4.0},{"damage":15.0,"enemies":"3 Darklings","floor":36.0,"turns":5.0},{"damage":35.0,"enemies":"Jaw Worm Horde","floor":38.0,"turns":5.0},{"damage":29.0,"enemies":"Sphere and 2 Shapes","floor":41.0,"turns":9.0},{"damage":21.0,"enemies":"Maw","floor":44.0,"turns":6.0},{"damage":31.0,"enemies":"Reptomancer","floor":46.0,"turns":4.0},{"damage":54,"enemies":"Spire Growth","floor":48,"turns":3}],"seed_played":"6495599562315808965","potions_obtained":[{"floor":3.0,"key":"Regen Potion"},{"floor":7.0,"key":"PowerPotion"},{"floor":11.0,"key":"LiquidBronze"},{"floor":12.0,"key":"Strength Potion"},{"floor":14.0,"key":"PowerPotion"},{"floor":20.0,"key":"PowerPotion"},{"floor":31.0,"key":"Weak Potion"},{"floor":35.0,"key":"EssenceOfSteel"},{"floor":36.0,"key":"Weak Potion"}],"is_trial":false,"path_per_floor":["M","?","M","M","M","R","E","R","T","R","M","E","$","M","R","B",null,"M","?","M","$","M","R","M","E","T","E","M","?","?","E","R","B",null,"M","M","$","M","?","R","M","R","T","M","R","E","$","M"],"character_chosen":"IRONCLAD","items_purchased":["Immolate","Shrug It Off","PreservedInsect","Bronze Scales","Pummel","Sentinel","Weak Potion","Bird Faced Urn","Evolve+1"],"campfire_rested":4,"item_purchase_floors":[13,13,21,37,37,47,47,47,47],"current_hp_per_floor":[78,78,80,80,72,72,53,53,53,53,38,36,36,35,35,39,70,59,59,42,42,41,65,64,69,69,55,45,45,45,34,50,11,45,41,44,44,27,27,27,16,32,39,38,56,39,39,0],"gold":5,"neow_bonus":"THREE_ENEMY_KILL","is_prod":false,"is_daily":false,"chose_seed":false,"campfire_upgraded":5,"win_rate":0,"timestamp":1566710575,"path_taken":["M","?","M","M","M","R","E","R","T","R","?","E","?","?","R","BOSS","M","?","?","?","M","R","M","E","T","E","M","?","?","E","R","BOSS","M","M","$","M","?","R","M","R","T","M","R","E","$","M"],"build_version":"2019-07-17","purchased_purges":2,"victory":false,"max_hp_per_floor":[80,80,80,80,80,80,80,80,80,80,80,80,80,80,80,80,80,80,80,80,80,80,80,80,80,80,80,80,56,56,56,56,56,56,56,56,56,56,56,56,56,56,63,63,63,63,63,63],"card_choices":[{"not_picked":["Clash","Headbutt"],"picked":"Pommel Strike","floor":1.0},{"not_picked":["Headbutt","Sentinel"],"picked":"Uppercut","floor":3.0},{"not_picked":["Metallicize","Intimidate"],"picked":"Anger","floor":4.0},{"not_picked":["Rampage","Dropkick"],"picked":"Shockwave","floor":5.0},{"not_picked":["Headbutt","Iron Wave"],"picked":"True Grit","floor":7.0},{"not_picked":["Clothesline","Blood for Blood"],"picked":"Spot Weakness","floor":11.0},{"not_picked":["Second Wind","Body Slam"],"picked":"Ghostly Armor","floor":12.0},{"not_picked":["Clothesline","Pommel Strike"],"picked":"Disarm","floor":14.0},{"not_picked":["Bludgeon","Barricade"],"picked":"Limit Break","floor":16.0},{"not_picked":["Heavy Blade"],"picked":"SKIP","floor":18.0},{"not_picked":[],"picked":"Twin Strike+1","floor":20.0},{"not_picked":["Warcry"],"picked":"SKIP","floor":22.0},{"not_picked":[],"picked":"Corruption+1","floor":24.0},{"not_picked":["Searing Blow"],"picked":"SKIP","floor":25.0},{"not_picked":["Flex"],"picked":"SKIP","floor":27.0},{"not_picked":[],"picked":"Headbutt","floor":28.0},{"not_picked":[],"picked":"Disarm+1","floor":31.0},{"not_picked":[],"picked":"Juggernaut+1","floor":33.0},{"not_picked":["Armaments"],"picked":"SKIP","floor":35.0},{"not_picked":["Clash+1"],"picked":"SKIP","floor":36.0},{"not_picked":["Anger"],"picked":"SKIP","floor":38.0},{"not_picked":["Twin Strike+1"],"picked":"SKIP","floor":41.0},{"not_picked":["Twin Strike"],"picked":"SKIP","floor":44.0},{"not_picked":[],"picked":"Sentinel+1","floor":46.0}],"player_experience":1325356,"relics_obtained":[{"floor":7.0,"key":"Happy Flower"},{"floor":9.0,"key":"Pen Nib"},{"floor":12.0,"key":"Shuriken"},{"floor":25.0,"key":"Vajra"},{"floor":26.0,"key":"Potion Belt"},{"floor":27.0,"key":"Dream Catcher"},{"floor":31.0,"key":"Sundial"},{"floor":43.0,"key":"Strawberry"},{"floor":46.0,"key":"Question Card"}],"event_choices":[{"damage_healed":0.0,"max_hp_gain":0.0,"max_hp_loss":0.0,"gold_gain":0.0,"event_name":"FaceTrader","player_choice":"Trade","floor":2.0,"gold_loss":0.0,"damage_taken":0.0,"relics_obtained":["SsserpentHead"]},{"damage_healed":0.0,"max_hp_gain":0.0,"max_hp_loss":0.0,"gold_gain":0.0,"event_name":"WeMeetAgain","player_choice":"Gave Potion","floor":19.0,"gold_loss":0.0,"damage_taken":0.0,"relics_obtained":["Frozen Egg 2"]},{"damage_healed":0.0,"max_hp_gain":0.0,"max_hp_loss":24.0,"gold_gain":0.0,"event_name":"Vampires","player_choice":"Became a vampire","floor":29.0,"gold_loss":0.0,"damage_taken":0.0,"cards_obtained":["Bite","Bite","Bite","Bite","Bite"]},{"damage_healed":0.0,"max_hp_gain":0.0,"max_hp_loss":0.0,"gold_gain":0.0,"event_name":"The Library","player_choice":"Read","floor":30.0,"gold_loss":0.0,"damage_taken":0.0,"cards_obtained":["Sword Boomerang"]},{"damage_healed":0.0,"max_hp_gain":0.0,"max_hp_loss":0.0,"gold_gain":0.0,"cards_transformed":["Defend_R"],"event_name":"Transmorgrifier","player_choice":"Transformed","floor":39.0,"gold_loss":0.0,"damage_taken":0.0,"cards_obtained":["Metallicize"]}],"is_beta":false,"boss_relics":[{"not_picked":["Empty Cage","Runic Pyramid"],"picked":"Busted Crown"},{"not_picked":["White Beast Statue","Eternal Feather"],"picked":"Black Blood"}],"items_purged_floors":[13,21],"is_endless":false,"potions_floor_spawned":[3,7,11,12,14,18,20,25,31,35,36],"killed_by":"Spire Growth","ascension_level":10}