{"gold_per_floor":[117,130,140,152,166,197,197],"floor_reached":7,"playtime":299,"items_purged":[],"score":88,"play_id":"5452fdc9-14ac-4fb8-8aa9-1837082b1075","local_time":"20190404205240","is_ascension_mode":true,"campfire_choices":[],"neow_cost":"CURSE","seed_source_timestamp":785649095878581,"circlet_count":0,"master_deck":["AscendersBane","Defend_G","Defend_G","Defend_G","Defend_G","Defend_G","Strike_G","Strike_G","Strike_G","Strike_G","Strike_G","Survivor","Neutralize","Doubt","Glass Knife","Poisoned Stab","Leg Sweep","Crippling Poison","Blade Dance"],"relics":["Ring of the Snake","Blue Candle"],"potions_floor_usage":[6,6],"damage_taken":[{"damage":0,"enemies":"Cultist","floor":1,"turns":4},{"damage":6,"enemies":"Small Slimes","floor":2,"turns":3},{"damage":0,"enemies":"Jaw Worm","floor":3,"turns":4},{"damage":9,"enemies":"3 Louse","floor":4,"turns":5},{"damage":1,"enemies":"Red Slaver","floor":5,"turns":4},{"damage":38,"enemies":"Lagavulin","floor":6,"turns":10},{"damage":2,"enemies":"Gremlin Gang","floor":7,"turns":2}],"seed_played":"-7145873611705253214","potions_obtained":[{"floor":1,"key":"Fire Potion"},{"floor":3,"key":"Ancient Potion"},{"floor":5,"key":"SkillPotion"}],"is_trial":false,"path_per_floor":["M","M","M","M","M","E","M"],"character_chosen":"THE_SILENT","items_purchased":[],"campfire_rested":0,"item_purchase_floors":[],"current_hp_per_floor":[63,57,57,48,47,9,7],"gold":197,"neow_bonus":"THREE_RARE_CARDS","is_prod":false,"is_daily":false,"chose_seed":false,"campfire_upgraded":0,"win_rate":0,"timestamp":1554432760,"path_taken":["M","M","?","M","M","E","M"],"build_version":"2019-01-23","purchased_purges":0,"victory":false,"max_hp_per_floor":[70,70,70,70,70,70,70],"card_choices":[{"not_picked":["Unload","Night Terror"],"picked":"Glass Knife","floor":0},{"not_picked":["Skewer","Flying Knee","Deflect"],"picked":"SKIP","floor":1},{"not_picked":["Escape Plan","Bouncing Flask"],"picked":"Poisoned Stab","floor":2},{"not_picked":["Bane","Bouncing Flask"],"picked":"Leg Sweep","floor":3},{"not_picked":["Dagger Spray","Underhanded Strike","Flying Knee"],"picked":"SKIP","floor":4},{"not_picked":["Caltrops","Dagger Throw"],"picked":"Crippling Poison","floor":5},{"not_picked":["Quick Slash","Bane"],"picked":"Blade Dance","floor":6}],"player_experience":495541,"relics_obtained":[{"floor":6,"key":"Blue Candle"}],"event_choices":[],"is_beta":false,"boss_relics":[],"items_purged_floors":[],"is_endless":false,"potions_floor_spawned":[1,3,5],"killed_by":"Gremlin Gang","ascension_level":12}