{"gold_per_floor":[115,115,190,5,25,25,55,55,55,55,66,85,85,95,95,199,199,213,16,16,35,9,36,36,56,56,56,68,110,47,87,99,212,224,251,263,275,301,313,325,371,438,450,562,589,601,33,45,45,45,45,45,14,49,49],"floor_reached":56,"playtime":2321,"items_purged":["Defend_P","Strike_P","Writhe"],"score":1369,"play_id":"143ea695-45db-4b56-80e2-b3088528e11b","local_time":"20190913182333","is_ascension_mode":true,"campfire_choices":[{"data":"Devotion","floor":6.0,"key":"SMITH"},{"data":"Devotion","floor":8.0,"key":"SMITH"},{"data":"Prostrate","floor":10.0,"key":"SMITH"},{"data":"PathToVictory","floor":13.0,"key":"SMITH"},{"data":"Eruption","floor":15.0,"key":"SMITH"},{"floor":24.0,"key":"REST"},{"floor":32.0,"key":"REST"},{"data":"Wallop","floor":40.0,"key":"SMITH"},{"floor":46.0,"key":"REST"},{"floor":49,"key":"RECALL"},{"data":"DevaForm","floor":52,"key":"SMITH"}],"neow_cost":"NONE","seed_source_timestamp":9588916186000,"circlet_count":0,"master_deck":["Strike_P+1","Strike_P+1","Defend_P","Defend_P","Defend_P","Eruption+1","Vigilance+1","Prostrate+1","Devotion+1","Conclude","Devotion+1","Ragnarok","PathToVictory+1","Wallop","Consecrate","FlurryOfBlows","Swivel","Wallop+1","Prostrate+1","DevaForm+1","Clarity+1","Secret Technique","Madness","Prostrate+1","SpiritShield+1","Meditate+1"],"special_seed":0,"relics":["PureWater","Pen Nib","Bottled Lightning","Black Star","Membership Card","Orichalcum","Whetstone","The Courier","MawBank","Strawberry","Question Card","Ancient Tea Set","Bag of Preparation","Runic Pyramid","Bottled Flame","Letter Opener","Singing Bowl","CaptainsWheel","Dead Branch","Pantograph","ClockworkSouvenir","War Paint","Toy Ornithopter","Vajra","Omamori","Boot","Centennial Puzzle"],"potions_floor_usage":[55,55],"damage_taken":[{"damage":6.0,"enemies":"Jaw Worm","floor":1.0,"turns":5.0},{"damage":2.0,"enemies":"Cultist","floor":5.0,"turns":3.0},{"damage":15.0,"enemies":"3 Sentries","floor":7.0,"turns":3.0},{"damage":8.0,"enemies":"2 Louse","floor":11.0,"turns":2.0},{"damage":2.0,"enemies":"2 Fungi Beasts","floor":12.0,"turns":4.0},{"damage":0.0,"enemies":"3 Louse","floor":14.0,"turns":2.0},{"damage":30.0,"enemies":"Slime Boss","floor":16.0,"turns":4.0},{"damage":3.0,"enemies":"Chosen","floor":18.0,"turns":4.0},{"damage":46.0,"enemies":"Spheric Guardian","floor":21.0,"turns":6.0},{"damage":22.0,"enemies":"Gremlin Leader","floor":23.0,"turns":5.0},{"damage":11.0,"enemies":"Centurion and Healer","floor":25.0,"turns":4.0},{"damage":19.0,"enemies":"Slavers","floor":29.0,"turns":4.0},{"damage":4.0,"enemies":"Book of Stabbing","floor":31.0,"turns":5.0},{"damage":34.0,"enemies":"Collector","floor":33.0,"turns":10.0},{"damage":1.0,"enemies":"Orb Walker","floor":35.0,"turns":3.0},{"damage":14.0,"enemies":"3 Shapes","floor":38.0,"turns":6.0},{"damage":24.0,"enemies":"Reptomancer","floor":41.0,"turns":5.0},{"damage":36.0,"enemies":"2 Orb Walkers","floor":42.0,"turns":5.0},{"damage":1.0,"enemies":"Jaw Worm Horde","floor":45.0,"turns":4.0},{"damage":0.0,"enemies":"4 Shapes","floor":48.0,"turns":4.0},{"damage":28,"enemies":"Time Eater","floor":50,"turns":8},{"damage":3,"enemies":"Shield and Spear","floor":54,"turns":6},{"damage":55,"enemies":"The Heart","floor":55,"turns":7}],"seed_played":"-7077355162981832552","potions_obtained":[{"floor":11.0,"key":"Energy Potion"},{"floor":14.0,"key":"DuplicationPotion"},{"floor":21.0,"key":"StancePotion"},{"floor":29.0,"key":"Block Potion"},{"floor":38.0,"key":"GamblersBrew"},{"floor":42.0,"key":"SteroidPotion"},{"floor":54,"key":"Strength Potion"}],"is_trial":false,"path_per_floor":["M","?","?","$","M","R","E","R","T","R","M","M","R","M","R","B",null,"M","$","?","M","$","E","R","M","T","?","?","E","?","E","R","B",null,"M","?","?","M","T","R","E","?","T","?","M","R","$","M","R","B",null,"R","$","E","B",null],"character_chosen":"WATCHER","items_purchased":["Devotion","Conclude","Membership Card","AttackPotion","Dead Branch","Pantograph","ClockworkSouvenir","War Paint","Toy Ornithopter","Vajra","Omamori","LiquidBronze"],"campfire_rested":3,"item_purchase_floors":[4,4,19,22,47,47,47,47,47,47,47,53],"current_hp_per_floor":[65,70,59,59,57,57,42,42,42,42,34,32,32,32,32,2,76,73,73,73,27,27,5,27,16,16,16,41,29,29,25,49,15,83,82,82,77,63,63,63,39,3,3,3,4,29,29,31,31,28,87,87,87,84,32],"gold":49,"neow_bonus":"TEN_PERCENT_HP_BONUS","is_prod":false,"is_daily":false,"chose_seed":false,"campfire_upgraded":7,"win_rate":0,"timestamp":1568413413,"path_taken":["M","?","?","?","M","R","E","R","T","R","M","?","R","M","R","BOSS","M","$","?","M","?","E","R","M","T","?","?","E","?","E","R","BOSS","M","?","?","M","?","R","E","?","T","?","M","R","$","M","R","BOSS","R","$","E","BOSS"],"build_version":"2019-09-12","purchased_purges":3,"victory":true,"max_hp_per_floor":[71,76,76,76,76,76,76,76,76,76,76,76,76,76,76,76,76,76,76,76,76,76,76,76,76,76,76,76,83,83,83,83,83,83,83,83,83,83,83,83,83,83,83,83,85,85,85,87,87,87,87,87,87,87,87],"card_choices":[{"not_picked":["Weave","BowlingBash"],"picked":"Prostrate","floor":1.0},{"not_picked":["FollowUp","Protect"],"picked":"Devotion","floor":5.0},{"not_picked":["SpiritShield","EmptyFist"],"picked":"Ragnarok","floor":7.0},{"not_picked":["Fasting","WindmillStrike","JustLucky"],"picked":"SKIP","floor":11.0},{"not_picked":["Protect","Ragnarok"],"picked":"PathToVictory","floor":12.0},{"not_picked":["FlurryOfBlows","Weave","EmptyBody"],"picked":"SKIP","floor":14.0},{"not_picked":["ReachHeaven","Vault"],"picked":"Wallop","floor":16.0},{"not_picked":["Weave+1","JustLucky+1","ThirdEye"],"picked":"SKIP","floor":18.0},{"not_picked":["CutThroughFate","SandsOfTime"],"picked":"Consecrate","floor":21.0},{"not_picked":["Blasphemy","Judgement"],"picked":"FlurryOfBlows","floor":23.0},{"not_picked":["EmptyFist","FollowUp"],"picked":"Swivel","floor":25.0},{"not_picked":["Adaptation+1","Sanctity+1"],"picked":"Wallop","floor":29.0},{"not_picked":["WreathOfFlame","CrushJoints+1","FlyingSleeves+1"],"picked":"Prostrate+1","floor":31.0},{"not_picked":["ReachHeaven","Unraveling","BattleHymn"],"picked":"DevaForm","floor":33.0},{"not_picked":["FollowUp","InnerPeace","ClearTheMind+1"],"picked":"Clarity+1","floor":35.0},{"not_picked":["Trip","Good Instincts","Jack Of All Trades"],"picked":"Secret Technique","floor":37.0},{"not_picked":["Panacea","Purity","Swift Strike"],"picked":"Madness","floor":37.0},{"not_picked":["ClearTheMind+1","EmptyMind+1","FollowUp","EmptyBody+1"],"picked":"SKIP","floor":38.0},{"not_picked":["EmptyMind+1","Wireheading","Sanctity"],"picked":"Prostrate+1","floor":41.0},{"not_picked":["EmptyFist","CrushJoints","ThirdEye+1"],"picked":"SpiritShield","floor":42.0},{"not_picked":["FollowUp+1","Blasphemy","EmptyBody","Halt+1"],"picked":"Singing Bowl","floor":45.0},{"not_picked":["Evaluate+1","FollowUp","EmptyMind+1","Wireheading"],"picked":"Singing Bowl","floor":48.0},{"not_picked":["JustLucky","SignatureMove","Adaptation+1"],"picked":"Meditate+1","floor":54}],"player_experience":782076,"relics_obtained":[{"floor":7.0,"key":"Pen Nib"},{"floor":9.0,"key":"Bottled Lightning"},{"floor":23.0,"key":"Orichalcum"},{"floor":23.0,"key":"Whetstone"},{"floor":26.0,"key":"The Courier"},{"floor":29.0,"key":"Strawberry"},{"floor":29.0,"key":"Question Card"},{"floor":31.0,"key":"Ancient Tea Set"},{"floor":31.0,"key":"Bag of Preparation"},{"floor":39.0,"key":"Bottled Flame"},{"floor":41.0,"key":"Letter Opener"},{"floor":41.0,"key":"Singing Bowl"},{"floor":42.0,"key":"CaptainsWheel"},{"floor":54,"key":"Boot"},{"floor":54,"key":"Centennial Puzzle"}],"event_choices":[{"damage_healed":0.0,"max_hp_gain":5.0,"max_hp_loss":0.0,"gold_gain":0.0,"event_name":"Big Fish","player_choice":"Donut","floor":2.0,"gold_loss":0.0,"damage_taken":0.0},{"damage_healed":0.0,"max_hp_gain":0.0,"max_hp_loss":0.0,"gold_gain":75.0,"event_name":"World of Goop","player_choice":"Gather Gold","floor":3.0,"gold_loss":0.0,"damage_taken":11.0},{"damage_healed":0.0,"max_hp_gain":0.0,"max_hp_loss":0.0,"gold_gain":0.0,"event_name":"N\u0027loth","player_choice":"Ignored","floor":20.0,"gold_loss":0.0,"damage_taken":0.0},{"damage_healed":0.0,"max_hp_gain":0.0,"max_hp_loss":0.0,"gold_gain":0.0,"event_name":"The Mausoleum","player_choice":"Opened","floor":27.0,"gold_loss":0.0,"damage_taken":0.0,"relics_obtained":["MawBank"],"cards_obtained":["Writhe"]},{"damage_healed":25.0,"max_hp_gain":0.0,"max_hp_loss":0.0,"gold_gain":0.0,"event_name":"The Library","player_choice":"Heal","floor":28.0,"gold_loss":0.0,"damage_taken":0.0},{"cards_removed":["Strike_P"],"damage_healed":0.0,"max_hp_gain":0.0,"max_hp_loss":0.0,"gold_gain":0.0,"event_name":"Beggar","player_choice":"Gave Gold","floor":30.0,"gold_loss":75.0,"damage_taken":0.0},{"damage_healed":0.0,"max_hp_gain":0.0,"max_hp_loss":0.0,"gold_gain":0.0,"event_name":"Tomb of Lord Red Mask","player_choice":"Ignored","floor":36.0,"gold_loss":0.0,"damage_taken":0.0},{"damage_healed":0.0,"max_hp_gain":0.0,"max_hp_loss":0.0,"gold_gain":0.0,"event_name":"SensoryStone","player_choice":"Memory 2","floor":37.0,"gold_loss":0.0,"damage_taken":5.0},{"damage_healed":0.0,"max_hp_gain":0.0,"max_hp_loss":0.0,"gold_gain":0.0,"event_name":"Mysterious Sphere","player_choice":"Fight","floor":42.0,"gold_loss":0.0,"damage_taken":0.0},{"damage_healed":0.0,"max_hp_gain":0.0,"max_hp_loss":0.0,"gold_gain":100.0,"event_name":"Golden Shrine","player_choice":"Pray","floor":44.0,"gold_loss":0.0,"damage_taken":0.0}],"is_beta":true,"boss_relics":[{"not_picked":["Cursed Key","Fusion Hammer"],"picked":"Black Star"},{"not_picked":["Philosopher\u0027s Stone","Empty Cage"],"picked":"Runic Pyramid"}],"items_purged_floors":[4,19,47],"is_endless":false,"potions_floor_spawned":[11,14,21,29,38,42,54],"ascension_level":2}