{"gold_per_floor":[109,124,141,141,19,19,19,19,71,85,85,85,100,119,119,215,215,228,228,243,255,255],"floor_reached":22,"playtime":1329,"items_purged":["Strike_G"],"score":223,"play_id":"ad5fd94d-bdac-408c-bb40-a0bfac396214","local_time":"20190908194249","is_ascension_mode":true,"campfire_choices":[{"data":"Noxious Fumes","floor":6,"key":"SMITH"},{"data":"Neutralize","floor":8,"key":"SMITH"},{"data":"Leg Sweep","floor":15,"key":"SMITH"}],"neow_cost":"NONE","seed_source_timestamp":32013546752600,"circlet_count":0,"master_deck":["Strike_G+1","Strike_G","Defend_G","Defend_G+1","Defend_G","Defend_G","Defend_G","Survivor","Neutralize+1","Noxious Fumes+1","Leg Sweep+1","Deadly Poison","Backflip","Tactician","Venomology","Dodge and Roll","Catalyst","Acrobatics"],"relics":["Ring of the Serpent","Bronze Scales"],"potions_floor_usage":[16,16,16,18,21,21],"damage_taken":[{"damage":0,"enemies":"2 Louse","floor":1,"turns":3},{"damage":0,"enemies":"Jaw Worm","floor":2,"turns":5},{"damage":0,"enemies":"Cultist","floor":3,"turns":5},{"damage":0,"enemies":"Large Slime","floor":10,"turns":6},{"damage":0,"enemies":"2 Fungi Beasts","floor":13,"turns":3},{"damage":3,"enemies":"Looter","floor":14,"turns":3},{"damage":38,"enemies":"Slime Boss","floor":16,"turns":12},{"damage":8,"enemies":"Spheric Guardian","floor":18,"turns":7},{"damage":2,"enemies":"Chosen","floor":20,"turns":6},{"damage":13,"enemies":"3 Cultists","floor":21,"turns":7},{"damage":2,"enemies":"Snecko","floor":22,"turns":6}],"seed_played":"-7107422893567867610","potions_obtained":[{"floor":2,"key":"Strength Potion"},{"floor":3,"key":"Block Potion"},{"floor":13,"key":"Block Potion"},{"floor":18,"key":"Swift Potion"}],"is_trial":false,"path_per_floor":["M","M","M","?","$","R","?","R","T","M","$","?","M","M","R","B",null,"M","?","M","M","M"],"character_chosen":"THE_SILENT","items_purchased":["Backflip"],"campfire_rested":0,"item_purchase_floors":[5],"current_hp_per_floor":[70,70,70,56,56,56,49,49,49,49,49,70,70,67,67,29,60,52,52,50,37,35],"gold":255,"neow_bonus":"REMOVE_CARD","is_prod":false,"is_daily":false,"chose_seed":false,"campfire_upgraded":3,"win_rate":0,"timestamp":1567968169,"path_taken":["M","M","M","?","$","R","?","R","T","?","?","?","M","M","R","BOSS","M","?","M","M","M"],"build_version":"2019-08-26","purchased_purges":1,"victory":false,"max_hp_per_floor":[70,70,70,70,70,70,70,70,70,70,70,70,70,70,70,70,70,70,70,70,70,70],"card_choices":[{"not_picked":["Deflect","Infinite Blades"],"picked":"Noxious Fumes","floor":1},{"not_picked":["Choke","Sucker Punch"],"picked":"Leg Sweep","floor":2},{"not_picked":["Flying Knee","Dodge and Roll"],"picked":"Deadly Poison","floor":3},{"not_picked":["Flying Knee","PiercingWail","Underhanded Strike"],"picked":"SKIP","floor":10},{"not_picked":["Setup","Finisher"],"picked":"Tactician","floor":13},{"not_picked":["PiercingWail","Poisoned Stab","Quick Slash"],"picked":"SKIP","floor":14},{"not_picked":["Malaise","Burst"],"picked":"Venomology","floor":16},{"not_picked":["Bane","Masterful Stab"],"picked":"Dodge and Roll","floor":18},{"not_picked":["Accuracy","Blade Dance+1"],"picked":"Catalyst","floor":20},{"not_picked":["Bane","Setup"],"picked":"Acrobatics","floor":21}],"player_experience":186849,"relics_obtained":[{"floor":9,"key":"Bronze Scales"}],"event_choices":[{"damage_healed":0,"gold_gain":0,"player_choice":"Entered Light","damage_taken":14,"max_hp_gain":0,"max_hp_loss":0,"event_name":"Shining Light","floor":4,"gold_loss":0,"cards_upgraded":["Strike_G","Defend_G"]},{"cards_removed":["Strike_G"],"damage_healed":0,"gold_gain":0,"player_choice":"Card Removal","damage_taken":7,"max_hp_gain":0,"max_hp_loss":0,"event_name":"Golden Wing","floor":7,"gold_loss":0},{"damage_healed":23,"gold_gain":0,"player_choice":"Banana","damage_taken":0,"max_hp_gain":0,"max_hp_loss":0,"event_name":"Big Fish","floor":12,"gold_loss":0}],"is_beta":true,"boss_relics":[{"not_picked":["Coffee Dripper","Velvet Choker"],"picked":"Ring of the Serpent"}],"items_purged_floors":[5],"is_endless":false,"potions_floor_spawned":[2,3,13,18],"killed_by":"Snecko","ascension_level":5}