{"gold_per_floor":[117,137,13,188,62,62,100,65,88,88,125,125,147,162,162,274,274,274,52,52,52,52,52,52,52,52,52,52,52,52,52,52,52,52,52,52,4,4,4,4,4,4,4,4,4,4,4,4,4,4],"floor_reached":51,"playtime":1588,"items_purged":["Pain","Doubt","Strike_G"],"score":1129,"play_id":"2a7d9d9e-6f7d-4f63-bc26-594366623cef","local_time":"20190917062258","is_ascension_mode":true,"campfire_choices":[{"data":"1","floor":6.0,"key":"LIFT"},{"data":"2","floor":10.0,"key":"LIFT"},{"data":"3","floor":12.0,"key":"LIFT"},{"data":"Cloak And Dagger","floor":15.0,"key":"SMITH"},{"data":"Phantasmal Killer","floor":23.0,"key":"SMITH"},{"data":"Neutralize","floor":27.0,"key":"SMITH"},{"floor":30.0,"key":"REST"},{"data":"Well Laid Plans","floor":32.0,"key":"SMITH"},{"data":"Footwork","floor":40.0,"key":"SMITH"},{"floor":42,"key":"REST"},{"data":"Dagger Spray","floor":46,"key":"SMITH"},{"data":"Footwork","floor":49,"key":"SMITH"}],"neow_cost":"CURSE","seed_source_timestamp":262372011293366,"circlet_count":0,"master_deck":["AscendersBane","Strike_G","Defend_G","Defend_G","Defend_G","Defend_G","Defend_G","Survivor","Neutralize+1","Dagger Spray+1","Blade Dance","Backflip","Endless Agony","Footwork+1","Cloak And Dagger+1","Phantasmal Killer+1","Outmaneuver","Quick Slash","Well Laid Plans+1","RitualDagger","Quick Slash","Infinite Blades+1","Leg Sweep+1","Accuracy+1","Dodge and Roll","Cloak And Dagger+1","After Image","Footwork+1"],"special_seed":0,"relics":["Ring of the Snake","Girya","CeramicFish","Bronze Scales","Matryoshka","Ectoplasm","Bag of Marbles","Blood Vial","Bottled Flame","MealTicket","Empty Cage","Akabeko","Pen Nib","Bottled Lightning"],"potions_floor_usage":[48,50],"damage_taken":[{"damage":3.0,"enemies":"Cultist","floor":1.0,"turns":4.0},{"damage":11.0,"enemies":"Small Slimes","floor":2.0,"turns":4.0},{"damage":16.0,"enemies":"Gremlin Nob","floor":7.0,"turns":4.0},{"damage":12.0,"enemies":"3 Sentries","floor":11.0,"turns":5.0},{"damage":0.0,"enemies":"2 Louse","floor":13.0,"turns":1.0},{"damage":5.0,"enemies":"Large Slime","floor":14.0,"turns":4.0},{"damage":21.0,"enemies":"Hexaghost","floor":16.0,"turns":10.0},{"damage":1.0,"enemies":"Chosen","floor":18.0,"turns":3.0},{"damage":0.0,"enemies":"Spheric Guardian","floor":22.0,"turns":3.0},{"damage":3.0,"enemies":"3 Cultists","floor":24.0,"turns":3.0},{"damage":0.0,"enemies":"Gremlin Leader","floor":25.0,"turns":5.0},{"damage":16.0,"enemies":"Slavers","floor":28.0,"turns":3.0},{"damage":28.0,"enemies":"Automaton","floor":33.0,"turns":9.0},{"damage":24.0,"enemies":"3 Darklings","floor":35.0,"turns":6.0},{"damage":4.0,"enemies":"Orb Walker","floor":36.0,"turns":3.0},{"damage":9.0,"enemies":"Transient","floor":39.0,"turns":5.0},{"damage":9,"enemies":"Reptomancer","floor":41,"turns":5},{"damage":0,"enemies":"Sphere and 2 Shapes","floor":44,"turns":3},{"damage":0,"enemies":"Spire Growth","floor":45,"turns":2},{"damage":3,"enemies":"Jaw Worm Horde","floor":48,"turns":3},{"damage":30,"enemies":"Awakened One","floor":50,"turns":14}],"seed_played":"-3249611691497512123","potions_obtained":[{"floor":7.0,"key":"Energy Potion"},{"floor":13.0,"key":"Weak Potion"},{"floor":22.0,"key":"DuplicationPotion"},{"floor":28.0,"key":"Dexterity Potion"},{"floor":36.0,"key":"FearPotion"},{"floor":39.0,"key":"Energy Potion"},{"floor":48,"key":"SneckoOil"}],"is_trial":false,"path_per_floor":["M","M","$","?","$","R","E","?","T","R","E","R","M","M","R","B",null,"M","$","?","?","M","R","M","E","T","R","E","?","R","?","R","B",null,"M","M","$","?","M","R","E","R","T","M","M","R","$","M","R","B",null],"character_chosen":"THE_SILENT","items_purchased":["SteroidPotion","Backflip","Quick Slash","Well Laid Plans","Block Potion"],"campfire_rested":2,"item_purchase_floors":[3,5,19,19,37],"current_hp_per_floor":[60,49,49,49,49,49,33,50,50,50,38,38,38,33,33,12,56,55,55,49,49,49,49,46,46,46,46,32,19,41,41,41,15,60,38,36,51,51,44,44,37,59,59,61,63,63,75,72,72,44],"gold":4,"neow_bonus":"ONE_RARE_RELIC","is_prod":false,"is_daily":false,"chose_seed":false,"campfire_upgraded":7,"win_rate":0,"timestamp":1568726578,"path_taken":["M","M","?","?","$","R","E","?","T","R","E","R","M","M","R","BOSS","M","$","?","?","?","R","M","E","T","R","E","?","R","?","R","BOSS","M","M","$","?","M","R","E","R","T","M","M","R","$","M","R","BOSS"],"build_version":"2019-09-16v2","purchased_purges":3,"victory":true,"max_hp_per_floor":[70,70,70,70,70,70,70,70,70,70,70,70,70,70,70,70,70,70,70,70,70,70,70,70,70,70,70,70,75,75,75,75,75,75,75,75,75,75,75,75,75,75,75,75,75,75,75,75,75,75],"card_choices":[{"not_picked":["Underhanded Strike","Choke"],"picked":"Dagger Spray","floor":1.0},{"not_picked":["Flying Knee","Setup"],"picked":"Blade Dance","floor":2.0},{"not_picked":["Bane","Deadly Poison"],"picked":"Endless Agony","floor":7.0},{"not_picked":["Dodge and Roll","Prepared"],"picked":"Footwork","floor":11.0},{"not_picked":["Catalyst","PiercingWail"],"picked":"Cloak And Dagger","floor":13.0},{"not_picked":["Choke","Blade Dance","Acrobatics"],"picked":"SKIP","floor":14.0},{"not_picked":["A Thousand Cuts","Bullet Time"],"picked":"Phantasmal Killer","floor":16.0},{"not_picked":["Concentrate","Dagger Spray+1"],"picked":"Outmaneuver","floor":18.0},{"not_picked":["Deadly Poison","Flying Knee","Deflect"],"picked":"SKIP","floor":22.0},{"not_picked":["Reflex","Prepared"],"picked":"Quick Slash","floor":24.0},{"not_picked":["PiercingWail","Eviscerate","Burst"],"picked":"SKIP","floor":25.0},{"not_picked":["Outmaneuver+1","Slice"],"picked":"Infinite Blades+1","floor":28.0},{"not_picked":["Noxious Fumes+1","Sucker Punch+1"],"picked":"Leg Sweep+1","floor":35.0},{"not_picked":["Quick Slash","Deflect+1"],"picked":"Accuracy+1","floor":36.0},{"not_picked":["Dagger Throw+1","Concentrate"],"picked":"Dodge and Roll","floor":39.0},{"not_picked":["Blur","Deadly Poison"],"picked":"Cloak And Dagger+1","floor":41},{"not_picked":["Cloak And Dagger+1","Noxious Fumes+1","Concentrate"],"picked":"SKIP","floor":44},{"not_picked":["Catalyst","Underhanded Strike+1"],"picked":"After Image","floor":45},{"not_picked":["Acrobatics","Slice"],"picked":"Footwork","floor":48}],"player_experience":648511,"relics_obtained":[{"floor":7.0,"key":"CeramicFish"},{"floor":9.0,"key":"Bronze Scales"},{"floor":11.0,"key":"Matryoshka"},{"floor":25.0,"key":"Bag of Marbles"},{"floor":26.0,"key":"Blood Vial"},{"floor":26.0,"key":"Bottled Flame"},{"floor":28.0,"key":"MealTicket"},{"floor":41,"key":"Akabeko"},{"floor":43,"key":"Pen Nib"},{"floor":43,"key":"Bottled Lightning"}],"event_choices":[{"damage_healed":0.0,"max_hp_gain":0.0,"max_hp_loss":0.0,"gold_gain":175.0,"event_name":"Liars Game","player_choice":"AGREE","floor":4.0,"gold_loss":0.0,"damage_taken":0.0,"cards_obtained":["Doubt"]},{"damage_healed":17.0,"max_hp_gain":0.0,"max_hp_loss":0.0,"gold_gain":0.0,"event_name":"The Cleric","player_choice":"Healed","floor":8.0,"gold_loss":35.0,"damage_taken":0.0},{"damage_healed":0.0,"max_hp_gain":0.0,"max_hp_loss":0.0,"gold_gain":0.0,"event_name":"Nest","player_choice":"Joined the Cult","floor":20.0,"gold_loss":0.0,"damage_taken":6.0,"cards_obtained":["RitualDagger"]},{"damage_healed":0.0,"max_hp_gain":0.0,"max_hp_loss":0.0,"gold_gain":0.0,"event_name":"FaceTrader","player_choice":"Leave","floor":21.0,"gold_loss":0.0,"damage_taken":0.0},{"damage_healed":0.0,"max_hp_gain":5.0,"max_hp_loss":0.0,"gold_gain":0.0,"event_name":"Forgotten Altar","player_choice":"Shed Blood","floor":29.0,"gold_loss":0.0,"damage_taken":18.0},{"damage_healed":0.0,"max_hp_gain":0.0,"max_hp_loss":0.0,"gold_gain":0.0,"event_name":"The Mausoleum","player_choice":"Ignored","floor":31.0,"gold_loss":0.0,"damage_taken":0.0},{"cards_removed":["Strike_G"],"damage_healed":0.0,"max_hp_gain":0.0,"max_hp_loss":0.0,"gold_gain":0.0,"event_name":"Purifier","player_choice":"Purged","floor":38.0,"gold_loss":0.0,"damage_taken":0.0}],"is_beta":true,"boss_relics":[{"not_picked":["Ring of the Serpent","Astrolabe"],"picked":"Ectoplasm"},{"not_picked":["Coffee Dripper","Snecko Eye"],"picked":"Empty Cage"}],"items_purged_floors":[3,5,19],"is_endless":false,"potions_floor_spawned":[7,13,16,22,24,28,36,39,41,48],"ascension_level":11}