{"gold_per_floor":[111,126,126,138,157,157,183,183,183,203,53,66,66,76,76,173,173,187,187,207,218,14,14,26,26,53,67,67,84,84,118,118,221,221,234,134,134,134,134,134,146,165,215,226,226],"floor_reached":45,"playtime":2421,"items_purged":["Strike_G","Strike_G"],"score":593,"play_id":"18611b44-5ba6-49e4-b301-4d4d09088cb8","local_time":"20190823014541","is_ascension_mode":true,"campfire_choices":[{"data":"Noxious Fumes","floor":6.0,"key":"SMITH"},{"floor":8.0,"key":"REST"},{"data":"Eviscerate","floor":13.0,"key":"SMITH"},{"data":"Neutralize","floor":15.0,"key":"SMITH"},{"data":"Malaise","floor":23.0,"key":"SMITH"},{"data":"Caltrops","floor":25.0,"key":"SMITH"},{"data":"Noxious Fumes","floor":28.0,"key":"SMITH"},{"floor":32.0,"key":"REST"},{"data":"After Image","floor":40,"key":"SMITH"}],"neow_cost":"NONE","seed_source_timestamp":711066502923000,"circlet_count":0,"master_deck":["Defend_G","Defend_G","Defend_G","Defend_G","Defend_G","Survivor","Neutralize+1","Choke","Predator","Noxious Fumes+1","Corpse Explosion","PiercingWail","Eviscerate+1","Caltrops+1","Malaise+1","Bane+1","Cloak And Dagger+1","Underhanded Strike+1","Noxious Fumes+1","After Image+1","Die Die Die","Cloak And Dagger+1","Bane+1","Burst+1","Predator","Blur+1"],"special_seed":0,"relics":["Snecko Eye","CultistMask","Bronze Scales","Darkstone Periapt","Velvet Choker","Lee\u0027s Waffle","Pen Nib","Paper Crane","theFactory:Remembrance","Bag of Preparation"],"potions_floor_usage":[44,45,45],"damage_taken":[{"damage":0.0,"enemies":"2 Louse","floor":1.0,"turns":3.0},{"damage":1.0,"enemies":"Cultist","floor":2.0,"turns":4.0},{"damage":7.0,"enemies":"Small Slimes","floor":4.0,"turns":3.0},{"damage":6.0,"enemies":"2 Fungi Beasts","floor":5.0,"turns":3.0},{"damage":23.0,"enemies":"Lagavulin","floor":7.0,"turns":7.0},{"damage":3.0,"enemies":"Looter","floor":10.0,"turns":2.0},{"damage":0.0,"enemies":"Large Slime","floor":12.0,"turns":4.0},{"damage":0.0,"enemies":"Exordium Thugs","floor":14.0,"turns":2.0},{"damage":4.0,"enemies":"The Guardian","floor":16.0,"turns":8.0},{"damage":0.0,"enemies":"3 Byrds","floor":18.0,"turns":1.0},{"damage":6.0,"enemies":"Chosen","floor":20.0,"turns":4.0},{"damage":19.0,"enemies":"Centurion and Healer","floor":21.0,"turns":3.0},{"damage":6.0,"enemies":"Shelled Parasite and Fungi","floor":24.0,"turns":5.0},{"damage":2.0,"enemies":"Chosen and Byrds","floor":27.0,"turns":3.0},{"damage":15.0,"enemies":"Centurion and Healer","floor":29.0,"turns":2.0},{"damage":17.0,"enemies":"Slavers","floor":31.0,"turns":2.0},{"damage":31.0,"enemies":"Collector","floor":33.0,"turns":7.0},{"damage":0.0,"enemies":"theFactory:BigBot","floor":35.0,"turns":3.0},{"damage":6,"enemies":"theFactory:4_Mini-Bots","floor":41,"turns":3},{"damage":27,"enemies":"theFactory:Personnel_and_Big_Bot","floor":42,"turns":8},{"damage":30,"enemies":"theFactory:Personnel_and_Mini-Bots","floor":44,"turns":6},{"damage":2,"enemies":"theFactory:Big_Bot_Bundle","floor":45,"turns":3}],"seed_played":"8349102227706801396","potions_obtained":[{"floor":1.0,"key":"Explosive Potion"},{"floor":4.0,"key":"FearPotion"},{"floor":5.0,"key":"Energy Potion"},{"floor":7.0,"key":"Block Potion"},{"floor":18.0,"key":"EssenceOfSteel"},{"floor":21.0,"key":"Explosive Potion"},{"floor":35.0,"key":"Poison Potion"},{"floor":42,"key":"GhostInAJar"},{"floor":44,"key":"PowerPotion"}],"is_trial":false,"path_per_floor":["M","M","?","M","M","R","E","R","T","M","$","M","R","M","R","B",null,"M","?","M","M","$","R","M","R","T","M","R","M","?","E","R","B",null,"M","$","?","?","?","R","M","M","T","M","M"],"character_chosen":"THE_SILENT","items_purchased":["Eviscerate","Lee\u0027s Waffle"],"campfire_rested":2,"item_purchase_floors":[11,22],"current_hp_per_floor":[63,62,62,55,49,49,26,47,47,44,44,44,44,44,44,40,63,63,63,57,38,77,77,71,71,71,69,69,54,54,37,60,29,65,65,65,65,65,65,65,59,32,32,2,0],"gold":226,"neow_bonus":"BOSS_RELIC","is_prod":false,"is_daily":false,"chose_seed":false,"campfire_upgraded":7,"win_rate":0,"timestamp":1566549941,"path_taken":["M","M","?","M","?","R","E","R","T","M","$","M","R","M","R","BOSS","M","?","M","M","$","R","M","R","T","M","R","M","?","E","R","BOSS","M","$","?","?","?","R","M","M","T","M","?"],"build_version":"2019-07-17","purchased_purges":2,"victory":false,"max_hp_per_floor":[70,70,70,70,70,70,70,70,70,70,70,70,70,70,70,70,70,70,70,70,70,77,77,77,77,77,77,77,77,77,77,77,77,77,77,77,77,77,77,77,77,77,77,77,77],"card_choices":[{"not_picked":["Flying Knee","Dodge and Roll"],"picked":"Choke","floor":1.0},{"not_picked":["Flechettes","Slice"],"picked":"Predator","floor":2.0},{"not_picked":["All Out Attack","Escape Plan","Flying Knee"],"picked":"SKIP","floor":4.0},{"not_picked":["Finisher","Flying Knee"],"picked":"Noxious Fumes","floor":5.0},{"not_picked":["Crippling Poison","Deadly Poison"],"picked":"Corpse Explosion","floor":7.0},{"not_picked":["Blade Dance","Dagger Spray"],"picked":"PiercingWail","floor":10.0},{"not_picked":["Outmaneuver","Deflect"],"picked":"Caltrops","floor":12.0},{"not_picked":["Blade Dance","Burst","Slice"],"picked":"SKIP","floor":14.0},{"not_picked":["Unload","Adrenaline"],"picked":"Malaise","floor":16.0},{"not_picked":["Flying Knee","Quick Slash"],"picked":"Bane+1","floor":18.0},{"not_picked":["Dagger Throw","Acrobatics"],"picked":"Cloak And Dagger+1","floor":20.0},{"not_picked":["Deflect","Reflex","Slice+1"],"picked":"SKIP","floor":21.0},{"not_picked":["Poisoned Stab","Sucker Punch"],"picked":"Underhanded Strike+1","floor":24.0},{"not_picked":["Deflect+1","Outmaneuver"],"picked":"Noxious Fumes","floor":27.0},{"not_picked":["Predator","Catalyst"],"picked":"After Image","floor":29.0},{"not_picked":["Deadly Poison","Finisher","Slice"],"picked":"SKIP","floor":31.0},{"not_picked":["Grand Finale","Doppelganger"],"picked":"Die Die Die","floor":33.0},{"not_picked":["Blade Dance","Bane+1","Outmaneuver"],"picked":"SKIP","floor":35.0},{"not_picked":["Blade Dance","Blur"],"picked":"Predator","floor":41},{"not_picked":["Quick Slash","Backstab+1"],"picked":"Blur+1","floor":42},{"not_picked":["Blade Dance+1","Underhanded Strike","Masterful Stab"],"picked":"SKIP","floor":44}],"player_experience":1313381,"relics_obtained":[{"floor":7.0,"key":"Bronze Scales"},{"floor":9.0,"key":"Darkstone Periapt"},{"floor":26.0,"key":"Pen Nib"},{"floor":31.0,"key":"Paper Crane"},{"floor":43,"key":"Bag of Preparation"}],"event_choices":[{"damage_healed":0.0,"max_hp_gain":0.0,"max_hp_loss":0.0,"gold_gain":0.0,"event_name":"FaceTrader","player_choice":"Trade","floor":3.0,"gold_loss":0.0,"damage_taken":0.0,"relics_obtained":["CultistMask"]},{"damage_healed":0.0,"max_hp_gain":0.0,"max_hp_loss":0.0,"gold_gain":0.0,"event_name":"Vampires","player_choice":"Ignored","floor":19.0,"gold_loss":0.0,"damage_taken":0.0},{"damage_healed":0.0,"max_hp_gain":0.0,"max_hp_loss":0.0,"gold_gain":0.0,"event_name":"Ghosts","player_choice":"Ignored","floor":30.0,"gold_loss":0.0,"damage_taken":0.0}],"is_beta":false,"boss_relics":[{"not_picked":["Empty Cage","Runic Pyramid"],"picked":"Velvet Choker"},{"not_picked":["HoveringKite","Lizard Tail"],"picked":"Astrolabe"}],"items_purged_floors":[11,36],"is_endless":false,"potions_floor_spawned":[1,4,5,7,10,18,21,27,29,35,42,44],"killed_by":"theFactory:Big_Bot_Bundle","ascension_level":7}