{"gold_per_floor":[20,39,39,39,54,79,90,120,120,140,150,165,197,214,214,317,317,331,331,33,50,50,78,97,116,116,130,144,144,170,184,184,289,289,302,302,314,314,360,394,394,429,476,476,124,139,153,1,1,1],"floor_reached":51,"playtime":3329,"items_purged":["Writhe"],"score":881,"play_id":"a56eeff7-d9cc-45e5-9d46-7fd3c326625d","local_time":"20180825124237","is_ascension_mode":true,"campfire_choices":[{"data":"Pommel Strike","floor":15,"key":"SMITH"},{"data":"Corruption","floor":32,"key":"SMITH"},{"floor":41,"key":"REST"},{"data":"Madness","floor":44,"key":"SMITH"},{"floor":49,"key":"REST"}],"neow_cost":"NO_GOLD","seed_source_timestamp":842505468912900,"circlet_count":0,"master_deck":["Strike_R","Strike_R","Strike_R","Strike_R","Defend_R","Defend_R","Defend_R","Defend_R+1","Bash+1","Spot Weakness","Burning Pact","Reaper+1","Ghostly Armor","Pommel Strike+1","Shrug It Off","Ghostly Armor","Whirlwind","Shrug It Off","Twin Strike","Demon Form","Immolate","Intimidate","Corruption+1","Armaments","Clash+1","Iron Wave+1","Feel No Pain","Clumsy","Sword Boomerang+1","Writhe","Havoc+1","Feed","Iron Wave+1","Madness+1","Madness+1","Sword Boomerang+1","Bandage Up","Blind","Heavy Blade","Apotheosis","Metallicize","Sword Boomerang+1"],"relics":["Burning Blood","Champion Belt","Happy Flower","Whetstone","Singing Bowl","Gambling Chip","Cursed Key","Chemical X","Thread and Needle","Orichalcum","Bag of Preparation","Potion Belt","Busted Crown","Shovel","Centennial Puzzle","Ancient Tea Set","War Paint","Vajra"],"potions_floor_usage":[16,16,23,24,25,39,39,39,40,42,50],"damage_taken":[{"damage":15,"enemies":"2 Louse","floor":1,"turns":3},{"damage":2,"enemies":"Jaw Worm","floor":2,"turns":3},{"damage":10,"enemies":"Small Slimes","floor":5,"turns":4},{"damage":45,"enemies":"3 Sentries","floor":6,"turns":11},{"damage":1,"enemies":"Looter","floor":7,"turns":3},{"damage":36,"enemies":"Gremlin Nob","floor":8,"turns":5},{"damage":16,"enemies":"Exordium Thugs","floor":10,"turns":7},{"damage":6,"enemies":"Blue Slaver","floor":11,"turns":6},{"damage":1,"enemies":"2 Fungi Beasts","floor":12,"turns":4},{"damage":21,"enemies":"3 Sentries","floor":13,"turns":7},{"damage":4,"enemies":"3 Louse","floor":14,"turns":4},{"damage":20,"enemies":"Hexaghost","floor":16,"turns":7},{"damage":0,"enemies":"Chosen","floor":18,"turns":4},{"damage":16,"enemies":"Spheric Guardian","floor":21,"turns":4},{"damage":65,"enemies":"Gremlin Leader","floor":23,"turns":6},{"damage":11,"enemies":"Shelled Parasite and Fungi","floor":24,"turns":4},{"damage":0,"enemies":"3 Cultists","floor":25,"turns":4},{"damage":0,"enemies":"Snecko","floor":27,"turns":5},{"damage":13,"enemies":"Snake Plant","floor":28,"turns":6},{"damage":34,"enemies":"Slavers","floor":30,"turns":4},{"damage":2,"enemies":"Centurion and Healer","floor":31,"turns":8},{"damage":5,"enemies":"Collector","floor":33,"turns":7},{"damage":21,"enemies":"Orb Walker","floor":35,"turns":5},{"damage":5,"enemies":"3 Darklings","floor":37,"turns":5},{"damage":46,"enemies":"Mysterious Sphere","floor":39,"turns":7},{"damage":46,"enemies":"Giant Head","floor":40,"turns":7},{"damage":22,"enemies":"2 Orb Walkers","floor":42,"turns":5},{"damage":13,"enemies":"Spire Growth","floor":46,"turns":4},{"damage":20,"enemies":"Maw","floor":47,"turns":7},{"damage":10,"enemies":"Awakened One","floor":50,"turns":7}],"seed_played":"-4816864019662183116","potions_obtained":[{"floor":5,"key":"BloodPotion"},{"floor":7,"key":"Weak Potion"},{"floor":8,"key":"FearPotion"},{"floor":14,"key":"LiquidBronze"},{"floor":16,"key":"Swift Potion"},{"floor":21,"key":"Regen Potion"},{"floor":27,"key":"Dexterity Potion"},{"floor":30,"key":"Swift Potion"},{"floor":31,"key":"Block Potion"},{"floor":37,"key":"AttackPotion"},{"floor":39,"key":"FearPotion"},{"floor":40,"key":"FearPotion"},{"floor":47,"key":"Energy Potion"}],"is_trial":false,"path_per_floor":["M","M","?","?","M","E","M","E","T","M","M","M","E","M","R","B",null,"M","?","$","M","?","E","M","M","T","M","M","?","E","M","R","B",null,"M","?","M","?","?","E","R","E","T","R","$","M","M","$","R","B"],"character_chosen":"IRONCLAD","items_purchased":["Chemical X","Corruption","Armaments","Apotheosis","Metallicize","Vajra"],"campfire_rested":2,"item_purchase_floors":[20,20,20,45,45,48],"current_hp_per_floor":[71,75,75,80,79,66,71,51,51,51,55,76,75,77,77,80,80,80,80,80,72,72,21,28,55,55,68,63,63,37,86,86,86,86,71,60,75,67,54,18,45,45,45,45,45,40,30,30,58,78],"gold":1,"neow_bonus":"ONE_RARE_RELIC","is_prod":false,"is_daily":false,"chose_seed":false,"campfire_upgraded":3,"win_rate":0,"timestamp":1535226157,"path_taken":["M","M","?","?","M","E","M","E","T","M","M","?","E","M","R","BOSS","M","?","$","?","?","E","M","?","T","M","M","?","E","M","R","BOSS","M","?","M","?","?","E","R","E","T","R","$","M","M","$","R","BOSS"],"build_version":"2018-08-23v2","purchased_purges":1,"victory":true,"max_hp_per_floor":[80,80,80,80,80,80,80,80,80,80,80,80,80,80,80,80,80,80,80,80,82,82,82,82,82,82,82,84,84,86,86,86,86,86,86,86,86,88,90,90,90,92,92,92,92,94,94,94,94,94],"card_choices":[{"not_picked":["Perfected Strike","Twin Strike"],"picked":"Spot Weakness","floor":1},{"not_picked":["Rupture","Clash"],"picked":"Burning Pact","floor":2},{"not_picked":["Thunderclap","Perfected Strike"],"picked":"Ghostly Armor","floor":5},{"not_picked":["Anger","Power Through"],"picked":"Pommel Strike","floor":6},{"not_picked":["Dual Wield","Clash","Rupture"],"picked":"SKIP","floor":7},{"not_picked":["Havoc","Bludgeon"],"picked":"Shrug It Off","floor":8},{"not_picked":["Wild Strike","Clash"],"picked":"Ghostly Armor","floor":10},{"not_picked":["Pommel Strike","Havoc"],"picked":"Whirlwind","floor":11},{"not_picked":["Wild Strike","Flame Barrier"],"picked":"Shrug It Off","floor":12},{"not_picked":["Searing Blow","Shrug It Off"],"picked":"Twin Strike","floor":13},{"not_picked":["True Grit","Twin Strike"],"picked":"Demon Form","floor":14},{"not_picked":["Offering","Demon Form"],"picked":"Immolate","floor":16},{"not_picked":["Clash","Wild Strike+1"],"picked":"Intimidate","floor":18},{"not_picked":["Body Slam","Evolve+1","Perfected Strike"],"picked":"Singing Bowl","floor":21},{"not_picked":["Armaments","Pommel Strike"],"picked":"Clash+1","floor":23},{"not_picked":["Wild Strike","Body Slam"],"picked":"Iron Wave+1","floor":24},{"not_picked":["Shrug It Off","Thunderclap"],"picked":"Feel No Pain","floor":25},{"not_picked":["Flex","Cleave"],"picked":"Sword Boomerang+1","floor":27},{"not_picked":["Clothesline","Wild Strike","Berserk"],"picked":"Singing Bowl","floor":28},{"not_picked":["Corruption","Burning Pact","Rupture"],"picked":"Singing Bowl","floor":30},{"not_picked":["Thunderclap","Reckless Charge+1"],"picked":"Havoc+1","floor":31},{"not_picked":["Exhume","Brutality"],"picked":"Feed","floor":33},{"not_picked":[],"picked":"Iron Wave+1","floor":35},{"not_picked":[],"picked":"Sword Boomerang+1","floor":37},{"not_picked":[],"picked":"Bandage Up","floor":38},{"not_picked":[],"picked":"Blind","floor":38},{"not_picked":["Deep Breath"],"picked":"Singing Bowl","floor":38},{"not_picked":["Uppercut"],"picked":"Singing Bowl","floor":39},{"not_picked":[],"picked":"Heavy Blade","floor":40},{"not_picked":["Searing Blow+1"],"picked":"Singing Bowl","floor":42},{"not_picked":["Corruption+1"],"picked":"Singing Bowl","floor":46},{"not_picked":[],"picked":"Sword Boomerang+1","floor":47}],"player_experience":256085,"relics_obtained":[{"floor":6,"key":"Happy Flower"},{"floor":8,"key":"Whetstone"},{"floor":9,"key":"Singing Bowl"},{"floor":13,"key":"Gambling Chip"},{"floor":23,"key":"Thread and Needle"},{"floor":26,"key":"Orichalcum"},{"floor":30,"key":"Potion Belt"},{"floor":39,"key":"Shovel"},{"floor":40,"key":"Centennial Puzzle"},{"floor":42,"key":"Ancient Tea Set"},{"floor":43,"key":"War Paint"}],"event_choices":[{"event_name":"Living Wall","player_choice":"Change","floor":3,"damage_taken":0},{"event_name":"Wheel of Change","player_choice":"Full Heal","floor":4,"damage_taken":0},{"event_name":"Ghosts","player_choice":"Ignored","floor":19,"damage_taken":0},{"event_name":"Beggar","player_choice":"Ignored","floor":22,"damage_taken":0},{"event_name":"The Mausoleum","player_choice":"Yes","floor":29,"damage_taken":0},{"event_name":"Winding Halls","player_choice":"Embrace Madness","floor":36,"damage_taken":0},{"event_name":"SensoryStone","player_choice":"Memory 3","floor":38,"damage_taken":0},{"event_name":"Mysterious Sphere","player_choice":"Fight","floor":39,"damage_taken":0}],"is_beta":false,"boss_relics":[{"not_picked":["Eternal Feather","Tiny House"],"picked":"Cursed Key"},{"not_picked":["Runic Pyramid","Pandora\u0027s Box"],"picked":"Busted Crown"}],"items_purged_floors":[45],"is_endless":false,"potions_floor_spawned":[5,7,8,13,14,16,21,27,30,31,37,39,40,47],"ascension_level":3}