{"gold_per_floor":[109,109,109,130,149,192,192,211,211,211,176,201,222,261,261,380,380,370,388,148,171,171,171,181,198,198,198,224,235,34,54,54,159,209,224,25,42,60,0,30,42,77,157,157,190,190,210,221,221,221,221,221,24,56,56],"floor_reached":56,"playtime":2628,"items_purged":[],"score":1777,"play_id":"6f78fb84-0100-4a95-9337-0e39358a32d5","local_time":"20190325222342","is_ascension_mode":true,"campfire_choices":[{"data":"Infinite Blades","floor":7,"key":"SMITH"},{"data":"Noxious Fumes","floor":15,"key":"SMITH"},{"data":"Noxious Fumes","floor":23,"key":"SMITH"},{"data":"Envenom","floor":32,"key":"SMITH"},{"floor":44,"key":"RECALL"},{"data":"Wraith Form v2","floor":49,"key":"SMITH"},{"data":"Noxious Fumes","floor":52,"key":"SMITH"}],"neow_cost":"NONE","seed_source_timestamp":512842561180581,"circlet_count":0,"master_deck":["AscendersBane","Defend_G","Defend_G","Defend_G","Defend_G","Defend_G","Strike_G","Strike_G","Strike_G","Strike_G","Strike_G","Survivor","Neutralize","Endless Agony+1","Backflip","Leg Sweep","Infinite Blades+1","Well Laid Plans","Noxious Fumes+1","Poisoned Stab","Wraith Form v2+1","Noxious Fumes+1","Catalyst","Noxious Fumes+1","Cloak And Dagger+1","Bouncing Flask","PiercingWail+1","Envenom+1","Storm of Steel","Bouncing Flask+1","After Image+1","Backstab","Cloak And Dagger+1","Blade Dance+1","Distraction+1"],"relics":["Ring of the Snake","Bloody Idol","Bronze Scales","Happy Flower","Pantograph","Odd Mushroom","Dead Branch","WristBlade","MealTicket","Enchiridion","Anchor","Lee\u0027s Waffle","Tiny House","ClockworkSouvenir","Paper Crane","Du-Vu Doll","Bird Faced Urn","Letter Opener","Singing Bowl","OrangePellets","Kunai"],"potions_floor_usage":[6,12,14,24,42,55,55],"damage_taken":[{"damage":4,"enemies":"Jaw Worm","floor":1,"turns":7},{"damage":0,"enemies":"Small Slimes","floor":4,"turns":3},{"damage":0,"enemies":"2 Louse","floor":5,"turns":3},{"damage":32,"enemies":"Gremlin Nob","floor":6,"turns":5},{"damage":0,"enemies":"Looter","floor":8,"turns":4},{"damage":1,"enemies":"The Mushroom Lair","floor":12,"turns":4},{"damage":1,"enemies":"Blue Slaver","floor":13,"turns":4},{"damage":2,"enemies":"Lagavulin","floor":14,"turns":7},{"damage":37,"enemies":"Hexaghost","floor":16,"turns":7},{"damage":17,"enemies":"2 Thieves","floor":18,"turns":4},{"damage":2,"enemies":"Shell Parasite","floor":19,"turns":5},{"damage":21,"enemies":"Snake Plant","floor":21,"turns":5},{"damage":5,"enemies":"3 Cultists","floor":24,"turns":4},{"damage":4,"enemies":"Cultist and Chosen","floor":25,"turns":7},{"damage":1,"enemies":"Centurion and Healer","floor":29,"turns":6},{"damage":18,"enemies":"Sentry and Sphere","floor":31,"turns":5},{"damage":33,"enemies":"Champ","floor":33,"turns":10},{"damage":0,"enemies":"Orb Walker","floor":35,"turns":3},{"damage":4,"enemies":"3 Shapes","floor":37,"turns":4},{"damage":5,"enemies":"Spire Growth","floor":38,"turns":4},{"damage":7,"enemies":"Nemesis","floor":40,"turns":7},{"damage":1,"enemies":"3 Darklings","floor":41,"turns":5},{"damage":33,"enemies":"Reptomancer","floor":42,"turns":6},{"damage":55,"enemies":"Giant Head","floor":45,"turns":7},{"damage":17,"enemies":"Maw","floor":47,"turns":6},{"damage":4,"enemies":"Writhing Mass","floor":48,"turns":5},{"damage":36,"enemies":"Time Eater","floor":50,"turns":7},{"damage":34,"enemies":"Shield and Spear","floor":54,"turns":7},{"damage":64,"enemies":"The Heart","floor":55,"turns":10}],"seed_played":"4323550439958854429","potions_obtained":[{"floor":1,"key":"Swift Potion"},{"floor":5,"key":"Strength Potion"},{"floor":13,"key":"PowerPotion"},{"floor":18,"key":"Explosive Potion"},{"floor":21,"key":"Block Potion"},{"floor":25,"key":"GamblersBrew"},{"floor":31,"key":"Fire Potion"},{"floor":34,"key":"GamblersBrew"},{"floor":42,"key":"Ancient Potion"},{"floor":54,"key":"Ancient Potion"}],"is_trial":false,"path_per_floor":["M","?","?","M","M","E","R","M","T","?","?","?","M","E","R","B",null,"M","M","$","M","?","R","M","M","T","?","T","M","$","M","R","B",null,"M","$","M","M","?","E","M","E","T","R","E","?","M","M","R","B",null,"R","$","E","B",null],"character_chosen":"THE_SILENT","items_purchased":["MealTicket","Noxious Fumes","Lee\u0027s Waffle","ClockworkSouvenir","OrangePellets"],"campfire_rested":0,"item_purchase_floors":[20,20,30,36,53],"current_hp_per_floor":[66,66,66,66,66,34,34,34,34,34,51,50,49,47,47,34,62,45,43,43,22,22,22,22,23,23,7,12,16,78,65,65,50,77,82,83,83,83,83,81,83,55,60,60,26,26,32,55,55,59,80,80,87,68,39],"gold":56,"neow_bonus":"TEN_PERCENT_HP_BONUS","is_prod":false,"is_daily":false,"chose_seed":false,"campfire_upgraded":6,"win_rate":0,"timestamp":1553574222,"path_taken":["M","?","?","M","M","E","R","M","T","?","?","?","M","E","R","BOSS","M","M","$","M","?","R","M","M","T","?","?","M","$","M","R","BOSS","M","$","M","M","?","E","?","E","T","R","E","?","M","M","R","BOSS","R","$","E","BOSS"],"build_version":"2019-01-23","purchased_purges":0,"victory":true,"max_hp_per_floor":[77,77,71,71,71,71,71,71,71,71,71,71,71,71,71,71,71,71,71,71,71,71,71,71,71,71,71,71,71,78,78,78,78,83,83,83,83,83,83,83,83,83,83,83,85,85,85,87,87,87,87,87,87,87,87],"card_choices":[{"not_picked":["Blur","Acrobatics"],"picked":"Endless Agony","floor":1},{"not_picked":["Flying Knee","Dagger Spray"],"picked":"Backflip","floor":4},{"not_picked":["Choke","Deadly Poison"],"picked":"Leg Sweep","floor":5},{"not_picked":["Sucker Punch","Backflip"],"picked":"Infinite Blades","floor":6},{"not_picked":["Underhanded Strike","Quick Slash"],"picked":"Well Laid Plans","floor":8},{"not_picked":["Infinite Blades","Skewer"],"picked":"Noxious Fumes","floor":12},{"not_picked":["Bane","Masterful Stab","Corpse Explosion"],"picked":"SKIP","floor":13},{"not_picked":["Slice","Bane"],"picked":"Poisoned Stab","floor":14},{"not_picked":["Malaise","A Thousand Cuts"],"picked":"Wraith Form v2","floor":16},{"not_picked":["Blade Dance","Outmaneuver"],"picked":"Noxious Fumes","floor":18},{"not_picked":["Leg Sweep+1","Cloak And Dagger"],"picked":"Catalyst","floor":19},{"not_picked":["Skewer","Quick Slash"],"picked":"Cloak And Dagger","floor":21},{"not_picked":["Deadly Poison","Concentrate"],"picked":"Bouncing Flask","floor":24},{"not_picked":["Quick Slash","Deadly Poison"],"picked":"PiercingWail+1","floor":25},{"not_picked":["Acrobatics","Poisoned Stab","Bane"],"picked":"SKIP","floor":29},{"not_picked":["Infinite Blades","PiercingWail+1"],"picked":"Envenom","floor":31},{"not_picked":["Unload","Corpse Explosion"],"picked":"Storm of Steel","floor":33},{"not_picked":["Deflect","Outmaneuver+1"],"picked":"Bouncing Flask+1","floor":35},{"not_picked":["Terror","Prepared+1"],"picked":"After Image","floor":37},{"not_picked":["Outmaneuver","Eviscerate+1","Quick Slash+1"],"picked":"SKIP","floor":38},{"not_picked":["Infinite Blades+1","Dagger Spray"],"picked":"Backstab","floor":40},{"not_picked":["Infinite Blades+1","Dagger Spray","Backflip+1"],"picked":"SKIP","floor":41},{"not_picked":["Backflip","Concentrate"],"picked":"Cloak And Dagger+1","floor":42},{"not_picked":["Burst","Finisher+1","Tactician"],"picked":"Singing Bowl","floor":45},{"not_picked":["Outmaneuver+1","Deadly Poison+1"],"picked":"Blade Dance+1","floor":47},{"not_picked":["Blade Dance","Bane+1","Heel Hook"],"picked":"Singing Bowl","floor":48},{"not_picked":["Dodge and Roll+1","Outmaneuver+1"],"picked":"Distraction+1","floor":54}],"player_experience":458036,"relics_obtained":[{"floor":6,"key":"Bronze Scales"},{"floor":9,"key":"Happy Flower"},{"floor":12,"key":"Odd Mushroom"},{"floor":14,"key":"Dead Branch"},{"floor":27,"key":"Enchiridion"},{"floor":28,"key":"Anchor"},{"floor":40,"key":"Du-Vu Doll"},{"floor":42,"key":"Bird Faced Urn"},{"floor":43,"key":"Letter Opener"},{"floor":45,"key":"Singing Bowl"},{"floor":54,"key":"Kunai"}],"event_choices":[{"damage_healed":0,"gold_gain":0,"player_choice":"Grow","damage_taken":0,"max_hp_gain":0,"max_hp_loss":0,"event_name":"Living Wall","floor":2,"gold_loss":0,"cards_upgraded":["Endless Agony"]},{"damage_healed":0,"gold_gain":0,"player_choice":"Lose Max HP","damage_taken":0,"relics_obtained":["Golden Idol"],"max_hp_gain":0,"max_hp_loss":6,"event_name":"Golden Idol","floor":3,"gold_loss":0},{"damage_healed":0,"gold_gain":0,"player_choice":"Searched \u00271\u0027 times","damage_taken":0,"relics_obtained":["Pantograph"],"max_hp_gain":0,"max_hp_loss":0,"event_name":"Dead Adventurer","floor":10,"gold_loss":0},{"damage_healed":17,"gold_gain":0,"player_choice":"Healed","damage_taken":0,"max_hp_gain":0,"max_hp_loss":0,"event_name":"The Cleric","floor":11,"gold_loss":35},{"damage_healed":0,"gold_gain":0,"player_choice":"Fought Mushrooms","damage_taken":0,"max_hp_gain":0,"max_hp_loss":0,"event_name":"Mushrooms","floor":12,"gold_loss":0},{"damage_healed":0,"gold_gain":0,"player_choice":"Gave Idol","damage_taken":0,"relics_obtained":["Bloody Idol"],"max_hp_gain":0,"max_hp_loss":0,"event_name":"Forgotten Altar","floor":22,"relics_lost":["Golden Idol"],"gold_loss":0},{"damage_healed":0,"gold_gain":0,"player_choice":"Obtained Book","damage_taken":16,"max_hp_gain":0,"max_hp_loss":0,"event_name":"Cursed Tome","floor":27,"gold_loss":0},{"damage_healed":0,"gold_gain":0,"player_choice":"Paid Gold","damage_taken":0,"relics_obtained":["Paper Crane"],"max_hp_gain":0,"max_hp_loss":0,"event_name":"WeMeetAgain","floor":39,"gold_loss":60},{"damage_healed":0,"gold_gain":0,"player_choice":"Upgraded","damage_taken":0,"max_hp_gain":0,"max_hp_loss":0,"event_name":"Upgrade Shrine","floor":46,"gold_loss":0,"cards_upgraded":["After Image"]}],"is_beta":false,"boss_relics":[{"not_picked":["Coffee Dripper","Ectoplasm"],"picked":"WristBlade"},{"not_picked":["Pandora\u0027s Box","Astrolabe"],"picked":"Tiny House"}],"items_purged_floors":[],"is_endless":false,"potions_floor_spawned":[1,5,13,18,21,25,31,37,40,42,47,48,54],"ascension_level":10}