{"path_per_floor":["M","?","$","M","M","E","?","E","T","M","M","M","M","M","R","B",null,"M","$","T","M","$","R","E","M","T","M","R","M","M","?","R","B",null,"M","M","$","?","?","E","M","?","T","R","M","M","R","M","R"],"character_chosen":"THE_SILENT","items_purchased":["Mind Blast","Girya","Thinking Ahead","Dagger Throw","Molten Egg 2","Skewer","Trip","Panache","Shuriken","Flash of Steel"],"gold_per_floor":[144,144,55,100,145,235,215,305,360,405,450,495,540,585,585,885,885,930,367,367,412,31,31,121,166,166,211,211,256,301,301,301,601,601,646,691,149,149,149,239,284,384,384,384,429,474,474,519,519],"floor_reached":50,"campfire_rested":4,"playtime":4979,"current_hp_per_floor":[70,58,58,58,58,58,58,56,56,56,56,54,54,54,70,49,70,70,70,70,70,70,70,68,68,68,66,66,60,60,60,60,31,70,70,70,70,70,70,11,23,23,23,44,39,38,59,58,70],"items_purged":[],"gold":519,"score":660,"play_id":"c7c6ec82-a7b5-4ff0-84fe-b5a9b118f5e6","local_time":"20180315220021","daily_mods":["Heirloom","Midas","Insanity"],"is_prod":false,"is_daily":true,"is_ascension_mode":false,"campfire_upgraded":0,"timestamp":1521165621,"path_taken":["M","?","?","M","M","E","?","E","T","M","M","M","?","M","R","BOSS","M","$","?","M","$","R","E","M","T","M","R","M","M","?","R","BOSS","M","?","$","?","?","E","M","?","T","R","?","M","R","M","R","BOSS"],"build_version":"2018-03-15","purchased_purges":0,"victory":false,"master_deck":["Slice","Finisher","Flying Knee","Corpse Explosion","A Thousand Cuts","Escape Plan","Concentrate","Defend_G","Malaise","Blur","Phantasmal Killer","Endless Agony","Noxious Fumes","Escape Plan","Choke","Burst","Blade Dance","Footwork","Distraction","Cloak And Dagger","Tactician","Wraith Form","Calculated Gamble","Concentrate","Outmaneuver","Quick Slash","Doppelganger","Dagger Throw","Neutralize","Distraction","Venomology","Heel Hook","Die Die Die","Unload","PiercingWail","A Thousand Cuts","Concentrate","PiercingWail","Storm of Steel","Burst","Distraction","Malaise","Acrobatics","Underhanded Strike","Calculated Gamble","Burst","Dagger Spray","Prepared","Mind Blast","Backflip","Underhanded Strike","Well Laid Plans","Dash","Choke","Quick Slash","Choke","After Image","Thinking Ahead","Dagger Throw","Skewer","Skewer+1","Trip","Adrenaline","Poisoned Stab+1","Bane+1","Prepared+1","Tools of the Trade","Skewer+1","Riddle With Holes+1","Panache","Flash of Steel+1","Prepared","Riddle With Holes+1","Envenom"],"max_hp_per_floor":[70,70,70,70,70,70,70,70,70,70,70,70,70,70,70,70,70,70,70,70,70,70,70,70,70,70,70,70,70,70,70,70,70,70,70,70,70,70,70,70,70,70,70,70,70,70,70,70,70],"relics":["Ring of the Snake","Thread and Needle","Centennial Puzzle","Lantern","Blue Candle","Tiny Chest","Philosopher\u0027s Stone","Girya","Frozen Eye","Molten Egg 2","Du-Vu Doll","Oddly Smooth Stone","Snecko Eye","Shuriken","Meat on the Bone","Peace Pipe"],"card_choices":[{"not_picked":["Sucker Punch","Phantasmal Killer"],"picked":"Backflip"},{"not_picked":["Outmaneuver","Dagger Throw"],"picked":"Underhanded Strike"},{"not_picked":["Deadly Poison","Masterful Stab"],"picked":"Well Laid Plans"},{"not_picked":["Dodge and Roll","Grand Finale"],"picked":"Dash"},{"not_picked":["Eviscerate","Cloak And Dagger"],"picked":"Choke"},{"not_picked":["Catalyst","Cloak And Dagger"],"picked":"Quick Slash"},{"not_picked":["Endless Agony","Deflect"],"picked":"Choke"},{"not_picked":["Burst","Grand Finale"],"picked":"After Image"},{"not_picked":["Heel Hook","Finisher"],"picked":"Skewer"},{"not_picked":["Malaise","All Out Attack"],"picked":"Adrenaline"},{"not_picked":["Heel Hook","Prepared"],"picked":"Poisoned Stab"},{"not_picked":["Deflect","Deadly Poison"],"picked":"Bane"},{"not_picked":["Expertise","Burst"],"picked":"Prepared"},{"not_picked":["Venomology","Tactician"],"picked":"Tools of the Trade"},{"not_picked":["Blur","Cloak And Dagger"],"picked":"Skewer"},{"not_picked":["Quick Slash","Bane"],"picked":"Riddle With Holes"},{"not_picked":["Sucker Punch","Quick Slash"],"picked":"Riddle With Holes"},{"not_picked":["Deflect","Well Laid Plans"],"picked":"Envenom"}],"player_experience":586832,"potions_floor_usage":[8,21,24,29,30,48,50,50,50,50],"damage_taken":[{"damage":0,"enemies":"Jaw Worm","floor":1,"turns":2},{"damage":0,"enemies":"Cultist","floor":4,"turns":2},{"damage":0,"enemies":"2 Louse","floor":5,"turns":2},{"damage":0,"enemies":"Lagavulin","floor":6,"turns":4},{"damage":2,"enemies":"Gremlin Nob","floor":8,"turns":4},{"damage":0,"enemies":"Lots of Slimes","floor":10,"turns":3},{"damage":0,"enemies":"Exordium Wildlife","floor":11,"turns":3},{"damage":2,"enemies":"Red Slaver","floor":12,"turns":2},{"damage":0,"enemies":"Large Slime","floor":13,"turns":4},{"damage":0,"enemies":"Looter","floor":14,"turns":1},{"damage":21,"enemies":"The Guardian","floor":16,"turns":10},{"damage":0,"enemies":"Chosen","floor":18,"turns":3},{"damage":0,"enemies":"Shell Parasite","floor":21,"turns":3},{"damage":2,"enemies":"Slavers","floor":24,"turns":2},{"damage":0,"enemies":"Centurion and Healer","floor":25,"turns":3},{"damage":2,"enemies":"Chosen and Byrds","floor":27,"turns":3},{"damage":6,"enemies":"Snake Plant","floor":29,"turns":2},{"damage":0,"enemies":"Centurion and Healer","floor":30,"turns":4},{"damage":29,"enemies":"Automaton","floor":33,"turns":8},{"damage":0,"enemies":"Flame Bruiser 1 Orb","floor":35,"turns":2},{"damage":0,"enemies":"3 Shapes","floor":36,"turns":3},{"damage":59,"enemies":"Nemesis","floor":40,"turns":3},{"damage":0,"enemies":"Sphere and 2 Shapes","floor":41,"turns":7},{"damage":5,"enemies":"Maw","floor":45,"turns":5},{"damage":1,"enemies":"4 Shapes","floor":46,"turns":3},{"damage":1,"enemies":"3 Darklings","floor":48,"turns":4},{"damage":79,"enemies":"Donu and Deca","floor":50,"turns":4}],"event_choices":[{"event_name":"Scrap Ooze","player_choice":"success","floor":2,"damage_taken":12},{"event_name":"The Woman in Blue","player_choice":"Bought 1 Potion","floor":7,"damage_taken":0},{"event_name":"Back to Basics","player_choice":"Elegance","floor":31,"damage_taken":0},{"event_name":"The Lab","player_choice":"Got Potions","floor":38,"damage_taken":0},{"event_name":"Transmorgrifier","player_choice":"Transform","floor":39,"damage_taken":0},{"event_name":"Golden Shrine","player_choice":"Pray","floor":42,"damage_taken":0}],"boss_relics":[{"not_picked":["White Beast Statue","Pandora\u0027s Box"],"picked":"Philosopher\u0027s Stone"},{"not_picked":["Question Card","The Specimen"],"picked":"Snecko Eye"}],"potions_floor_spawned":[4,5,8,10,14,16,24,27,29,33,35,36,41,45],"seed_played":"5375251351321028032","killed_by":"Donu and Deca","ascension_level":0,"is_trial":false}