{"gold_per_floor":[116,132,146,146,162,193,193,204,204,204,220,106,118,143,143,214,214,231,249,249,261,30,30,0,30,30,59,7,7,36,50,50,50],"floor_reached":33,"playtime":1348,"items_purged":["Strike_G","Decay"],"score":633,"play_id":"e449d0ef-edf2-4a13-bd74-f6300bfd631d","local_time":"20190928135423","is_ascension_mode":true,"campfire_choices":[{"data":"Sucker Punch","floor":7.0,"key":"SMITH"},{"data":"Poisoned Stab","floor":10.0,"key":"SMITH"},{"floor":15.0,"key":"REST"},{"floor":23.0,"key":"REST"},{"floor":29.0,"key":"REST"},{"floor":32.0,"key":"REST"}],"neow_cost":"NONE","seed_source_timestamp":56180485905605,"circlet_count":0,"master_deck":["AscendersBane","Strike_G","Strike_G","Strike_G","Strike_G","Defend_G","Defend_G","Defend_G","Defend_G","Defend_G","Survivor","Neutralize","Tools of the Trade","Poisoned Stab+1","Masterful Stab","Sucker Punch+1","Die Die Die","Dodge and Roll","Backflip","Well Laid Plans","Caltrops","Corpse Explosion","Riddle With Holes","Leg Sweep","Footwork","Leg Sweep","Backflip"],"special_seed":0,"relics":["Ring of the Snake","PreservedInsect","Pen Nib","Bronze Scales","Snecko Eye","White Beast Statue","Unceasing Top","Akabeko","Omamori"],"potions_floor_usage":[33,33],"damage_taken":[{"damage":4.0,"enemies":"Jaw Worm","floor":1.0,"turns":5.0},{"damage":3.0,"enemies":"2 Louse","floor":2.0,"turns":3.0},{"damage":0.0,"enemies":"Small Slimes","floor":3.0,"turns":3.0},{"damage":7.0,"enemies":"Exordium Thugs","floor":5.0,"turns":3.0},{"damage":23.0,"enemies":"Gremlin Nob","floor":6.0,"turns":4.0},{"damage":0.0,"enemies":"2 Fungi Beasts","floor":8.0,"turns":2.0},{"damage":7.0,"enemies":"Large Slime","floor":11.0,"turns":4.0},{"damage":0.0,"enemies":"Blue Slaver","floor":13.0,"turns":4.0},{"damage":1.0,"enemies":"3 Sentries","floor":14.0,"turns":5.0},{"damage":14.0,"enemies":"The Guardian","floor":16.0,"turns":11.0},{"damage":23.0,"enemies":"Shell Parasite","floor":18.0,"turns":6.0},{"damage":0.0,"enemies":"Chosen","floor":19.0,"turns":4.0},{"damage":17.0,"enemies":"Shelled Parasite and Fungi","floor":21.0,"turns":5.0},{"damage":5.0,"enemies":"Slavers","floor":25.0,"turns":1.0},{"damage":11.0,"enemies":"Book of Stabbing","floor":27.0,"turns":4.0},{"damage":0.0,"enemies":"Slavers","floor":30.0,"turns":1.0},{"damage":0.0,"enemies":"3 Cultists","floor":31.0,"turns":2.0},{"damage":82,"enemies":"Automaton","floor":33,"turns":12}],"seed_played":"-6402497183545646275","potions_obtained":[{"floor":1.0,"key":"SneckoOil"},{"floor":5.0,"key":"Energy Potion"},{"floor":6.0,"key":"SkillPotion"},{"floor":8.0,"key":"Swift Potion"},{"floor":19.0,"key":"PowerPotion"},{"floor":21.0,"key":"Weak Potion"},{"floor":27.0,"key":"Poison Potion"},{"floor":31.0,"key":"Dexterity Potion"}],"is_trial":false,"path_per_floor":["M","M","M","?","M","E","R","M","T","R","M","$","M","E","R","B",null,"M","M","?","M","$","R","?","E","T","E","$","R","E","M","R","B"],"character_chosen":"THE_SILENT","items_purchased":["Well Laid Plans","Footwork","Swift Potion","Backflip"],"campfire_rested":4,"item_purchase_floors":[12,22,22,28],"current_hp_per_floor":[55,52,52,57,50,27,27,27,27,27,20,20,20,19,40,26,60,37,37,37,20,20,41,41,36,36,25,25,46,46,46,67,0],"gold":50,"neow_bonus":"ONE_RANDOM_RARE_CARD","is_prod":false,"is_daily":false,"chose_seed":false,"campfire_upgraded":2,"win_rate":0,"timestamp":1569704063,"path_taken":["M","M","M","?","M","E","R","M","T","R","M","$","M","E","R","BOSS","M","M","?","M","$","R","?","E","T","E","$","R","E","M","R","BOSS"],"build_version":"2019-09-27","purchased_purges":2,"victory":false,"max_hp_per_floor":[66,66,66,71,71,71,71,71,71,71,71,71,71,71,71,71,71,71,71,71,71,71,71,71,71,71,71,71,71,71,71,71,71],"card_choices":[{"not_picked":["Accuracy","Bane"],"picked":"Poisoned Stab","floor":1.0},{"not_picked":["Skewer","Setup"],"picked":"Masterful Stab","floor":2.0},{"not_picked":["Well Laid Plans","Catalyst"],"picked":"Sucker Punch","floor":3.0},{"not_picked":["PiercingWail","Distraction","Expertise"],"picked":"SKIP","floor":5.0},{"not_picked":["PiercingWail","Burst"],"picked":"Die Die Die","floor":6.0},{"not_picked":["Slice","Dagger Throw"],"picked":"Dodge and Roll","floor":8.0},{"not_picked":["Outmaneuver","Catalyst"],"picked":"Backflip","floor":11.0},{"not_picked":["Predator","Choke"],"picked":"Caltrops","floor":13.0},{"not_picked":["Prepared","Deflect","Expertise"],"picked":"SKIP","floor":14.0},{"not_picked":["After Image","Phantasmal Killer"],"picked":"Corpse Explosion","floor":16.0},{"not_picked":["Flying Knee+1","Deflect"],"picked":"Riddle With Holes","floor":18.0},{"not_picked":["Choke","Cloak And Dagger"],"picked":"Leg Sweep","floor":19.0},{"not_picked":["Heel Hook","Bane+1","All Out Attack+1"],"picked":"SKIP","floor":21.0},{"not_picked":["Wraith Form v2","Endless Agony"],"picked":"Leg Sweep","floor":25.0},{"not_picked":["Crippling Poison","Calculated Gamble","Underhanded Strike"],"picked":"SKIP","floor":27.0},{"not_picked":["Crippling Poison","Calculated Gamble","Underhanded Strike"],"picked":"SKIP","floor":27.0},{"not_picked":["Concentrate","Prepared","Expertise"],"picked":"SKIP","floor":30.0},{"not_picked":["Dagger Throw","Outmaneuver","Reflex+1"],"picked":"SKIP","floor":31.0}],"player_experience":701609,"relics_obtained":[{"floor":6.0,"key":"PreservedInsect"},{"floor":9.0,"key":"Pen Nib"},{"floor":14.0,"key":"Bronze Scales"},{"floor":25.0,"key":"White Beast Statue"},{"floor":26.0,"key":"Unceasing Top"},{"floor":27.0,"key":"Akabeko"},{"floor":30.0,"key":"Omamori"}],"event_choices":[{"damage_healed":0.0,"max_hp_gain":5.0,"max_hp_loss":0.0,"gold_gain":0.0,"event_name":"Big Fish","player_choice":"Donut","floor":4.0,"gold_loss":0.0,"damage_taken":0.0},{"damage_healed":0.0,"max_hp_gain":0.0,"max_hp_loss":0.0,"gold_gain":0.0,"event_name":"Forgotten Altar","player_choice":"Smashed Altar","floor":20.0,"gold_loss":0.0,"damage_taken":0.0,"cards_obtained":["Decay"]},{"damage_healed":0.0,"max_hp_gain":0.0,"max_hp_loss":0.0,"gold_gain":0.0,"event_name":"Masked Bandits","player_choice":"Paid Fearfully","floor":24.0,"gold_loss":30.0,"damage_taken":0.0}],"is_beta":true,"boss_relics":[{"not_picked":["WristBlade","Fusion Hammer"],"picked":"Snecko Eye"}],"items_purged_floors":[12,22],"is_endless":false,"potions_floor_spawned":[1,5,6,8,19,21,27,30,31],"killed_by":"Automaton","ascension_level":17}