{"gold_per_floor":[118,118,85,85,101,135,135,135,158,178,192,192],"floor_reached":12,"playtime":295,"items_purged":[],"score":121,"play_id":"66916cbf-21b4-4a56-80f2-0c3aefcc552d","local_time":"20190328174214","is_ascension_mode":true,"campfire_choices":[{"data":"Noxious Fumes","floor":8,"key":"SMITH"}],"neow_cost":"NONE","seed_source_timestamp":169397683854517,"circlet_count":0,"master_deck":["AscendersBane","Defend_G+1","Defend_G+1","Defend_G","Defend_G","Defend_G","Strike_G","Strike_G","Strike_G","Strike_G","Survivor","Neutralize+1","Caltrops","Noxious Fumes+1","Dagger Throw","Wraith Form v2","Footwork"],"relics":["Ring of the Snake","Golden Idol","Bag of Preparation","War Paint"],"potions_floor_usage":[11],"damage_taken":[{"damage":5,"enemies":"2 Louse","floor":1,"turns":4},{"damage":4,"enemies":"Jaw Worm","floor":5,"turns":5},{"damage":25,"enemies":"Lagavulin","floor":6,"turns":9},{"damage":0,"enemies":"Small Slimes","floor":10,"turns":3},{"damage":19,"enemies":"Gremlin Gang","floor":11,"turns":5},{"damage":3,"enemies":"Gremlin Nob","floor":12,"turns":4}],"seed_played":"3849511972635904752","potions_obtained":[{"floor":10,"key":"SpeedPotion"},{"floor":11,"key":"Explosive Potion"}],"is_trial":false,"path_per_floor":["M","?","$","?","M","E","?","R","T","M","M","E"],"character_chosen":"THE_SILENT","items_purchased":["Noxious Fumes"],"campfire_rested":0,"item_purchase_floors":[3],"current_hp_per_floor":[65,65,65,65,61,36,29,29,29,29,10,7],"gold":192,"neow_bonus":"TEN_PERCENT_HP_BONUS","is_prod":false,"is_daily":false,"chose_seed":false,"campfire_upgraded":1,"win_rate":0,"timestamp":1553816534,"path_taken":["M","?","$","?","M","E","?","R","T","M","M","E"],"build_version":"2019-01-23","purchased_purges":0,"victory":false,"max_hp_per_floor":[77,77,77,71,71,71,71,71,71,71,71,71],"card_choices":[{"not_picked":["Slice","Flechettes"],"picked":"Caltrops","floor":1},{"not_picked":["Quick Slash","Outmaneuver"],"picked":"Dagger Throw","floor":5},{"not_picked":["All Out Attack","Blade Dance"],"picked":"Wraith Form v2","floor":6},{"not_picked":["Flying Knee","Underhanded Strike","Caltrops"],"picked":"SKIP","floor":10},{"not_picked":["Dodge and Roll","Blur"],"picked":"Footwork","floor":11}],"player_experience":468632,"relics_obtained":[{"floor":6,"key":"Bag of Preparation"},{"floor":9,"key":"War Paint"}],"event_choices":[{"damage_healed":0,"gold_gain":0,"player_choice":"Grow","damage_taken":0,"max_hp_gain":0,"max_hp_loss":0,"event_name":"Living Wall","floor":2,"gold_loss":0,"cards_upgraded":["Neutralize"]},{"damage_healed":0,"gold_gain":0,"player_choice":"Lose Max HP","damage_taken":0,"relics_obtained":["Golden Idol"],"max_hp_gain":0,"max_hp_loss":6,"event_name":"Golden Idol","floor":4,"gold_loss":0},{"cards_removed":["Strike_G"],"damage_healed":0,"gold_gain":0,"player_choice":"Card Removal","damage_taken":7,"max_hp_gain":0,"max_hp_loss":0,"event_name":"Golden Wing","floor":7,"gold_loss":0}],"is_beta":false,"boss_relics":[],"items_purged_floors":[],"is_endless":false,"potions_floor_spawned":[10,11],"killed_by":"Gremlin Nob","ascension_level":11}