{"gold_per_floor":[114,129,129,129,140,166,166,6,29,41,86,108,120,150,162,253,265,289,28,28,42,42],"floor_reached":22,"playtime":714,"items_purged":["Zap","Strike_B"],"score":369,"play_id":"ab0aae4d-6a75-46a2-9e57-d640bc6dc664","local_time":"20180921072530","is_ascension_mode":true,"campfire_choices":[{"data":"Streamline","floor":7,"key":"SMITH"},{"data":"Skim","floor":10,"key":"SMITH"},{"data":"Hologram","floor":15,"key":"SMITH"}],"neow_cost":"NONE","seed_source_timestamp":39046763021015,"circlet_count":0,"master_deck":["Strike_B","Strike_B+1","Strike_B","Defend_B","Defend_B+1","Defend_B","Defend_B","Dualcast","AscendersBane","Skim+1","Streamline+1","FTL","Conserve Battery","Hyperbeam","Hologram+1","Core Surge","Machine Learning","Leap","Hologram","Bandage Up","Beam Cell+1"],"relics":["Cracked Core","Pen Nib","Omamori","MawBank","Torii","Nuclear Battery"],"potions_floor_usage":[6,16,22],"damage_taken":[{"damage":2,"enemies":"Jaw Worm","floor":1,"turns":3},{"damage":19,"enemies":"Small Slimes","floor":2,"turns":3},{"damage":1,"enemies":"2 Louse","floor":5,"turns":2},{"damage":5,"enemies":"3 Sentries","floor":6,"turns":3},{"damage":4,"enemies":"Gremlin Nob","floor":11,"turns":3},{"damage":1,"enemies":"Blue Slaver","floor":12,"turns":2},{"damage":0,"enemies":"3 Louse","floor":14,"turns":1},{"damage":12,"enemies":"Hexaghost","floor":16,"turns":10},{"damage":27,"enemies":"Shell Parasite","floor":18,"turns":3},{"damage":31,"enemies":"3 Byrds","floor":21,"turns":4},{"damage":7,"enemies":"Snake Plant","floor":22,"turns":1}],"seed_played":"-6146841124358931836","potions_obtained":[{"floor":2,"key":"Block Potion"},{"floor":5,"key":"AttackPotion"},{"floor":11,"key":"EssenceOfSteel"},{"floor":21,"key":"FearPotion"}],"is_trial":false,"path_per_floor":["M","M","?","?","M","E","R","$","T","R","E","M","?","M","R","B",null,"M","$","?","M"],"character_chosen":"DEFECT","items_purchased":["Hyperbeam","Hologram","Bandage Up"],"campfire_rested":0,"item_purchase_floors":[8,19,19],"current_hp_per_floor":[62,43,43,66,65,60,60,60,60,60,56,55,34,34,34,22,59,32,32,32,5,0],"gold":42,"neow_bonus":"RANDOM_COMMON_RELIC","is_prod":false,"is_daily":false,"chose_seed":false,"campfire_upgraded":3,"win_rate":0,"timestamp":1537539930,"path_taken":["M","M","?","?","?","E","R","$","T","R","E","M","?","?","R","BOSS","M","$","?","M","M"],"build_version":"2018-09-20","purchased_purges":2,"victory":false,"max_hp_per_floor":[71,71,71,71,71,71,71,71,71,71,71,71,71,71,71,71,71,71,71,71,71,71],"card_choices":[{"not_picked":["Gash","White Noise"],"picked":"Skim","floor":1},{"not_picked":["Fusion","White Noise"],"picked":"Streamline","floor":2},{"not_picked":["Blizzard","Hologram"],"picked":"FTL","floor":5},{"not_picked":["Steam","Chaos"],"picked":"Conserve Battery","floor":6},{"not_picked":["Static Discharge","Compile Driver","Ball Lightning"],"picked":"SKIP","floor":11},{"not_picked":["Gash","Ball Lightning"],"picked":"Hologram","floor":12},{"not_picked":["Redo","Steam"],"picked":"Core Surge","floor":14},{"not_picked":["Creative AI","Multi-Cast"],"picked":"Machine Learning","floor":16},{"not_picked":["Stack","Cold Snap"],"picked":"Leap","floor":18},{"not_picked":["Redo","Steam"],"picked":"Beam Cell+1","floor":21}],"player_experience":506155,"relics_obtained":[{"floor":6,"key":"Omamori"},{"floor":9,"key":"MawBank"},{"floor":11,"key":"Torii"}],"event_choices":[{"event_name":"Golden Idol","player_choice":"Ignored","floor":3,"damage_taken":0},{"event_name":"Big Fish","player_choice":"Banana","floor":4,"damage_taken":0},{"event_name":"Shining Light","player_choice":"Entered Light","floor":13,"damage_taken":0},{"event_name":"Cursed Tome","player_choice":"Ignored","floor":20,"damage_taken":0}],"is_beta":true,"boss_relics":[{"not_picked":["Runic Pyramid","Pandora\u0027s Box"],"picked":"Nuclear Battery"}],"items_purged_floors":[8,19],"is_endless":false,"potions_floor_spawned":[2,5,11,21],"killed_by":"Snake Plant","ascension_level":18}