{"gold_per_floor":[117,127,127,227,241,257,287,287,287,33,33,33,43,59,59,156,156,168,168,140,64,64],"floor_reached":22,"playtime":2771,"items_purged":[],"score":176,"play_id":"267adca9-a660-436c-9a01-5eb32adbae49","local_time":"20190922205409","is_ascension_mode":false,"campfire_choices":[{"data":"Cold Snap","floor":8,"key":"SMITH"},{"floor":12,"key":"REST"},{"data":"Hologram","floor":15,"key":"SMITH"}],"neow_cost":"NONE","seed_source_timestamp":15953053386400,"circlet_count":0,"master_deck":["Strike_B","Strike_B","Strike_B","Strike_B","Defend_B","Defend_B","Defend_B","Defend_B","Zap","Dualcast","Gash","Auto Shields","Cold Snap+1","Rainbow","Hologram+1","Self Repair","Hologram+1","Barrage","Biased Cognition","Go for the Eyes","Heatsinks","Reinforced Body"],"relics":["Nuclear Battery","Kunai","Lantern","Black Star"],"potions_floor_usage":[16,16],"damage_taken":[{"damage":4,"enemies":"Cultist","floor":1,"turns":4},{"damage":5,"enemies":"2 Louse","floor":2,"turns":3},{"damage":6,"enemies":"Small Slimes","floor":5,"turns":3},{"damage":12,"enemies":"3 Louse","floor":6,"turns":4},{"damage":8,"enemies":"Looter","floor":13,"turns":4},{"damage":15,"enemies":"Exordium Thugs","floor":14,"turns":5},{"damage":49,"enemies":"Slime Boss","floor":16,"turns":16},{"damage":1,"enemies":"Shell Parasite","floor":18,"turns":5},{"damage":2,"enemies":"2 Thieves","floor":20,"turns":5},{"damage":101,"enemies":"Cultist and Chosen","floor":22,"turns":10}],"seed_played":"6792491543480736262","potions_obtained":[{"floor":13,"key":"GamblersBrew"},{"floor":14,"key":"LiquidBronze"},{"floor":18,"key":"SkillPotion"}],"is_trial":false,"path_per_floor":["M","M","?","?","M","M","?","R","T","$","?","R","M","M","R","B",null,"M","?","M","$","M"],"character_chosen":"DEFECT","items_purchased":["Hologram","Self Repair","Lantern","Reinforced Body"],"campfire_rested":1,"item_purchase_floors":[10,10,10,21],"current_hp_per_floor":[71,66,66,66,60,48,48,48,48,48,48,70,69,61,61,19,75,75,75,75,75,0],"gold":64,"neow_bonus":"BOSS_RELIC","is_prod":false,"is_daily":false,"chose_seed":false,"campfire_upgraded":2,"win_rate":0.0,"timestamp":1569178449,"path_taken":["M","M","?","?","M","?","?","R","T","$","?","R","M","M","R","BOSS","M","?","M","$","M"],"build_version":"2019-07-05","purchased_purges":0,"victory":false,"max_hp_per_floor":[75,75,75,75,75,75,75,75,75,75,75,75,75,75,75,75,75,75,75,75,75,75],"card_choices":[{"not_picked":["Rebound","Steam"],"picked":"Gash","floor":1},{"not_picked":["Static Discharge","Sweeping Beam"],"picked":"Auto Shields","floor":2},{"not_picked":["Redo","Leap"],"picked":"Cold Snap","floor":5},{"not_picked":["Compile Driver","Stack"],"picked":"Rainbow","floor":6},{"not_picked":["Gash","Ball Lightning"],"picked":"Hologram","floor":13},{"not_picked":["Hello World","Go for the Eyes"],"picked":"Barrage","floor":14},{"not_picked":["Echo Form","Machine Learning"],"picked":"Biased Cognition","floor":16},{"not_picked":["Stack+1","Conserve Battery"],"picked":"Go for the Eyes","floor":18},{"not_picked":["Sweeping Beam","Streamline"],"picked":"Heatsinks","floor":20}],"player_experience":10914,"relics_obtained":[{"floor":9,"key":"Kunai"}],"event_choices":[{"damage_healed":0,"gold_gain":0,"player_choice":"Ignored","damage_taken":0,"max_hp_gain":0,"max_hp_loss":0,"event_name":"Golden Wing","floor":3,"gold_loss":0},{"damage_healed":0,"gold_gain":100,"player_choice":"Pray","damage_taken":0,"max_hp_gain":0,"max_hp_loss":0,"event_name":"Golden Shrine","floor":4,"gold_loss":0},{"damage_healed":0,"gold_gain":30,"player_choice":"Searched \u00272\u0027 times","damage_taken":0,"max_hp_gain":0,"max_hp_loss":0,"event_name":"Dead Adventurer","floor":7,"gold_loss":0},{"damage_healed":0,"gold_gain":0,"player_choice":"Grow","damage_taken":0,"max_hp_gain":0,"max_hp_loss":0,"event_name":"Living Wall","floor":11,"gold_loss":0,"cards_upgraded":["Hologram"]},{"damage_healed":0,"gold_gain":0,"player_choice":"Ignored","damage_taken":0,"max_hp_gain":0,"max_hp_loss":0,"event_name":"NoteForYourself","floor":19,"gold_loss":0}],"is_beta":false,"boss_relics":[{"not_picked":["Tiny House","White Beast Statue"],"picked":"Black Star"}],"items_purged_floors":[],"is_endless":false,"potions_floor_spawned":[13,14,18],"killed_by":"Cultist and Chosen","ascension_level":0}