{"gold_per_floor":[118,133,149,165,165,165,197,197,223,1,11,29,29,39,39,140,140,150,71,90,90,15,15,15,15,61,71,71,85,85,95,95,95],"floor_reached":33,"playtime":2344,"items_purged":["Writhe"],"score":299,"play_id":"15f1161d-38f5-44a7-9f54-c397315c4fc9","local_time":"20190827195927","is_ascension_mode":true,"campfire_choices":[{"floor":6,"key":"REST"},{"floor":13,"key":"REST"},{"floor":15,"key":"REST"},{"data":"Noxious Fumes","floor":23,"key":"SMITH"},{"data":"Well Laid Plans","floor":25,"key":"SMITH"},{"floor":30,"key":"REST"},{"floor":32,"key":"REST"}],"neow_cost":"NONE","seed_source_timestamp":19300618240700,"circlet_count":0,"master_deck":["Strike_G","Strike_G","Strike_G","Strike_G","Defend_G","Defend_G","Defend_G","Defend_G+1","Defend_G","Survivor","Neutralize","Crippling Poison","Deflect","Noxious Fumes+1","PiercingWail","Slice","Deadly Poison+1","Envenom+1","Dash+1","Well Laid Plans+1","Dash","Blur","Backflip","Cloak And Dagger+1","Backflip"],"relics":["Ring of the Snake","Matryoshka","Omamori","Kunai","Question Card","Bronze Scales","Orichalcum","Calling Bell","War Paint","Gremlin Horn","WingedGreaves","MutagenicStrength","Dream Catcher"],"potions_floor_usage":[7,16,16,27,31,33],"damage_taken":[{"damage":1,"enemies":"Cultist","floor":1,"turns":3},{"damage":1,"enemies":"Jaw Worm","floor":2,"turns":5},{"damage":0,"enemies":"Small Slimes","floor":3,"turns":3},{"damage":31,"enemies":"Exordium Thugs","floor":4,"turns":6},{"damage":28,"enemies":"3 Sentries","floor":7,"turns":16},{"damage":0,"enemies":"3 Louse","floor":11,"turns":3},{"damage":2,"enemies":"Large Slime","floor":12,"turns":8},{"damage":3,"enemies":"2 Fungi Beasts","floor":14,"turns":3},{"damage":31,"enemies":"The Guardian","floor":16,"turns":10},{"damage":1,"enemies":"Shell Parasite","floor":18,"turns":5},{"damage":6,"enemies":"2 Thieves","floor":20,"turns":5},{"damage":32,"enemies":"Sentry and Sphere","floor":27,"turns":6},{"damage":16,"enemies":"Snake Plant","floor":29,"turns":5},{"damage":6,"enemies":"Centurion and Healer","floor":31,"turns":7},{"damage":59,"enemies":"Champ","floor":33,"turns":14}],"seed_played":"997659490547955429","potions_obtained":[{"floor":1,"key":"EssenceOfSteel"},{"floor":7,"key":"Dexterity Potion"},{"floor":14,"key":"EssenceOfSteel"},{"floor":16,"key":"Strength Potion"},{"floor":20,"key":"Swift Potion"},{"floor":31,"key":"Dexterity Potion"}],"is_trial":false,"path_per_floor":["M","M","M","M","?","R","E","T","T","$","M","M","R","M","R","B",null,"M","$","M","?","$","R","?","R","T","M","?","M","R","M","R","B"],"character_chosen":"THE_SILENT","items_purchased":["Noxious Fumes","Orichalcum","Well Laid Plans"],"campfire_rested":5,"item_purchase_floors":[10,10,19],"current_hp_per_floor":[76,75,75,44,37,60,32,32,32,32,32,30,53,50,73,42,77,76,76,70,70,70,70,70,70,70,38,24,8,32,26,50,0],"gold":95,"neow_bonus":"TEN_PERCENT_HP_BONUS","is_prod":false,"is_daily":false,"chose_seed":false,"campfire_upgraded":2,"win_rate":0,"timestamp":1566932367,"path_taken":["M","M","?","M","?","R","E","?","T","$","?","M","R","M","R","BOSS","M","$","M","?","$","R","?","R","T","?","?","M","R","M","R","BOSS"],"build_version":"2019-07-17","purchased_purges":1,"victory":false,"max_hp_per_floor":[77,77,77,77,77,77,77,77,77,77,77,77,77,77,77,77,77,77,77,77,77,77,77,77,77,77,77,82,82,82,82,82,82],"card_choices":[{"not_picked":["Terror","Poisoned Stab","Underhanded Strike"],"picked":"SKIP","floor":1},{"not_picked":["Dodge and Roll","Underhanded Strike"],"picked":"Crippling Poison","floor":2},{"not_picked":["Deflect","Slice","Dagger Spray"],"picked":"SKIP","floor":3},{"not_picked":["Unload","Prepared"],"picked":"Deflect","floor":4},{"not_picked":["Eviscerate","Terror","Prepared"],"picked":"SKIP","floor":7},{"not_picked":["Reflex","Accuracy","Dagger Throw"],"picked":"PiercingWail","floor":11},{"not_picked":["Blade Dance","Quick Slash","Infinite Blades"],"picked":"Slice","floor":12},{"not_picked":["Quick Slash","Setup","Dagger Throw"],"picked":"Deadly Poison","floor":14},{"not_picked":["Adrenaline","Doppelganger","Phantasmal Killer"],"picked":"Envenom","floor":16},{"not_picked":["Terror","Finisher","Choke"],"picked":"Dash+1","floor":18},{"not_picked":["Slice","Dagger Spray","Infinite Blades"],"picked":"Dash","floor":20},{"not_picked":["Dagger Throw+1","Calculated Gamble","Endless Agony"],"picked":"Blur","floor":27},{"not_picked":["Blade Dance","Dodge and Roll","Bouncing Flask+1"],"picked":"Backflip","floor":29},{"not_picked":["Setup","Prepared","Deadly Poison"],"picked":"Cloak And Dagger+1","floor":30},{"not_picked":["Bane","Dagger Throw","Blade Dance","Unload"],"picked":"SKIP","floor":31},{"not_picked":["Skewer+1","Poisoned Stab+1","Bane"],"picked":"Backflip","floor":32}],"player_experience":169267,"relics_obtained":[{"floor":7,"key":"Matryoshka"},{"floor":8,"key":"Omamori"},{"floor":8,"key":"Kunai"},{"floor":9,"key":"Question Card"},{"floor":9,"key":"Bronze Scales"},{"floor":17,"key":"War Paint"},{"floor":17,"key":"Gremlin Horn"},{"floor":17,"key":"WingedGreaves"},{"floor":26,"key":"Dream Catcher"}],"event_choices":[{"cards_removed":["Strike_G"],"damage_healed":0,"gold_gain":0,"player_choice":"Card Removal","damage_taken":7,"max_hp_gain":0,"max_hp_loss":0,"event_name":"Golden Wing","floor":5,"gold_loss":0},{"damage_healed":0,"gold_gain":0,"player_choice":"Inject Mutagens","damage_taken":0,"relics_obtained":["MutagenicStrength"],"max_hp_gain":0,"max_hp_loss":0,"event_name":"Drug Dealer","floor":21,"gold_loss":0},{"damage_healed":0,"gold_gain":0,"player_choice":"Upgraded","damage_taken":0,"max_hp_gain":0,"max_hp_loss":0,"event_name":"Upgrade Shrine","floor":24,"gold_loss":0,"cards_upgraded":["Envenom"]},{"damage_healed":0,"gold_gain":0,"player_choice":"Shed Blood","damage_taken":19,"max_hp_gain":5,"max_hp_loss":0,"event_name":"Forgotten Altar","floor":28,"gold_loss":0}],"is_beta":false,"boss_relics":[{"not_picked":["Runic Dome","Astrolabe"],"picked":"Calling Bell"}],"items_purged_floors":[22],"is_endless":false,"potions_floor_spawned":[1,7,14,16,20,31],"killed_by":"Champ","ascension_level":4}