{"gold_per_floor":[111,126,51,126,136,165,165,165,191,211,211,229,229,229,229,229],"floor_reached":16,"playtime":369,"items_purged":["Strike_B"],"score":125,"play_id":"03d7d56e-ed43-4142-a6eb-2b3e340b5dc6","local_time":"20190902195619","is_ascension_mode":true,"campfire_choices":[{"data":"Defragment","floor":7,"key":"SMITH"},{"data":"Zap","floor":11,"key":"SMITH"},{"data":"Dualcast","floor":13,"key":"SMITH"},{"data":"Coolheaded","floor":15,"key":"SMITH"}],"neow_cost":"PERCENT_DAMAGE","seed_source_timestamp":77895355392741,"circlet_count":0,"master_deck":["Strike_B","Strike_B","Strike_B","Defend_B","Defend_B","Defend_B","Defend_B","Zap+1","Dualcast+1","Reinforced Body","Defragment+1","Cold Snap","Coolheaded+1","Parasite"],"relics":["Cracked Core","Mango","Happy Flower","Anchor"],"potions_floor_usage":[16,16,16],"damage_taken":[{"damage":7,"enemies":"Small Slimes","floor":1,"turns":3},{"damage":2,"enemies":"Jaw Worm","floor":2,"turns":4},{"damage":0,"enemies":"Cultist","floor":5,"turns":4},{"damage":18,"enemies":"3 Sentries","floor":6,"turns":9},{"damage":0,"enemies":"Blue Slaver","floor":10,"turns":4},{"damage":0,"enemies":"3 Louse","floor":12,"turns":3},{"damage":55,"enemies":"Hexaghost","floor":16,"turns":16}],"seed_played":"-4499465751474787163","potions_obtained":[{"floor":1,"key":"Weak Potion"},{"floor":10,"key":"SteroidPotion"},{"floor":12,"key":"Explosive Potion"}],"is_trial":false,"path_per_floor":["M","M","$","?","M","E","R","?","T","M","R","M","R","?","R","B"],"character_chosen":"DEFECT","items_purchased":[],"campfire_rested":0,"item_purchase_floors":[],"current_hp_per_floor":[61,59,59,48,48,30,30,30,30,30,30,30,30,52,52,0],"gold":229,"neow_bonus":"ONE_RARE_RELIC","is_prod":false,"is_daily":false,"chose_seed":false,"campfire_upgraded":4,"win_rate":0,"timestamp":1567421779,"path_taken":["M","M","$","?","M","E","R","?","T","M","R","?","R","?","R","BOSS"],"build_version":"2019-07-17","purchased_purges":1,"victory":false,"max_hp_per_floor":[89,89,89,89,89,89,89,89,89,89,89,89,89,89,89,89],"card_choices":[{"not_picked":["Storm","Double Energy"],"picked":"Reinforced Body","floor":1},{"not_picked":["Leap","Compile Driver"],"picked":"Defragment","floor":2},{"not_picked":["Compile Driver","White Noise"],"picked":"Cold Snap","floor":5},{"not_picked":["Loop","Streamline"],"picked":"Coolheaded","floor":6},{"not_picked":["Redo","Barrage","Undo"],"picked":"SKIP","floor":10},{"not_picked":["Redo","Reprogram","Rebound"],"picked":"SKIP","floor":12}],"player_experience":342383,"relics_obtained":[{"floor":6,"key":"Happy Flower"},{"floor":9,"key":"Anchor"}],"event_choices":[{"damage_healed":0,"gold_gain":75,"player_choice":"Gather Gold","damage_taken":11,"max_hp_gain":0,"max_hp_loss":0,"event_name":"World of Goop","floor":4,"gold_loss":0},{"damage_healed":0,"gold_gain":0,"player_choice":"0 cards matched","damage_taken":0,"max_hp_gain":0,"max_hp_loss":0,"event_name":"Match and Keep!","floor":8,"gold_loss":0,"cards_obtained":[]},{"damage_healed":22,"gold_gain":0,"player_choice":"Healed and dodged fight","damage_taken":0,"max_hp_gain":0,"max_hp_loss":0,"event_name":"Mushrooms","floor":14,"gold_loss":0,"cards_obtained":["Parasite"]}],"is_beta":false,"boss_relics":[],"items_purged_floors":[3],"is_endless":false,"potions_floor_spawned":[1,10,12],"killed_by":"Hexaghost","ascension_level":5}