{"gold_per_floor":[117,117,2,2,19,19,46,46,46,59,77,77,94,94,94,166,166,179,79,93,108,78,78,96,111,137,137,162,180,180,105,105,105],"floor_reached":33,"playtime":908,"items_purged":["Defend_G","Strike_G"],"score":507,"play_id":"870303d7-ddb7-4d21-b288-b8ab754f5318","local_time":"20190921070909","is_ascension_mode":true,"campfire_choices":[{"data":"Noxious Fumes","floor":6,"key":"SMITH"},{"data":"Noxious Fumes","floor":8,"key":"SMITH"},{"data":"Neutralize","floor":12,"key":"SMITH"},{"floor":15,"key":"REST"},{"floor":23,"key":"REST"},{"floor":27,"key":"REST"},{"floor":30,"key":"REST"},{"floor":32,"key":"REST"}],"neow_cost":"PERCENT_DAMAGE","seed_source_timestamp":9386230218111,"circlet_count":0,"master_deck":["AscendersBane","Defend_G","Defend_G","Defend_G","Survivor","Neutralize+1","Noxious Fumes+1","Noxious Fumes+1","Poisoned Stab","Poisoned Stab","Deadly Poison+1","Prepared+1","Concentrate+1","Wraith Form v2","Cloak And Dagger+1","Dodge and Roll+1","Deflect+1","PiercingWail+1"],"special_seed":0,"relics":["Ring of the Snake","Toxic Egg 2","Sundial","Sozu","Art of War","Potion Belt"],"potions_floor_usage":[7,7,21],"damage_taken":[{"damage":0,"enemies":"2 Louse","floor":1,"turns":4},{"damage":0,"enemies":"Small Slimes","floor":5,"turns":4},{"damage":22,"enemies":"Gremlin Nob","floor":7,"turns":4},{"damage":0,"enemies":"Cultist","floor":10,"turns":3},{"damage":13,"enemies":"Blue Slaver","floor":11,"turns":3},{"damage":4,"enemies":"Exordium Thugs","floor":13,"turns":4},{"damage":30,"enemies":"Hexaghost","floor":16,"turns":8},{"damage":9,"enemies":"Chosen","floor":18,"turns":4},{"damage":15,"enemies":"Spheric Guardian","floor":20,"turns":5},{"damage":19,"enemies":"Snake Plant","floor":21,"turns":4},{"damage":6,"enemies":"Snecko","floor":24,"turns":5},{"damage":6,"enemies":"Cultist and Chosen","floor":25,"turns":7},{"damage":11,"enemies":"Book of Stabbing","floor":28,"turns":7},{"damage":19,"enemies":"Snake Plant","floor":29,"turns":5},{"damage":45,"enemies":"Champ","floor":33,"turns":7}],"seed_played":"-5424089459908695680","potions_obtained":[{"floor":1,"key":"DuplicationPotion"},{"floor":5,"key":"Strength Potion"},{"floor":16,"key":"Poison Potion"}],"is_trial":false,"path_per_floor":["M","?","$","?","M","R","E","R","T","M","M","R","M","?","R","B",null,"M","$","M","M","$","R","M","M","T","R","E","M","R","?","R","B"],"character_chosen":"THE_SILENT","items_purchased":["Noxious Fumes","Dodge and Roll+1"],"campfire_rested":5,"item_purchase_floors":[3,22],"current_hp_per_floor":[44,44,44,66,66,66,44,44,44,44,31,31,27,27,46,16,54,45,45,30,11,11,30,24,18,18,37,26,7,26,26,45,0],"gold":105,"neow_bonus":"REMOVE_TWO","is_prod":false,"is_daily":false,"chose_seed":false,"campfire_upgraded":3,"win_rate":0,"timestamp":1569074949,"path_taken":["M","?","$","?","M","R","E","R","T","M","M","R","M","?","R","BOSS","M","$","M","M","?","R","M","M","T","R","E","M","R","?","R","BOSS"],"build_version":"2019-09-20","purchased_purges":2,"victory":false,"max_hp_per_floor":[66,66,66,66,66,66,66,66,66,66,66,66,66,66,66,66,66,66,66,66,66,66,66,66,66,66,66,66,66,66,66,66,66],"card_choices":[{"not_picked":["Dagger Spray","Bane"],"picked":"Noxious Fumes","floor":1},{"not_picked":["Escape Plan","Dagger Throw"],"picked":"Poisoned Stab","floor":5},{"not_picked":["Burst","Backflip"],"picked":"Poisoned Stab","floor":7},{"not_picked":["Distraction+1","Slice"],"picked":"Deadly Poison+1","floor":10},{"not_picked":["Riddle With Holes","Slice"],"picked":"Prepared+1","floor":11},{"not_picked":["Deadly Poison+1","Finisher","Poisoned Stab"],"picked":"SKIP","floor":13},{"not_picked":["Tools of the Trade","Glass Knife"],"picked":"Wraith Form v2","floor":16},{"not_picked":["Slice","PiercingWail+1"],"picked":"Cloak And Dagger+1","floor":18},{"not_picked":["Expertise+1","Acrobatics+1","Quick Slash"],"picked":"SKIP","floor":20},{"not_picked":["Dagger Spray","Terror+1","Finisher"],"picked":"SKIP","floor":21},{"not_picked":["Storm of Steel+1","Dagger Throw"],"picked":"Deflect+1","floor":24},{"not_picked":["Prepared+1","Skewer"],"picked":"PiercingWail+1","floor":25},{"not_picked":["Cloak And Dagger+1","Deadly Poison+1","Flying Knee+1"],"picked":"SKIP","floor":28},{"not_picked":["Backstab","Underhanded Strike+1","Poisoned Stab+1"],"picked":"SKIP","floor":29}],"player_experience":679868,"relics_obtained":[{"floor":7,"key":"Toxic Egg 2"},{"floor":9,"key":"Sundial"},{"floor":26,"key":"Art of War"},{"floor":28,"key":"Potion Belt"}],"event_choices":[{"cards_removed":["Strike_G"],"damage_healed":0,"gold_gain":0,"player_choice":"Forget","damage_taken":0,"max_hp_gain":0,"max_hp_loss":0,"event_name":"Living Wall","floor":2,"gold_loss":0},{"damage_healed":22,"gold_gain":0,"player_choice":"Banana","damage_taken":0,"max_hp_gain":0,"max_hp_loss":0,"event_name":"Big Fish","floor":4,"gold_loss":0},{"damage_healed":0,"gold_gain":0,"cards_transformed":["Strike_G"],"player_choice":"Transformed","damage_taken":0,"max_hp_gain":0,"max_hp_loss":0,"event_name":"Transmorgrifier","floor":14,"gold_loss":0,"cards_obtained":["Concentrate"]},{"cards_removed":["Strike_G"],"damage_healed":0,"gold_gain":0,"player_choice":"Gave Gold","damage_taken":0,"max_hp_gain":0,"max_hp_loss":0,"event_name":"Beggar","floor":31,"gold_loss":75}],"is_beta":true,"boss_relics":[{"not_picked":["SlaversCollar","Ectoplasm"],"picked":"Sozu"}],"items_purged_floors":[3,19],"is_endless":false,"potions_floor_spawned":[1,5,16,20,21,24],"killed_by":"Champ","ascension_level":18}