{"path_per_floor":["M","M","M","?","M","R","M","R","T","E","$","M","R","M","R","B",null,"M","M","?","M","$","E","R","M","T","M","M","R","M","M","R"],"character_chosen":"IRONCLAD","items_purchased":["Shuriken","Mind Blast"],"gold_per_floor":[115,125,140,315,327,327,345,345,345,377,50,65,65,82,82,182,182,198,214,214,232,131,163,163,177,222,242,252,252,268,288,288,288],"floor_reached":33,"campfire_rested":5,"playtime":1205,"current_hp_per_floor":[72,74,77,77,79,79,69,69,69,27,27,21,45,45,69,8,62,47,53,53,34,34,21,37,28,28,19,18,34,34,15,31,0],"items_purged":["Doubt"],"gold":288,"score":451,"play_id":"b0d41ad8-418b-41d3-9ec8-9966b4ef5ad1","local_time":"20180516204648","is_prod":false,"is_daily":false,"chose_seed":false,"is_ascension_mode":true,"campfire_upgraded":2,"timestamp":1526518008,"path_taken":["M","?","M","?","M","R","M","R","T","E","$","M","R","M","R","BOSS","M","M","?","M","$","E","R","?","T","M","M","R","M","M","R","BOSS"],"build_version":"2018-05-15","seed_source_timestamp":179912144102496,"purchased_purges":1,"victory":false,"master_deck":["Defend_R","Defend_R","Defend_R","Defend_R","Bash+1","AscendersBane","Twin Strike","Reckless Charge+1","Wild Strike+1","Shrug It Off","Fiend Fire+1","Shrug It Off","Bite+1","Bite+1","Bite+1","Bite+1","Bite+1","Pommel Strike+1","Mind Blast+1","Twin Strike+1","Shrug It Off+1","Cleave+1"],"max_hp_per_floor":[80,80,80,80,80,80,80,80,80,80,80,80,80,80,80,80,80,80,80,56,56,56,56,56,56,56,56,56,56,56,56,56,56],"relics":["Burning Blood","Molten Egg 2","Omamori","Shuriken","Lizard Tail","Mummified Hand","Potion Belt"],"card_choices":[{"not_picked":["Iron Wave","Battle Trance"],"picked":"Twin Strike","floor":1},{"not_picked":["Pommel Strike","Thunderclap"],"picked":"Reckless Charge","floor":2},{"not_picked":["Headbutt","Anger","Corruption"],"picked":"SKIP","floor":3},{"not_picked":["Dropkick","Sword Boomerang","Pummel"],"picked":"SKIP","floor":5},{"not_picked":["Dropkick","Thunderclap","Clothesline"],"picked":"SKIP","floor":7},{"not_picked":["Dual Wield","Cleave+1"],"picked":"Wild Strike+1","floor":10},{"not_picked":["Shockwave","Shrug It Off","Havoc"],"picked":"SKIP","floor":12},{"not_picked":["Shockwave","Havoc"],"picked":"Shrug It Off","floor":12},{"not_picked":["Body Slam+1","Flame Barrier","Shrug It Off"],"picked":"SKIP","floor":14},{"not_picked":["Barricade","Double Tap"],"picked":"Fiend Fire+1","floor":16},{"not_picked":["Seeing Red","Second Wind","Warcry"],"picked":"SKIP","floor":18},{"not_picked":["Combust","Thunderclap+1"],"picked":"Shrug It Off","floor":19},{"not_picked":["Headbutt+1","Flex+1"],"picked":"Pommel Strike+1","floor":21},{"not_picked":["Flame Barrier+1","Feed+1"],"picked":"Twin Strike+1","floor":23},{"not_picked":["Sword Boomerang+1","Headbutt+1"],"picked":"Shrug It Off+1","floor":25},{"not_picked":["Sentinel","Bloodletting","Anger+1"],"picked":"SKIP","floor":27},{"not_picked":["Clothesline+1","Wild Strike+1"],"picked":"Cleave+1","floor":28},{"not_picked":["Armaments","Exhume","Headbutt+1"],"picked":"SKIP","floor":30},{"not_picked":["Thunderclap+1","Fire Breathing","Headbutt+1"],"picked":"SKIP","floor":31}],"player_experience":771196,"potions_floor_usage":[10,10,16,21,23,33,33,33],"damage_taken":[{"damage":6,"enemies":"Cultist","floor":1,"turns":4},{"damage":4,"enemies":"Jaw Worm","floor":2,"turns":5},{"damage":3,"enemies":"2 Louse","floor":3,"turns":3},{"damage":4,"enemies":"Large Slime","floor":5,"turns":5},{"damage":16,"enemies":"3 Louse","floor":7,"turns":4},{"damage":48,"enemies":"Gremlin Nob","floor":10,"turns":5},{"damage":12,"enemies":"Looter","floor":12,"turns":3},{"damage":6,"enemies":"Large Slime","floor":14,"turns":3},{"damage":67,"enemies":"The Guardian","floor":16,"turns":13},{"damage":21,"enemies":"Spheric Guardian","floor":18,"turns":4},{"damage":0,"enemies":"Chosen","floor":19,"turns":3},{"damage":73,"enemies":"Centurion and Healer","floor":21,"turns":5},{"damage":34,"enemies":"Gremlin Leader","floor":23,"turns":7},{"damage":33,"enemies":"3 Cultists","floor":25,"turns":5},{"damage":24,"enemies":"Snake Plant","floor":27,"turns":4},{"damage":13,"enemies":"Snecko","floor":28,"turns":4},{"damage":24,"enemies":"Cultist and Chosen","floor":30,"turns":5},{"damage":28,"enemies":"Snake Plant","floor":31,"turns":4},{"damage":63,"enemies":"Champ","floor":33,"turns":10}],"relics_obtained":[{"floor":9,"key":"Molten Egg 2"},{"floor":10,"key":"Omamori"},{"floor":23,"key":"Mummified Hand"},{"floor":26,"key":"Potion Belt"}],"event_choices":[{"event_name":"Liars Game","player_choice":"agreed","floor":4,"damage_taken":0},{"event_name":"Vampires","player_choice":"Became a vampire","floor":20,"damage_taken":0}],"boss_relics":[{"not_picked":["Eternal Feather","White Beast Statue"],"picked":"Lizard Tail"}],"potions_floor_spawned":[2,3,7,14,19,27,28,31],"seed_played":"-3957312932509609799","killed_by":"Champ","ascension_level":11,"potions_obtained":[{"floor":2,"key":"SpeedPotion"},{"floor":3,"key":"Strength Potion"},{"floor":7,"key":"SneckoOil"},{"floor":14,"key":"Explosive Potion"},{"floor":19,"key":"Fire Potion"},{"floor":27,"key":"BloodPotion"},{"floor":28,"key":"Dexterity Potion"},{"floor":31,"key":"PowerPotion"}],"is_trial":false}