{"gold_per_floor":[110,35,54,73,123,123,148,166,220,220,232,246,246,279,279,356,356,369,192,107,107,107,107,32,32,32,44,44,44,63,78,78,154,154,167,167,167,167,167,167,193,205,228,228,242,242,242,260,260,260],"floor_reached":50,"playtime":2252,"items_purged":["Strike_B"],"score":908,"play_id":"9fa04e86-b4e3-43a0-95d8-6afadefc3a8e","local_time":"20181015230740","is_ascension_mode":true,"campfire_choices":[{"data":"Hologram","floor":6.0,"key":"SMITH"},{"floor":10.0,"key":"REST"},{"floor":13.0,"key":"REST"},{"data":"Streamline","floor":15.0,"key":"SMITH"},{"data":"Blind","floor":23.0,"key":"SMITH"},{"data":"Coolheaded","floor":25.0,"key":"SMITH"},{"data":"Zap","floor":28.0,"key":"SMITH"},{"data":"Skim","floor":32.0,"key":"SMITH"},{"data":"Reinforced Body","floor":40.0,"key":"SMITH"},{"floor":44.0,"key":"REST"},{"floor":46.0,"key":"REST"},{"floor":49.0,"key":"REST"}],"neow_cost":"","seed_source_timestamp":255265333818766,"circlet_count":0,"master_deck":["Zap+1","Dualcast","AscendersBane","Reinforced Body+1","Hologram+1","Gash","Ball Lightning","Streamline+1","Sweeping Beam","Gash","Thunder Strike","Electrodynamics+1","Sweeping Beam+1","Scrape+1","Coolheaded+1","Blind+1","Steam+1","Skim+1","FTL","All For One","Decay","Clumsy","Decay","Conserve Battery+1","Skim+1","Streamline+1","The Bomb"],"special_seed":0,"relics":["Cracked Core","Kunai","Happy Flower","Juzu Bracelet","Astrolabe","Du-Vu Doll","Singing Bowl","Calling Bell","Oddly Smooth Stone","Question Card","Nunchaku","Torii","DataDisk"],"potions_floor_usage":[50],"damage_taken":[{"damage":7.0,"enemies":"Small Slimes","floor":1.0,"turns":3.0},{"damage":0.0,"enemies":"Jaw Worm","floor":3.0,"turns":3.0},{"damage":0.0,"enemies":"Cultist","floor":4.0,"turns":3.0},{"damage":38.0,"enemies":"Gremlin Nob","floor":7.0,"turns":5.0},{"damage":16.0,"enemies":"Lots of Slimes","floor":8.0,"turns":6.0},{"damage":0.0,"enemies":"Red Slaver","floor":11.0,"turns":4.0},{"damage":0.0,"enemies":"2 Fungi Beasts","floor":12.0,"turns":2.0},{"damage":20.0,"enemies":"3 Sentries","floor":14.0,"turns":5.0},{"damage":13.0,"enemies":"Hexaghost","floor":16.0,"turns":9.0},{"damage":1.0,"enemies":"3 Byrds","floor":18.0,"turns":2.0},{"damage":10.0,"enemies":"2 Thieves","floor":27.0,"turns":3.0},{"damage":2.0,"enemies":"Snake Plant","floor":30.0,"turns":3.0},{"damage":0.0,"enemies":"3 Cultists","floor":31.0,"turns":4.0},{"damage":52.0,"enemies":"Automaton","floor":33.0,"turns":8.0},{"damage":3.0,"enemies":"3 Shapes","floor":35.0,"turns":3.0},{"damage":35.0,"enemies":"2 Orb Walkers","floor":41.0,"turns":4.0},{"damage":9.0,"enemies":"3 Darklings","floor":42.0,"turns":3.0},{"damage":0.0,"enemies":"Maw","floor":45.0,"turns":6.0},{"damage":43.0,"enemies":"Transient","floor":48.0,"turns":6.0},{"damage":54,"enemies":"Awakened One","floor":50,"turns":9}],"seed_played":"-4547614244054485128","potions_obtained":[{"floor":1.0,"key":"Block Potion"},{"floor":4.0,"key":"SpeedPotion"},{"floor":7.0,"key":"Poison Potion"},{"floor":16.0,"key":"Strength Potion"},{"floor":18.0,"key":"SkillPotion"},{"floor":42.0,"key":"SpeedPotion"},{"floor":45.0,"key":"Swift Potion"},{"floor":48.0,"key":"Regen Potion"}],"is_trial":false,"path_per_floor":["M","?","M","M","?","R","E","M","T","R","M","M","R","E","R","B",null,"M","$","?","?","?","R","?","R","T","M","R","?","M","M","R","B",null,"M","?","?","?","?","R","E","M","T","R","M","R","?","M","R"],"character_chosen":"DEFECT","items_purchased":["Blind"],"campfire_rested":5,"item_purchase_floors":[19],"current_hp_per_floor":[57,57,57,57,57,57,19,3,3,24,24,24,45,25,25,12,56,55,55,55,55,55,55,55,55,55,45,45,59,57,57,57,5,55,52,52,52,52,52,52,17,10,10,31,33,55,55,14,37,0],"gold":260,"neow_bonus":"","is_prod":false,"is_daily":false,"chose_seed":false,"campfire_upgraded":7,"win_rate":0,"timestamp":1539670060,"path_taken":["M","?","M","M","?","R","E","M","T","R","M","M","R","E","R","BOSS","M","$","?","?","?","R","?","R","T","M","R","?","M","M","R","BOSS","M","?","?","?","?","R","E","M","T","R","M","R","?","M","R","BOSS"],"build_version":"2018-10-11","purchased_purges":1,"victory":false,"max_hp_per_floor":[71,71,71,71,71,71,71,71,71,71,71,71,71,71,71,71,71,71,71,71,71,71,71,71,71,71,71,71,71,71,71,71,71,71,71,71,71,71,71,71,71,73,73,73,75,75,75,77,77,77],"card_choices":[{"not_picked":["Fusion","Blizzard"],"picked":"Reinforced Body","floor":1.0},{"not_picked":["Rip and Tear","Beam Cell"],"picked":"Hologram","floor":3.0},{"not_picked":["Auto Shields","Hello World"],"picked":"Gash","floor":4.0},{"not_picked":["Conserve Battery","Auto Shields"],"picked":"Ball Lightning","floor":7.0},{"not_picked":["Go for the Eyes","Leap"],"picked":"Streamline","floor":8.0},{"not_picked":["Cold Snap","Reinforced Body"],"picked":"Sweeping Beam","floor":11.0},{"not_picked":["Heatsinks","Leap"],"picked":"Gash","floor":12.0},{"not_picked":["Streamline","Cold Snap","Leap"],"picked":"SKIP","floor":14.0},{"not_picked":["Machine Learning","Creative AI"],"picked":"Thunder Strike","floor":16.0},{"not_picked":["Streamline","Barrage"],"picked":"Coolheaded","floor":18.0},{"not_picked":["White Noise","Hyperbeam"],"picked":"Steam+1","floor":27.0},{"not_picked":["Beam Cell","Rebound"],"picked":"Skim","floor":30.0},{"not_picked":["Sweeping Beam","Turbo"],"picked":"FTL","floor":31.0},{"not_picked":["Buffer","Creative AI"],"picked":"All For One","floor":33.0},{"not_picked":["Redo","Aggregate","Leap"],"picked":"Conserve Battery+1","floor":35.0},{"not_picked":["White Noise","Steam","Multi-Cast"],"picked":"Streamline+1","floor":41.0},{"not_picked":["Darkness","Rebound","Melter","Ball Lightning+1"],"picked":"Singing Bowl","floor":42.0},{"not_picked":["Turbo","Fusion","Cold Snap","Ball Lightning"],"picked":"Singing Bowl","floor":45.0},{"not_picked":["HandOfGreed","Finesse","Master of Strategy"],"picked":"The Bomb","floor":47.0},{"not_picked":["Beam Cell","Lockon","Self Repair","Turbo"],"picked":"Singing Bowl","floor":48.0}],"player_experience":542889,"relics_obtained":[{"floor":7.0,"key":"Kunai"},{"floor":9.0,"key":"Happy Flower"},{"floor":14.0,"key":"Juzu Bracelet"},{"floor":26.0,"key":"Singing Bowl"},{"floor":34.0,"key":"Oddly Smooth Stone"},{"floor":34.0,"key":"Question Card"},{"floor":34.0,"key":"Nunchaku"},{"floor":41.0,"key":"Torii"},{"floor":43.0,"key":"DataDisk"}],"event_choices":[{"event_name":"The Cleric","player_choice":"Card Removal","floor":2.0,"damage_taken":0.0},{"event_name":"Golden Shrine","player_choice":"Pray","floor":5.0,"damage_taken":0.0},{"event_name":"Addict","player_choice":"Obtained Relic","floor":20.0,"damage_taken":0.0},{"event_name":"Back to Basics","player_choice":"Elegance","floor":21.0,"damage_taken":0.0},{"event_name":"Cursed Tome","player_choice":"Ignored","floor":22.0,"damage_taken":0.0},{"event_name":"Beggar","player_choice":"Gave Gold","floor":24.0,"damage_taken":0.0},{"event_name":"The Library","player_choice":"Heal","floor":29.0,"damage_taken":0.0},{"event_name":"Fountain of Cleansing","player_choice":"Ignored","floor":36.0,"damage_taken":0.0},{"event_name":"Duplicator","player_choice":"One dupe","floor":37.0,"damage_taken":0.0},{"event_name":"Tomb of Lord Red Mask","player_choice":"Ignored","floor":38.0,"damage_taken":0.0},{"event_name":"Purifier","player_choice":"One Purge","floor":39.0,"damage_taken":0.0},{"event_name":"SensoryStone","player_choice":"Memory 1","floor":47.0,"damage_taken":0.0}],"is_beta":true,"boss_relics":[{"not_picked":["Philosopher\u0027s Stone","Tiny House"],"picked":"Astrolabe"},{"not_picked":["Inserter","Orrery"],"picked":"Calling Bell"}],"items_purged_floors":[19],"is_endless":false,"potions_floor_spawned":[1,4,7,16,18,27,42,45,48],"killed_by":"Awakened One","ascension_level":18}