{"gold_per_floor":[111,128,203,40,40,40,51,80,80,80,99,129,139,174,174,248,248,258,258,289,289,289,289,289],"floor_reached":24,"playtime":2014,"items_purged":[],"score":449,"play_id":"62f9cc6f-8902-454c-8a24-467dcd6e0e96","local_time":"20190928021012","is_ascension_mode":true,"campfire_choices":[{"floor":6.0,"key":"REST"},{"floor":10.0,"key":"REST"},{"floor":15.0,"key":"REST"},{"floor":23.0,"key":"REST"}],"neow_cost":"NONE","seed_source_timestamp":1655248500538629,"circlet_count":0,"master_deck":["AscendersBane","Defend_B","Defend_B","Defend_B","Defend_B","Zap","Dualcast","White Noise","Loop+1","Cold Snap","Go for the Eyes","Melter","Reinforced Body","Chill","Electrodynamics","Ball Lightning","Bite","Bite","Bite","Bite","Bite","Decay"],"special_seed":0,"relics":["Fusion Hammer","Lantern","Blue Candle","Bottled Lightning","Calipers","Bag of Preparation","Inserter","Red Mask"],"potions_floor_usage":[],"damage_taken":[{"damage":5.0,"enemies":"Small Slimes","floor":1.0,"turns":3.0},{"damage":2.0,"enemies":"2 Louse","floor":2.0,"turns":4.0},{"damage":0.0,"enemies":"Cultist","floor":7.0,"turns":4.0},{"damage":14.0,"enemies":"3 Sentries","floor":8.0,"turns":9.0},{"damage":1.0,"enemies":"Looter","floor":11.0,"turns":3.0},{"damage":26.0,"enemies":"Gremlin Nob","floor":12.0,"turns":4.0},{"damage":5.0,"enemies":"3 Louse","floor":13.0,"turns":4.0},{"damage":16.0,"enemies":"3 Sentries","floor":14.0,"turns":7.0},{"damage":22.0,"enemies":"The Guardian","floor":16.0,"turns":14.0},{"damage":0.0,"enemies":"Spheric Guardian","floor":18.0,"turns":4.0},{"damage":41.0,"enemies":"Masked Bandits","floor":20.0,"turns":5.0},{"damage":38,"enemies":"Gremlin Leader","floor":24,"turns":2}],"seed_played":"-7339098001947708578","potions_obtained":[{"floor":8.0,"key":"SpeedPotion"},{"floor":12.0,"key":"Poison Potion"},{"floor":20.0,"key":"FearPotion"}],"is_trial":false,"path_per_floor":["M","M","?","$","?","R","M","E","T","R","M","E","M","E","R","B",null,"M","?","?","$","?","R","E"],"character_chosen":"DEFECT","items_purchased":["Lantern"],"campfire_rested":4,"item_purchase_floors":[4],"current_hp_per_floor":[59,57,46,46,46,67,67,53,53,71,70,44,39,23,44,22,59,59,49,14,14,14,28,0],"gold":289,"neow_bonus":"BOSS_RELIC","is_prod":false,"is_daily":false,"chose_seed":false,"campfire_upgraded":0,"win_rate":0,"timestamp":1569651012,"path_taken":["M","M","?","$","?","R","M","E","T","R","M","E","M","E","R","BOSS","M","?","?","$","?","R","E"],"build_version":"2019-07-17","purchased_purges":0,"victory":false,"max_hp_per_floor":[71,71,71,71,71,71,71,71,71,71,71,71,71,71,71,71,71,71,49,49,49,49,49,49],"card_choices":[{"not_picked":["Steam","Streamline"],"picked":"White Noise","floor":1.0},{"not_picked":["Beam Cell","Redo"],"picked":"Loop","floor":2.0},{"not_picked":["Compile Driver","Force Field"],"picked":"Cold Snap","floor":7.0},{"not_picked":["Stack","Ball Lightning"],"picked":"Go for the Eyes","floor":8.0},{"not_picked":["Hologram","Compile Driver","Barrage"],"picked":"SKIP","floor":11.0},{"not_picked":["Hologram","Conserve Battery"],"picked":"Melter","floor":12.0},{"not_picked":["Stack","Streamline"],"picked":"Reinforced Body","floor":13.0},{"not_picked":["Leap","Turbo"],"picked":"Chill","floor":14.0},{"not_picked":["Creative AI","Multi-Cast"],"picked":"Electrodynamics","floor":16.0},{"not_picked":["Gash","Streamline"],"picked":"Ball Lightning","floor":18.0}],"player_experience":504796,"relics_obtained":[{"floor":8.0,"key":"Blue Candle"},{"floor":9.0,"key":"Bottled Lightning"},{"floor":12.0,"key":"Calipers"},{"floor":14.0,"key":"Bag of Preparation"},{"floor":20.0,"key":"Red Mask"}],"event_choices":[{"damage_healed":0.0,"max_hp_gain":0.0,"max_hp_loss":0.0,"gold_gain":75.0,"event_name":"World of Goop","player_choice":"Gather Gold","floor":3.0,"gold_loss":0.0,"damage_taken":11.0},{"damage_healed":0.0,"max_hp_gain":0.0,"max_hp_loss":0.0,"gold_gain":0.0,"event_name":"Upgrade Shrine","player_choice":"Upgraded","floor":5.0,"gold_loss":0.0,"damage_taken":0.0,"cards_upgraded":["Loop"]},{"damage_healed":0.0,"max_hp_gain":0.0,"max_hp_loss":22.0,"gold_gain":0.0,"event_name":"Vampires","player_choice":"Became a vampire","floor":19.0,"gold_loss":0.0,"damage_taken":0.0,"cards_obtained":["Bite","Bite","Bite","Bite","Bite"]},{"damage_healed":0.0,"max_hp_gain":0.0,"max_hp_loss":0.0,"gold_gain":0.0,"event_name":"Masked Bandits","player_choice":"Fought Bandits","floor":20.0,"gold_loss":0.0,"damage_taken":0.0},{"damage_healed":0.0,"max_hp_gain":0.0,"max_hp_loss":0.0,"gold_gain":0.0,"event_name":"Forgotten Altar","player_choice":"Smashed Altar","floor":22.0,"gold_loss":0.0,"damage_taken":0.0,"cards_obtained":["Decay"]}],"is_beta":false,"boss_relics":[{"not_picked":["Tiny House","Busted Crown"],"picked":"Inserter"}],"items_purged_floors":[],"is_endless":false,"potions_floor_spawned":[8,12,13,20],"killed_by":"Gremlin Leader","ascension_level":20}