{"gold_per_floor":[116,134,134,209,220,220,239,239,292,327,33,49,49,84,84,183,183,196,229,229,245,14,14,41,41,65,65,77,77,77,77,77,177,177,187,200,73,73,88,88,88,9,9,24,44,44,62,73,73,73],"floor_reached":51,"playtime":2892,"items_purged":["Amplify","Reprogram"],"score":862,"play_id":"5845d79d-941b-4e55-98ad-c6ec26724d12","local_time":"20190831191524","is_ascension_mode":true,"campfire_choices":[{"data":"Cold Snap","floor":6,"key":"SMITH"},{"floor":8,"key":"REST"},{"data":"Capacitor","floor":13,"key":"SMITH"},{"data":"Loop","floor":15,"key":"SMITH"},{"floor":23,"key":"REST"},{"data":"Self Repair","floor":29,"key":"SMITH"},{"data":"Conserve Battery","floor":32,"key":"SMITH"},{"data":"Capacitor","floor":40,"key":"SMITH"},{"data":"Coolheaded","floor":46,"key":"SMITH"},{"floor":49,"key":"REST"}],"neow_cost":"NONE","seed_source_timestamp":10923191960800,"circlet_count":0,"master_deck":["Zap","Dualcast+1","Electrodynamics","Self Repair+1","Conserve Battery+1","Cold Snap+1","Capacitor+1","Cold Snap","Loop+1","Leap","Turbo","Stack","Ball Lightning","Sunder","Capacitor+1","Ball Lightning","Barrage+1","Chill","Conserve Battery+1","Coolheaded+1","Go for the Eyes","Biased Cognition","Cold Snap","Go for the Eyes","Redo+1","Cold Snap+1","Chill","Parasite","Barrage"],"relics":["Cracked Core","Centennial Puzzle","Pen Nib","War Paint","Emotion Chip","DataDisk","Pandora\u0027s Box","Red Mask","Regal Pillow","StoneCalendar","Orichalcum","Enchiridion","Empty Cage","Girya","Du-Vu Doll"],"potions_floor_usage":[10,18,24,24,41,44,50,50],"damage_taken":[{"damage":8,"enemies":"2 Louse","floor":1,"turns":2},{"damage":7,"enemies":"Jaw Worm","floor":2,"turns":3},{"damage":4,"enemies":"Small Slimes","floor":5,"turns":4},{"damage":2,"enemies":"3 Louse","floor":7,"turns":5},{"damage":7,"enemies":"3 Sentries","floor":10,"turns":4},{"damage":0,"enemies":"Blue Slaver","floor":12,"turns":3},{"damage":20,"enemies":"Lagavulin","floor":14,"turns":6},{"damage":0,"enemies":"Slime Boss","floor":16,"turns":6},{"damage":0,"enemies":"3 Byrds","floor":18,"turns":1},{"damage":44,"enemies":"Masked Bandits","floor":19,"turns":4},{"damage":11,"enemies":"Spheric Guardian","floor":21,"turns":3},{"damage":8,"enemies":"Book of Stabbing","floor":24,"turns":4},{"damage":2,"enemies":"3 Cultists","floor":28,"turns":3},{"damage":40,"enemies":"Champ","floor":33,"turns":10},{"damage":0,"enemies":"3 Darklings","floor":35,"turns":2},{"damage":9,"enemies":"Orb Walker","floor":36,"turns":4},{"damage":13,"enemies":"3 Darklings","floor":39,"turns":2},{"damage":0,"enemies":"Writhing Mass","floor":41,"turns":1},{"damage":22,"enemies":"Jaw Worm Horde","floor":44,"turns":3},{"damage":11,"enemies":"4 Shapes","floor":45,"turns":5},{"damage":0,"enemies":"Transient","floor":47,"turns":5},{"damage":15,"enemies":"Writhing Mass","floor":48,"turns":6},{"damage":49,"enemies":"Donu and Deca","floor":50,"turns":6}],"seed_played":"570604827206741838","potions_obtained":[{"floor":5,"key":"Dexterity Potion"},{"floor":14,"key":"SkillPotion"},{"floor":19,"key":"Fire Potion"},{"floor":21,"key":"PowerPotion"},{"floor":33,"key":"Energy Potion"},{"floor":35,"key":"Dexterity Potion"},{"floor":36,"key":"SmokeBomb"},{"floor":48,"key":"Fire Potion"}],"is_trial":false,"path_per_floor":["M","M","?","?","M","R","M","R","T","E","$","M","R","E","R","B",null,"M","?","?","M","$","R","E","?","T","?","M","R","$","?","R","B",null,"M","M","$","?","M","R","M","?","T","M","M","R","M","M","R","B",null],"character_chosen":"DEFECT","items_purchased":["Emotion Chip","Regal Pillow","Go for the Eyes"],"campfire_rested":3,"item_purchase_floors":[11,22,37],"current_hp_per_floor":[67,67,60,49,52,52,57,75,75,75,75,75,75,62,62,69,75,75,38,38,34,34,71,70,70,70,54,59,59,59,59,59,29,75,75,75,75,71,68,68,68,68,68,56,55,55,65,60,71,32],"gold":73,"neow_bonus":"ONE_RANDOM_RARE_CARD","is_prod":false,"is_daily":false,"chose_seed":false,"campfire_upgraded":7,"win_rate":0,"timestamp":1567275324,"path_taken":["M","M","?","?","?","R","M","R","T","E","$","M","R","E","R","BOSS","M","?","?","M","$","R","E","?","T","?","M","R","$","?","R","BOSS","M","M","$","?","M","R","M","?","T","M","?","R","M","M","R","BOSS"],"build_version":"2019-07-17","purchased_purges":2,"victory":true,"max_hp_per_floor":[75,75,75,75,75,75,75,75,75,75,75,75,75,75,75,75,75,75,75,75,75,75,75,75,75,75,75,75,75,75,75,75,75,75,75,75,75,71,71,71,71,71,71,71,71,71,71,71,71,71],"card_choices":[{"not_picked":["Conserve Battery","Hologram"],"picked":"Self Repair","floor":1},{"not_picked":["Barrage","Stack"],"picked":"Conserve Battery","floor":2},{"not_picked":["Steam","Hologram"],"picked":"Cold Snap","floor":5},{"not_picked":["Rebound","Go for the Eyes"],"picked":"Capacitor","floor":7},{"not_picked":["Streamline","Darkness"],"picked":"Cold Snap","floor":10},{"not_picked":["Multi-Cast","Self Repair"],"picked":"Loop","floor":12},{"not_picked":["Beam Cell","Stack"],"picked":"Leap","floor":14},{"not_picked":["Meteor Strike","Fission"],"picked":"Amplify","floor":16},{"not_picked":["Redo","Rebound"],"picked":"Ball Lightning","floor":18},{"not_picked":["Lockon","Capacitor"],"picked":"Barrage+1","floor":19},{"not_picked":["Hello World","Steam+1"],"picked":"Chill","floor":21},{"not_picked":["Go for the Eyes","Hologram"],"picked":"Conserve Battery","floor":24},{"not_picked":["White Noise","Barrage"],"picked":"Go for the Eyes","floor":28},{"not_picked":["Amplify","Reboot"],"picked":"Biased Cognition","floor":33},{"not_picked":["Streamline","Beam Cell+1"],"picked":"Cold Snap","floor":35},{"not_picked":["Auto Shields+1","Barrage","Compile Driver+1"],"picked":"SKIP","floor":36},{"not_picked":["Doom and Gloom+1","Ball Lightning+1"],"picked":"Redo+1","floor":39},{"not_picked":["Leap+1","Compile Driver"],"picked":"Cold Snap+1","floor":44},{"not_picked":["Amplify","Storm"],"picked":"Chill","floor":45},{"not_picked":["Streamline","Skim+1","Gash+1"],"picked":"SKIP","floor":47},{"not_picked":["Streamline","Beam Cell"],"picked":"Barrage","floor":48}],"player_experience":174864,"relics_obtained":[{"floor":9,"key":"Pen Nib"},{"floor":10,"key":"War Paint"},{"floor":14,"key":"DataDisk"},{"floor":19,"key":"Red Mask"},{"floor":24,"key":"StoneCalendar"},{"floor":26,"key":"Orichalcum"},{"floor":27,"key":"Enchiridion"},{"floor":43,"key":"Du-Vu Doll"}],"event_choices":[{"damage_healed":0,"gold_gain":0,"player_choice":"Success","damage_taken":7,"relics_obtained":["Centennial Puzzle"],"max_hp_gain":0,"max_hp_loss":0,"event_name":"Scrap Ooze","floor":3,"gold_loss":0},{"damage_healed":0,"gold_gain":75,"player_choice":"Gather Gold","damage_taken":11,"max_hp_gain":0,"max_hp_loss":0,"event_name":"World of Goop","floor":4,"gold_loss":0},{"damage_healed":0,"gold_gain":0,"player_choice":"Fought Bandits","damage_taken":0,"max_hp_gain":0,"max_hp_loss":0,"event_name":"Masked Bandits","floor":19,"gold_loss":0},{"damage_healed":0,"gold_gain":0,"player_choice":"Ignored","damage_taken":0,"max_hp_gain":0,"max_hp_loss":0,"event_name":"The Mausoleum","floor":20,"gold_loss":0},{"damage_healed":0,"gold_gain":0,"player_choice":"Read","damage_taken":0,"max_hp_gain":0,"max_hp_loss":0,"event_name":"The Library","floor":25,"gold_loss":0,"cards_obtained":["Coolheaded"]},{"damage_healed":0,"gold_gain":0,"player_choice":"Obtained Book","damage_taken":16,"max_hp_gain":0,"max_hp_loss":0,"event_name":"Cursed Tome","floor":27,"gold_loss":0},{"damage_healed":0,"gold_gain":0,"player_choice":"Max HP","damage_taken":0,"max_hp_gain":0,"max_hp_loss":4,"event_name":"Winding Halls","floor":38,"gold_loss":0},{"damage_healed":0,"gold_gain":0,"player_choice":"Paid Gold","damage_taken":0,"relics_obtained":["Girya"],"max_hp_gain":0,"max_hp_loss":0,"event_name":"WeMeetAgain","floor":42,"gold_loss":79}],"is_beta":false,"boss_relics":[{"not_picked":["Calling Bell","Busted Crown"],"picked":"Pandora\u0027s Box"},{"not_picked":["Coffee Dripper","Astrolabe"],"picked":"Empty Cage"}],"items_purged_floors":[22,37],"is_endless":false,"potions_floor_spawned":[5,14,19,21,33,35,36,48],"ascension_level":4}