{"gold_per_floor":[118,138,155,171,171,171,196,196,196,231,231,244,269,49,49,150,150,164,176,190,190,203,236,236,270,270,270,286,286,109,109,109,206,206,224,324,224,224,275,275,302,314,326,372,397,39,39,52,52,52],"floor_reached":51,"playtime":1842,"items_purged":["Defend_B","Defend_B","Strike_B"],"score":1045,"play_id":"04ceee6a-de84-44c5-bd0f-478f3fc947d4","local_time":"20190907102842","is_ascension_mode":true,"campfire_choices":[{"data":"Barrage","floor":6.0,"key":"SMITH"},{"data":"Dualcast","floor":8.0,"key":"SMITH"},{"data":"Beam Cell","floor":11.0,"key":"SMITH"},{"data":"Rainbow","floor":15.0,"key":"SMITH"},{"floor":24.0,"key":"REST"},{"floor":27.0,"key":"REST"},{"data":"Defragment","floor":29.0,"key":"SMITH"},{"floor":32.0,"key":"REST"},{"floor":40.0,"key":"REST"},{"floor":42.0,"key":"REST"},{"floor":47.0,"key":"REST"},{"floor":49.0,"key":"REST"}],"neow_cost":"NONE","seed_source_timestamp":474313253194854,"circlet_count":0,"master_deck":["Strike_B","Defend_B","Zap","Dualcast+1","Barrage+1","Steam","Rainbow+1","Beam Cell+1","Conserve Battery","Doom and Gloom","Cold Snap","Steam","Defragment+1","Core Surge","Conserve Battery+1","Conserve Battery+1","Seek","Glacier","Doom and Gloom","Thunder Strike","Multi-Cast","Sweeping Beam+1","Multi-Cast+1"],"special_seed":0,"relics":["Cracked Core","NeowsBlessing","Bronze Scales","Mercury Hourglass","Cables","Pear","Omamori","Cursed Key","Happy Flower","Sundial","Kunai","Busted Crown","Calipers","Gambling Chip","MawBank","Toxic Egg 2","Pantograph","DollysMirror"],"potions_floor_usage":[50,50,50],"damage_taken":[{"damage":0.0,"enemies":"Small Slimes","floor":1.0,"turns":1.0},{"damage":0.0,"enemies":"Cultist","floor":2.0,"turns":1.0},{"damage":0.0,"enemies":"Jaw Worm","floor":3.0,"turns":1.0},{"damage":0.0,"enemies":"2 Fungi Beasts","floor":4.0,"turns":2.0},{"damage":8.0,"enemies":"Gremlin Nob","floor":7.0,"turns":3.0},{"damage":9.0,"enemies":"Lagavulin","floor":10.0,"turns":7.0},{"damage":5.0,"enemies":"Large Slime","floor":12.0,"turns":2.0},{"damage":10.0,"enemies":"3 Sentries","floor":13.0,"turns":3.0},{"damage":14.0,"enemies":"Hexaghost","floor":16.0,"turns":6.0},{"damage":2.0,"enemies":"3 Byrds","floor":18.0,"turns":3.0},{"damage":0.0,"enemies":"Spheric Guardian","floor":19.0,"turns":3.0},{"damage":25.0,"enemies":"Shelled Parasite and Fungi","floor":20.0,"turns":3.0},{"damage":14.0,"enemies":"Snake Plant","floor":22.0,"turns":4.0},{"damage":22.0,"enemies":"Gremlin Leader","floor":23.0,"turns":5.0},{"damage":13.0,"enemies":"Book of Stabbing","floor":25.0,"turns":5.0},{"damage":0.0,"enemies":"Cultist and Chosen","floor":28.0,"turns":4.0},{"damage":44.0,"enemies":"Automaton","floor":33.0,"turns":7.0},{"damage":4.0,"enemies":"Orb Walker","floor":35.0,"turns":3.0},{"damage":4.0,"enemies":"Mind Bloom Boss Battle","floor":36.0,"turns":8.0},{"damage":28.0,"enemies":"2 Orb Walkers","floor":39.0,"turns":4.0},{"damage":34.0,"enemies":"Giant Head","floor":41.0,"turns":8.0},{"damage":6.0,"enemies":"Nemesis","floor":44.0,"turns":5.0},{"damage":15.0,"enemies":"3 Darklings","floor":45.0,"turns":5.0},{"damage":0.0,"enemies":"Transient","floor":48.0,"turns":5.0},{"damage":9,"enemies":"Awakened One","floor":50,"turns":15}],"seed_played":"-5181418432976850833","potions_obtained":[{"floor":1.0,"key":"Swift Potion"},{"floor":4.0,"key":"GamblersBrew"},{"floor":7.0,"key":"Explosive Potion"},{"floor":16.0,"key":"FocusPotion"},{"floor":20.0,"key":"PowerPotion"},{"floor":25.0,"key":"AttackPotion"},{"floor":33.0,"key":"LiquidBronze"}],"is_trial":false,"path_per_floor":["M","M","M","M","?","R","E","R","T","E","R","M","E","$","R","B",null,"M","M","M","?","M","E","R","E","T","R","M","R","$","?","R","B",null,"M","?","$","?","?","R","E","R","T","E","M","$","R","M","R","B",null],"character_chosen":"DEFECT","items_purchased":["Defragment","Omamori","SteroidPotion","Dexterity Potion","SpeedPotion","DollysMirror"],"campfire_rested":7,"item_purchase_floors":[14,14,30,30,46,46],"current_hp_per_floor":[68,68,68,68,68,68,60,60,60,51,51,46,46,46,46,32,72,70,70,45,45,31,9,34,21,21,46,46,46,46,46,71,27,71,67,63,63,58,30,55,21,46,46,40,25,25,50,50,75,76],"gold":52,"neow_bonus":"THREE_ENEMY_KILL","is_prod":false,"is_daily":false,"chose_seed":false,"campfire_upgraded":5,"win_rate":0,"timestamp":1567819722,"path_taken":["M","M","M","M","?","R","E","R","T","E","R","M","E","$","R","BOSS","M","M","?","?","M","E","R","E","T","R","M","R","$","?","R","BOSS","M","?","$","?","?","R","E","R","T","E","M","$","R","M","R","BOSS"],"build_version":"2019-07-17","purchased_purges":3,"victory":true,"max_hp_per_floor":[75,75,75,75,75,75,75,75,75,75,75,75,85,85,85,85,85,85,85,85,85,85,85,85,85,85,85,85,85,85,85,85,85,85,85,85,85,85,85,85,85,85,85,85,85,85,85,85,85,85],"card_choices":[{"not_picked":["Blizzard","Hologram"],"picked":"Barrage","floor":1.0},{"not_picked":["Redo","Barrage"],"picked":"Steam","floor":2.0},{"not_picked":["Recycle","Coolheaded"],"picked":"Rainbow","floor":3.0},{"not_picked":["Barrage","Skim"],"picked":"Beam Cell","floor":4.0},{"not_picked":["Hologram","Rainbow"],"picked":"Conserve Battery","floor":7.0},{"not_picked":["White Noise","Redo"],"picked":"Doom and Gloom","floor":10.0},{"not_picked":["Gash","Recycle"],"picked":"Cold Snap","floor":12.0},{"not_picked":["Force Field","Cold Snap"],"picked":"Steam","floor":13.0},{"not_picked":["Rainbow","Amplify"],"picked":"Core Surge","floor":16.0},{"not_picked":["Steam","Streamline","Gash"],"picked":"SKIP","floor":18.0},{"not_picked":["Leap","Loop"],"picked":"Conserve Battery+1","floor":19.0},{"not_picked":["Go for the Eyes","Darkness"],"picked":"Conserve Battery+1","floor":20.0},{"not_picked":["Conserve Battery","Go for the Eyes"],"picked":"Seek","floor":22.0},{"not_picked":["Darkness","Cold Snap","Ball Lightning"],"picked":"SKIP","floor":23.0},{"not_picked":["Core Surge","Rebound+1"],"picked":"Glacier","floor":25.0},{"not_picked":["Go for the Eyes","Genetic Algorithm","Leap+1"],"picked":"SKIP","floor":28.0},{"not_picked":["Core Surge","Hyperbeam"],"picked":"Multi-Cast","floor":33.0},{"not_picked":["Compile Driver"],"picked":"SKIP","floor":35.0},{"not_picked":["Scrape+1"],"picked":"SKIP","floor":41.0},{"not_picked":["Consume+1"],"picked":"SKIP","floor":44.0},{"not_picked":[],"picked":"Sweeping Beam+1","floor":45.0},{"not_picked":["Beam Cell+1"],"picked":"SKIP","floor":48.0}],"player_experience":352200,"relics_obtained":[{"floor":7.0,"key":"Bronze Scales"},{"floor":9.0,"key":"Mercury Hourglass"},{"floor":10.0,"key":"Cables"},{"floor":13.0,"key":"Pear"},{"floor":23.0,"key":"Happy Flower"},{"floor":25.0,"key":"Sundial"},{"floor":26.0,"key":"Kunai"},{"floor":36.0,"key":"Calipers"},{"floor":39.0,"key":"Gambling Chip"},{"floor":41.0,"key":"MawBank"},{"floor":43.0,"key":"Toxic Egg 2"},{"floor":44.0,"key":"Pantograph"}],"event_choices":[{"cards_removed":["Strike_B"],"damage_healed":0.0,"max_hp_gain":0.0,"max_hp_loss":0.0,"gold_gain":0.0,"event_name":"Purifier","player_choice":"Purged","floor":5.0,"gold_loss":0.0,"damage_taken":0.0},{"damage_healed":0.0,"max_hp_gain":0.0,"max_hp_loss":0.0,"gold_gain":0.0,"event_name":"Ghosts","player_choice":"Ignored","floor":21.0,"gold_loss":0.0,"damage_taken":0.0},{"damage_healed":0.0,"max_hp_gain":0.0,"max_hp_loss":0.0,"gold_gain":0.0,"cards_transformed":["Strike_B","Defend_B"],"event_name":"Drug Dealer","player_choice":"Became Test Subject","floor":31.0,"gold_loss":0.0,"damage_taken":0.0,"cards_obtained":["Doom and Gloom","Thunder Strike"]},{"damage_healed":0.0,"max_hp_gain":0.0,"max_hp_loss":0.0,"gold_gain":0.0,"event_name":"MindBloom","player_choice":"Fight","floor":36.0,"gold_loss":0.0,"damage_taken":0.0},{"damage_healed":0.0,"max_hp_gain":0.0,"max_hp_loss":0.0,"gold_gain":0.0,"event_name":"SensoryStone","player_choice":"Memory 2","floor":38.0,"gold_loss":0.0,"damage_taken":5.0},{"damage_healed":0.0,"max_hp_gain":0.0,"max_hp_loss":0.0,"gold_gain":0.0,"event_name":"Mysterious Sphere","player_choice":"Fight","floor":39.0,"gold_loss":0.0,"damage_taken":0.0}],"is_beta":false,"boss_relics":[{"not_picked":["Runic Dome","Black Star"],"picked":"Cursed Key"},{"not_picked":["Velvet Choker","Pandora\u0027s Box"],"picked":"Busted Crown"}],"items_purged_floors":[30,37,46],"is_endless":false,"potions_floor_spawned":[1,4,7,16,20,25,33,39,41,45],"ascension_level":8}