{"gold_per_floor":[118,136,156,156,176,237,237,5,5,5,31,51,66,79,79,175,175,175,175,175,90,90,90,90,90,90,2,2,2,2,2,2,2,2,2,2,2,2,2,2,2,2,2,2,2,2,2,2,2,2],"floor_reached":50,"playtime":2646,"items_purged":["Strike_P","Strike_P"],"score":599,"play_id":"c92538bb-b3ec-4995-b996-625e28046664","local_time":"20190911155709","is_ascension_mode":true,"campfire_choices":[{"data":"FlyingSleeves","floor":7.0,"key":"SMITH"},{"data":"TalkToTheHand","floor":10.0,"key":"SMITH"},{"floor":15.0,"key":"REST"},{"floor":23.0,"key":"REST"},{"data":"BattleHymn","floor":30,"key":"SMITH"},{"floor":32,"key":"REST"},{"floor":40,"key":"REST"},{"floor":44,"key":"REST"},{"floor":49,"key":"REST"}],"neow_cost":"NONE","seed_source_timestamp":111520463978742,"circlet_count":0,"master_deck":["Strike_P","Defend_P+1","Defend_P","Defend_P","Defend_P","Eruption+1","Vigilance","TalkToTheHand+1","Establishment","TalkToTheHand+1","FollowUp","FlyingSleeves+1","Wireheading+1","ClearTheMind","ThirdEye","SandsOfTime+1","EmptyFist+1","BattleHymn+1","CarveReality","CutThroughFate+1","LessonLearned+1","RitualDagger","Weave","Devotion+1","DevaForm","CleanseEvil+1","Evaluate+1","CrushJoints+1","DeceiveReality+1","Worship+1"],"special_seed":0,"relics":["PureWater","Tiny Chest","Vajra","The Courier","Ginger","Ectoplasm","Blood Vial","Toxic Egg 2","Smiling Mask","Anchor","Fusion Hammer","Nunchaku","Strawberry","Eternal Feather"],"potions_floor_usage":[24,29,33,36,39,50,50,50],"damage_taken":[{"damage":0.0,"enemies":"Small Slimes","floor":1.0,"turns":4.0},{"damage":3.0,"enemies":"Cultist","floor":2.0,"turns":3.0},{"damage":0.0,"enemies":"2 Louse","floor":3.0,"turns":2.0},{"damage":14.0,"enemies":"Blue Slaver","floor":5.0,"turns":4.0},{"damage":8.0,"enemies":"Gremlin Nob","floor":6.0,"turns":6.0},{"damage":25.0,"enemies":"3 Sentries","floor":11.0,"turns":4.0},{"damage":0.0,"enemies":"2 Fungi Beasts","floor":12.0,"turns":2.0},{"damage":1.0,"enemies":"3 Louse","floor":13.0,"turns":2.0},{"damage":0.0,"enemies":"Exordium Thugs","floor":14.0,"turns":3.0},{"damage":2.0,"enemies":"Slime Boss","floor":16.0,"turns":6.0},{"damage":5.0,"enemies":"Spheric Guardian","floor":18.0,"turns":3.0},{"damage":7.0,"enemies":"Chosen","floor":19.0,"turns":4.0},{"damage":9.0,"enemies":"Shelled Parasite and Fungi","floor":20.0,"turns":3.0},{"damage":0,"enemies":"Gremlin Leader","floor":24,"turns":4},{"damage":7,"enemies":"Cultist and Chosen","floor":25,"turns":4},{"damage":24,"enemies":"Book of Stabbing","floor":29,"turns":2},{"damage":2,"enemies":"Chosen and Byrds","floor":31,"turns":3},{"damage":35,"enemies":"Collector","floor":33,"turns":9},{"damage":4,"enemies":"3 Shapes","floor":35,"turns":4},{"damage":0,"enemies":"3 Darklings","floor":36,"turns":2},{"damage":22,"enemies":"Mind Bloom Boss Battle","floor":37,"turns":5},{"damage":13,"enemies":"Transient","floor":39,"turns":5},{"damage":11,"enemies":"4 Shapes","floor":42,"turns":7},{"damage":12,"enemies":"Maw","floor":45,"turns":4},{"damage":22,"enemies":"Writhing Mass","floor":48,"turns":7},{"damage":87,"enemies":"Awakened One","floor":50,"turns":9}],"seed_played":"826805009846783154","potions_obtained":[{"floor":3.0,"key":"SpeedPotion"},{"floor":5.0,"key":"SneckoOil"},{"floor":14.0,"key":"Poison Potion"},{"floor":19.0,"key":"FearPotion"},{"floor":24,"key":"SmokeBomb"},{"floor":29,"key":"EssenceOfSteel"},{"floor":35,"key":"Weak Potion"},{"floor":42,"key":"Regen Potion"},{"floor":45,"key":"FearPotion"}],"is_trial":false,"path_per_floor":["M","M","M","?","M","E","R","$","T","R","E","M","M","M","R","B",null,"M","M","M","?","?","R","E","M","T","$","$","E","R","M","R","B",null,"M","M","?","T","M","R","?","M","T","R","M","$","?","M","R","B"],"character_chosen":"WATCHER","items_purchased":["Vajra","SteroidPotion"],"campfire_rested":6,"item_purchase_floors":[8,27],"current_hp_per_floor":[65,62,62,62,48,40,40,40,40,40,15,15,14,14,33,31,65,60,53,44,44,38,57,59,54,54,54,54,32,32,32,51,18,65,61,63,43,50,39,60,60,51,51,72,60,60,53,33,72,0],"gold":2,"neow_bonus":"THREE_CARDS","is_prod":false,"is_daily":false,"chose_seed":false,"campfire_upgraded":3,"win_rate":0,"timestamp":1568185029,"path_taken":["M","M","M","?","M","E","R","$","T","R","E","M","M","M","R","BOSS","M","?","M","?","?","R","E","M","T","?","$","E","R","M","R","BOSS","M","M","?","?","M","R","?","M","T","R","?","$","?","M","R","BOSS"],"build_version":"2019-09-10","purchased_purges":2,"victory":false,"max_hp_per_floor":[65,65,65,65,65,65,65,65,65,65,65,65,65,65,65,65,65,65,65,65,65,65,65,65,65,65,65,65,65,65,65,65,65,65,65,65,65,72,72,72,72,72,72,72,72,72,72,72,72,72],"card_choices":[{"not_picked":["BowlingBash","ClearTheMind"],"picked":"TalkToTheHand","floor":0.0},{"not_picked":["FollowUp","CleanseEvil"],"picked":"Establishment","floor":1.0},{"not_picked":["Swivel","MentalFortress"],"picked":"TalkToTheHand","floor":2.0},{"not_picked":["Collect","Swivel"],"picked":"FollowUp","floor":3.0},{"not_picked":["EmptyFist","Swivel"],"picked":"FlyingSleeves","floor":5.0},{"not_picked":["Alpha","BowlingBash"],"picked":"Wireheading","floor":6.0},{"not_picked":["Brilliance","Consecrate"],"picked":"ClearTheMind","floor":11.0},{"not_picked":["ClearTheMind","EmptyFist"],"picked":"ThirdEye","floor":12.0},{"not_picked":["FlyingSleeves","FlurryOfBlows"],"picked":"SandsOfTime","floor":13.0},{"not_picked":["FollowUp","SpiritShield"],"picked":"EmptyFist","floor":14.0},{"not_picked":["Unraveling","Judgement"],"picked":"BattleHymn","floor":16.0},{"not_picked":["CutThroughFate","EmptyMind+1"],"picked":"CarveReality","floor":18.0},{"not_picked":["Protect","Fasting+1"],"picked":"CutThroughFate+1","floor":19.0},{"not_picked":["Consecrate","FlyingSleeves"],"picked":"LessonLearned","floor":20.0},{"not_picked":["Swivel+1","CutThroughFate","Sanctity"],"picked":"SKIP","floor":24},{"not_picked":["StepAndStrike","Consecrate"],"picked":"Weave","floor":25},{"not_picked":["ClearTheMind+1","EmptyFist","ForeignInfluence+1"],"picked":"SKIP","floor":29},{"not_picked":["PathToVictory+1","Omniscience+1"],"picked":"Devotion","floor":31},{"not_picked":["Omniscience+1","ReachHeaven"],"picked":"DevaForm","floor":33},{"not_picked":["Weave+1","Crescendo+1"],"picked":"CleanseEvil+1","floor":35},{"not_picked":["Prostrate+1","BowlingBash"],"picked":"Evaluate+1","floor":37},{"not_picked":["Wireheading+1","CutThroughFate+1","Wallop"],"picked":"SKIP","floor":39},{"not_picked":["FlyingSleeves+1","SpiritShield+1"],"picked":"CrushJoints+1","floor":42},{"not_picked":["Halt+1","Crescendo+1"],"picked":"DeceiveReality+1","floor":45},{"not_picked":["Scrawl+1","ClearTheMind+1"],"picked":"Worship+1","floor":48}],"player_experience":594281,"relics_obtained":[{"floor":6.0,"key":"Tiny Chest"},{"floor":9.0,"key":"The Courier"},{"floor":11.0,"key":"Ginger"},{"floor":24,"key":"Toxic Egg 2"},{"floor":26,"key":"Smiling Mask"},{"floor":29,"key":"Anchor"},{"floor":37,"key":"Nunchaku"},{"floor":38,"key":"Strawberry"},{"floor":43,"key":"Eternal Feather"}],"event_choices":[{"damage_healed":0.0,"max_hp_gain":0.0,"max_hp_loss":0.0,"gold_gain":0.0,"event_name":"The Woman in Blue","player_choice":"Bought 0 Potions","floor":4.0,"gold_loss":0.0,"damage_taken":0.0},{"damage_healed":0.0,"max_hp_gain":0.0,"max_hp_loss":0.0,"gold_gain":0.0,"event_name":"Addict","player_choice":"Obtained Relic","floor":21.0,"gold_loss":85.0,"damage_taken":0.0,"relics_obtained":["Blood Vial"]},{"damage_healed":0.0,"max_hp_gain":0.0,"max_hp_loss":0.0,"gold_gain":0.0,"event_name":"Nest","player_choice":"Joined the Cult","floor":22.0,"gold_loss":0.0,"damage_taken":6.0,"cards_obtained":["RitualDagger"]},{"damage_healed":0,"gold_gain":0,"player_choice":"Fight","damage_taken":0,"max_hp_gain":0,"max_hp_loss":0,"event_name":"MindBloom","floor":37,"gold_loss":0},{"cards_removed":["Strike_P"],"damage_healed":0,"gold_gain":0,"player_choice":"Purged","damage_taken":0,"max_hp_gain":0,"max_hp_loss":0,"event_name":"Purifier","floor":41,"gold_loss":0},{"damage_healed":0,"gold_gain":0,"player_choice":"Damaged","damage_taken":7,"max_hp_gain":0,"max_hp_loss":0,"event_name":"Wheel of Change","floor":47,"gold_loss":0}],"is_beta":true,"boss_relics":[{"not_picked":["Coffee Dripper","Cursed Key"],"picked":"Ectoplasm"},{"not_picked":["SacredBark","HolyWater"],"picked":"Fusion Hammer"}],"items_purged_floors":[8,27],"is_endless":false,"potions_floor_spawned":[3,5,14,19,24,29,31,35,36,42,45],"killed_by":"Awakened One","ascension_level":3}