{"gold_per_floor":[114,129,80,99,175,175,175,209,232,248,248,277,287,287,287,390,390,403,414,425,444,249,249,249,275,275,190,190,47,66,81,81,81],"floor_reached":33,"playtime":1248,"items_purged":["Writhe"],"score":398,"play_id":"9b06e06f-3d33-40bd-a56e-a75c7e99fcc5","local_time":"20180805214556","is_ascension_mode":true,"campfire_choices":[{"data":"Armaments","floor":6,"key":"SMITH"},{"data":"Searing Blow","floor":11,"key":"SMITH"},{"floor":15,"key":"REST"},{"floor":23,"key":"REST"},{"data":"Searing Blow+1","floor":28,"key":"SMITH"},{"data":"Searing Blow+2","floor":32,"key":"SMITH"}],"neow_cost":"NONE","seed_source_timestamp":877319346670989,"circlet_count":0,"master_deck":["Strike_R","Strike_R","Strike_R","Strike_R","Strike_R","Defend_R","Defend_R","Defend_R","Bash","AscendersBane","Searing Blow+3","True Grit","Armaments+1","Headbutt","Wild Strike","Offering","Offering","Havoc+1","Battle Trance"],"relics":["Black Blood","Dream Catcher","Potion Belt","Bronze Scales","Blood Vial","Toolbox","Shuriken","Juzu Bracelet","Boot","Vajra"],"potions_floor_usage":[8,20,33],"damage_taken":[{"damage":3,"enemies":"2 Louse","floor":1,"turns":4},{"damage":7,"enemies":"Jaw Worm","floor":2,"turns":3},{"damage":11,"enemies":"Cultist","floor":4,"turns":4},{"damage":26,"enemies":"3 Sentries","floor":8,"turns":7},{"damage":4,"enemies":"Red Slaver","floor":10,"turns":5},{"damage":27,"enemies":"Gremlin Nob","floor":12,"turns":4},{"damage":25,"enemies":"Lots of Slimes","floor":13,"turns":4},{"damage":34,"enemies":"The Guardian","floor":16,"turns":12},{"damage":10,"enemies":"Spheric Guardian","floor":18,"turns":3},{"damage":19,"enemies":"Shell Parasite","floor":19,"turns":4},{"damage":32,"enemies":"Snecko","floor":20,"turns":4},{"damage":29,"enemies":"Snake Plant","floor":21,"turns":2},{"damage":14,"enemies":"Chosen and Byrds","floor":30,"turns":4},{"damage":12,"enemies":"Cultist and Chosen","floor":31,"turns":4},{"damage":87,"enemies":"Champ","floor":33,"turns":8}],"seed_played":"-1260465367350796911","potions_obtained":[{"floor":1,"key":"Explosive Potion"},{"floor":2,"key":"Strength Potion"},{"floor":10,"key":"Ancient Potion"},{"floor":19,"key":"Dexterity Potion"},{"floor":21,"key":"GamblersBrew"},{"floor":30,"key":"SpeedPotion"}],"is_trial":false,"path_per_floor":["M","M","$","M","?","R","?","E","T","M","R","E","M","?","R","B",null,"M","M","M","M","$","R","?","T","T","?","R","$","M","M","R"],"character_chosen":"IRONCLAD","items_purchased":["Armaments","Toolbox","Battle Trance"],"campfire_rested":2,"item_purchase_floors":[3,22,29],"current_hp_per_floor":[75,74,74,69,69,69,69,49,49,51,51,30,13,39,63,37,69,71,64,44,27,27,51,51,51,51,51,51,51,49,49,49,0],"gold":81,"neow_bonus":"RANDOM_COMMON_RELIC","is_prod":false,"is_daily":false,"chose_seed":false,"campfire_upgraded":4,"win_rate":0,"timestamp":1533519956,"path_taken":["M","M","$","M","?","R","?","E","T","M","R","E","?","?","R","BOSS","M","M","M","M","$","R","?","?","T","?","R","$","M","M","R","BOSS"],"build_version":"2018-08-01","purchased_purges":1,"victory":false,"max_hp_per_floor":[80,80,80,80,80,80,80,80,80,80,80,80,80,80,80,80,80,80,80,80,80,80,80,80,80,80,80,80,80,80,80,80,80],"card_choices":[{"not_picked":["Flame Barrier","Iron Wave"],"picked":"Searing Blow","floor":1},{"not_picked":["Rupture","Shockwave"],"picked":"True Grit","floor":2},{"not_picked":["Disarm","Body Slam"],"picked":"Headbutt","floor":4},{"not_picked":["Cleave","Entrench","Juggernaut"],"picked":"SKIP","floor":8},{"not_picked":["Anger","Evolve","Cleave"],"picked":"SKIP","floor":10},{"not_picked":["Anger","Evolve","Cleave"],"picked":"SKIP","floor":10},{"not_picked":["Rage","Thunderclap"],"picked":"Wild Strike","floor":12},{"not_picked":["Intimidate","Iron Wave","Clash"],"picked":"SKIP","floor":13},{"not_picked":["Clothesline","Iron Wave"],"picked":"Offering","floor":15},{"not_picked":["Berserk","Brutality"],"picked":"Offering","floor":16},{"not_picked":["Rage+1","Thunderclap","Sword Boomerang"],"picked":"SKIP","floor":18},{"not_picked":["Entrench","Flex","Cleave+1"],"picked":"SKIP","floor":19},{"not_picked":["Ghostly Armor","Rampage"],"picked":"Havoc+1","floor":20},{"not_picked":["Body Slam","Second Wind","Sword Boomerang"],"picked":"SKIP","floor":21},{"not_picked":["Bloodletting","Anger","Twin Strike+1"],"picked":"SKIP","floor":30},{"not_picked":["Anger","Shockwave","Sword Boomerang"],"picked":"SKIP","floor":31}],"player_experience":808836,"relics_obtained":[{"floor":8,"key":"Potion Belt"},{"floor":9,"key":"Bronze Scales"},{"floor":12,"key":"Blood Vial"},{"floor":25,"key":"Juzu Bracelet"},{"floor":26,"key":"Boot"}],"event_choices":[{"event_name":"Golden Wing","player_choice":"Gained Gold","floor":5,"damage_taken":0},{"event_name":"Purifier","player_choice":"One Purge","floor":7,"damage_taken":0},{"event_name":"Big Fish","player_choice":"Banana","floor":14,"damage_taken":0},{"event_name":"The Mausoleum","player_choice":"Yes","floor":24,"damage_taken":0},{"event_name":"Addict","player_choice":"Obtained Relic","floor":27,"damage_taken":0}],"is_beta":true,"boss_relics":[{"not_picked":["White Beast Statue","Runic Dome"],"picked":"Black Blood"}],"items_purged_floors":[29],"is_endless":false,"potions_floor_spawned":[1,2,10,19,21,30],"killed_by":"Champ","ascension_level":11}