{"gold_per_floor":[109,120,120,132,143,143,159,191,191,211,211],"floor_reached":11,"playtime":359,"items_purged":[],"score":123,"play_id":"2484e337-e928-412f-9f3d-083219c2fea2","local_time":"20180813213812","is_ascension_mode":true,"campfire_choices":[{"data":"True Grit","floor":6,"key":"SMITH"}],"neow_cost":"","seed_source_timestamp":525007297668412,"circlet_count":0,"master_deck":["Strike_R","Strike_R","Strike_R","Strike_R","Strike_R","Defend_R","Defend_R","Defend_R","Defend_R","Bash+1","AscendersBane","Heavy Blade","True Grit+1","Pummel","Ghostly Armor","Reckless Charge","Twin Strike"],"relics":["Burning Blood","Letter Opener","Turnip"],"potions_floor_usage":[8,11],"damage_taken":[{"damage":12,"enemies":"Small Slimes","floor":1,"turns":4},{"damage":9,"enemies":"Jaw Worm","floor":2,"turns":6},{"damage":6,"enemies":"Cultist","floor":4,"turns":4},{"damage":16,"enemies":"Red Slaver","floor":5,"turns":5},{"damage":5,"enemies":"2 Fungi Beasts","floor":7,"turns":4},{"damage":33,"enemies":"Lagavulin","floor":8,"turns":7},{"damage":4,"enemies":"3 Louse","floor":10,"turns":4},{"damage":29,"enemies":"Gremlin Nob","floor":11,"turns":4}],"seed_played":"-8697112907654318783","potions_obtained":[{"floor":1,"key":"Fire Potion"},{"floor":7,"key":"Explosive Potion"},{"floor":10,"key":"Swift Potion"}],"is_trial":false,"path_per_floor":["M","M","?","M","M","R","M","E","T","M"],"character_chosen":"IRONCLAD","items_purchased":[],"campfire_rested":0,"item_purchase_floors":[],"current_hp_per_floor":[66,63,63,63,53,53,54,27,27,29,0],"gold":211,"neow_bonus":"","is_prod":false,"is_daily":false,"chose_seed":false,"campfire_upgraded":1,"win_rate":0,"timestamp":1534210692,"path_taken":["M","M","?","M","M","R","?","E","T","M","E"],"build_version":"2018-08-08","purchased_purges":0,"victory":false,"max_hp_per_floor":[80,80,80,80,80,80,80,80,80,80,80],"card_choices":[{"not_picked":["Intimidate","Anger","Shockwave"],"picked":"SKIP","floor":1},{"not_picked":["Hemokinesis","Dropkick"],"picked":"Heavy Blade","floor":2},{"not_picked":["Metallicize","Wild Strike"],"picked":"True Grit","floor":4},{"not_picked":["Intimidate","Shrug It Off"],"picked":"Pummel","floor":5},{"not_picked":["Second Wind","Perfected Strike"],"picked":"Ghostly Armor","floor":7},{"not_picked":["Carnage","Armaments"],"picked":"Reckless Charge","floor":8},{"not_picked":["Flex","Anger"],"picked":"Twin Strike","floor":10}],"player_experience":821301,"relics_obtained":[{"floor":8,"key":"Letter Opener"},{"floor":9,"key":"Turnip"}],"event_choices":[{"event_name":"Living Wall","player_choice":"Grow","floor":3,"damage_taken":0}],"is_beta":true,"boss_relics":[],"items_purged_floors":[],"is_endless":false,"potions_floor_spawned":[1,7,10],"killed_by":"Gremlin Nob","ascension_level":12}