{"gold_per_floor":[114,114,114,129,144,144,174,99,124,139,154,154,169,184,184,284,284,299,299,389,404,419,419,434,449,449,449],"floor_reached":27,"playtime":2483,"items_purged":["Strike_B"],"score":244,"play_id":"0b462c10-e8aa-47f9-b1e1-e16d1ef7d98f","local_time":"20190928183045","daily_mods":["Cursed Run","ControlledChaos","DeadlyEvents"],"is_ascension_mode":false,"campfire_choices":[{"floor":6,"key":"REST"},{"floor":12,"key":"REST"},{"data":"Hologram","floor":15,"key":"SMITH"},{"floor":23,"key":"REST"}],"neow_cost":"","seed_source_timestamp":0,"circlet_count":0,"master_deck":["Strike_B+1","Strike_B+1","Strike_B+1","Defend_B+1","Defend_B+1","Defend_B+1","Defend_B+1","Zap","Dualcast","Loop+1","Ball Lightning","Turbo","Ball Lightning","Parasite","Barrage","Cold Snap","Hologram+1","Capacitor","Shame","Buffer","Barrage","Hologram+1","Hologram+1","Heatsinks+1","Cold Snap","Clumsy"],"special_seed":18167,"relics":["Cursed Key","Darkstone Periapt","Du-Vu Doll","Frozen Eye","Pocketwatch","PreservedInsect","DataDisk","Inserter","Emotion Chip"],"potions_floor_usage":[16,22,25,27,27],"damage_taken":[{"damage":6,"enemies":"Jaw Worm","floor":1,"turns":3},{"damage":5,"enemies":"Small Slimes","floor":4,"turns":3},{"damage":2,"enemies":"2 Louse","floor":5,"turns":4},{"damage":18,"enemies":"Lagavulin","floor":7,"turns":4},{"damage":13,"enemies":"2 Fungi Beasts","floor":10,"turns":3},{"damage":3,"enemies":"Red Slaver","floor":11,"turns":3},{"damage":0,"enemies":"Exordium Wildlife","floor":13,"turns":1},{"damage":0,"enemies":"Large Slime","floor":14,"turns":5},{"damage":18,"enemies":"The Guardian","floor":16,"turns":9},{"damage":26,"enemies":"Chosen","floor":18,"turns":5},{"damage":15,"enemies":"3 Byrds","floor":21,"turns":5},{"damage":14,"enemies":"Centurion and Healer","floor":22,"turns":6},{"damage":4,"enemies":"Snecko","floor":24,"turns":6},{"damage":29,"enemies":"Snake Plant","floor":25,"turns":4},{"damage":17,"enemies":"Shelled Parasite and Fungi","floor":27,"turns":2}],"seed_played":"-2207654762543654753","potions_obtained":[{"floor":1,"key":"Strength Potion"},{"floor":11,"key":"Weak Potion"},{"floor":13,"key":"Weak Potion"},{"floor":18,"key":"Swift Potion"},{"floor":25,"key":"Block Potion"}],"is_trial":false,"path_per_floor":["M","?","?","M","M","R","E","$","T","M","M","R","M","M","R","B",null,"M","?","?","M","M","R","M","M","T","M"],"character_chosen":"DEFECT","items_purchased":[],"campfire_rested":3,"item_purchase_floors":[],"current_hp_per_floor":[69,57,57,52,50,72,54,54,60,47,44,68,68,68,68,56,87,61,61,45,30,16,42,38,9,15,0],"gold":449,"neow_bonus":"","is_prod":false,"is_daily":true,"chose_seed":false,"campfire_upgraded":1,"win_rate":0.0,"timestamp":1569688245,"path_taken":["M","?","?","M","M","R","E","$","T","M","M","R","M","M","R","BOSS","M","?","?","M","M","R","M","M","T","M"],"build_version":"2019-07-05","purchased_purges":1,"victory":false,"max_hp_per_floor":[75,75,75,75,75,75,75,75,81,81,81,81,81,81,81,87,87,87,87,87,87,87,87,87,87,93,93],"card_choices":[{"not_picked":["Gash","Conserve Battery"],"picked":"Loop","floor":1},{"not_picked":["Go for the Eyes","Darkness"],"picked":"Ball Lightning","floor":4},{"not_picked":["Fusion","Stack"],"picked":"Turbo","floor":5},{"not_picked":["Static Discharge","Compile Driver"],"picked":"Ball Lightning","floor":7},{"not_picked":["Reboot","Gash"],"picked":"Barrage","floor":10},{"not_picked":["Ball Lightning","Compile Driver"],"picked":"Cold Snap","floor":11},{"not_picked":["Scrape","Redo"],"picked":"Hologram","floor":13},{"not_picked":["Streamline","Self Repair"],"picked":"Capacitor","floor":14},{"not_picked":["Fission","Amplify"],"picked":"Buffer","floor":16},{"not_picked":["Lockon","Ball Lightning"],"picked":"Barrage","floor":18},{"not_picked":["Rebound","Blizzard"],"picked":"Hologram+1","floor":21},{"not_picked":["Lockon","Consume"],"picked":"Hologram+1","floor":22},{"not_picked":["Skim+1","Sweeping Beam"],"picked":"Heatsinks+1","floor":24},{"not_picked":["Consume","Turbo"],"picked":"Cold Snap","floor":25}],"player_experience":24068,"relics_obtained":[{"floor":7,"key":"PreservedInsect"},{"floor":9,"key":"DataDisk"},{"floor":26,"key":"Emotion Chip"}],"event_choices":[{"damage_healed":0,"gold_gain":0,"player_choice":"Success","damage_taken":12,"relics_obtained":["Pocketwatch"],"max_hp_gain":0,"max_hp_loss":0,"event_name":"Scrap Ooze","floor":2,"gold_loss":0},{"damage_healed":0,"gold_gain":0,"player_choice":"Grow","damage_taken":0,"max_hp_gain":0,"max_hp_loss":0,"event_name":"Living Wall","floor":3,"gold_loss":0,"cards_upgraded":["Loop"]},{"damage_healed":0,"gold_gain":0,"player_choice":"Simplicity","damage_taken":0,"max_hp_gain":0,"max_hp_loss":0,"event_name":"Back to Basics","floor":19,"gold_loss":0,"cards_upgraded":["Strike_B","Strike_B","Strike_B","Defend_B","Defend_B","Defend_B","Defend_B"]},{"damage_healed":0,"gold_gain":90,"player_choice":"GOLD ","damage_taken":16,"max_hp_gain":0,"max_hp_loss":0,"event_name":"Knowing Skull","floor":20,"potions_obtained":[],"gold_loss":0,"cards_obtained":[]}],"is_beta":false,"boss_relics":[{"not_picked":["Fusion Hammer","Velvet Choker"],"picked":"Inserter"}],"items_purged_floors":[8],"is_endless":false,"potions_floor_spawned":[1,11,13,14,18,25],"killed_by":"Shelled Parasite and Fungi","ascension_level":0}