{"path_per_floor":["M","?","M","?","?","R","E","$","T","R","M","?","R","E","R","B",null,"M","?","?","M","$"],"character_chosen":"IRONCLAD","items_purchased":["Reckless Charge","Frozen Egg 2"],"gold_per_floor":[109,109,127,202,202,202,228,156,207,207,226,191,191,224,224,324,324,344,267,267,280,18,18],"floor_reached":23,"campfire_rested":1,"playtime":2179,"current_hp_per_floor":[71,71,69,58,58,58,54,54,54,54,60,72,72,53,72,28,61,30,30,30,18,18,0],"items_purged":[],"gold":18,"score":254,"play_id":"569364a8-36da-4fd9-8c51-d41b3df03c5b","local_time":"20180513173458","is_prod":false,"is_daily":false,"chose_seed":false,"is_ascension_mode":true,"campfire_upgraded":3,"timestamp":1526247298,"path_taken":["M","?","M","?","?","R","E","$","T","R","M","?","R","E","R","BOSS","M","?","?","M","$","E"],"build_version":"2018-05-12v2","seed_source_timestamp":350923336772023,"purchased_purges":0,"victory":false,"master_deck":["Strike_R","Strike_R","Strike_R","Strike_R","Strike_R","Defend_R","Defend_R","Defend_R","Defend_R","Bash+1","Wild Strike+1","Hemokinesis+1","Battle Trance+1","Reckless Charge","Uppercut+1","Impervious","Hemokinesis+1","J.A.X.","Impervious","Metallicize"],"max_hp_per_floor":[72,72,72,72,72,72,72,72,72,72,72,72,72,72,72,72,72,72,72,72,72,72,72],"relics":["Burning Blood","Bird Faced Urn","Oddly Smooth Stone","Art of War","Pen Nib","Philosopher\u0027s Stone","Frozen Egg 2"],"card_choices":[{"not_picked":["Burning Pact","Infernal Blade"],"picked":"Wild Strike","floor":1},{"not_picked":["Flex","Wild Strike"],"picked":"Hemokinesis","floor":3},{"not_picked":["Thunderclap","Bloodletting"],"picked":"Battle Trance","floor":7},{"not_picked":["Infernal Blade","Intimidate"],"picked":"Uppercut","floor":11},{"not_picked":["Battle Trance","Exhume","Shrug It Off"],"picked":"SKIP","floor":14},{"not_picked":["Feed","Bludgeon"],"picked":"Impervious","floor":16},{"not_picked":["Shrug It Off","Thunderclap"],"picked":"Hemokinesis+1","floor":18},{"not_picked":["Corruption","Perfected Strike"],"picked":"Metallicize","floor":21}],"player_experience":742737,"potions_floor_usage":[7,7],"damage_taken":[{"damage":7,"enemies":"Jaw Worm","floor":1,"turns":3},{"damage":8,"enemies":"2 Louse","floor":3,"turns":2},{"damage":12,"enemies":"Gremlin Nob","floor":7,"turns":3},{"damage":0,"enemies":"Cultist","floor":11,"turns":3},{"damage":25,"enemies":"3 Sentries","floor":14,"turns":6},{"damage":50,"enemies":"Hexaghost","floor":16,"turns":8},{"damage":37,"enemies":"3 Byrds","floor":18,"turns":6},{"damage":18,"enemies":"Spheric Guardian","floor":21,"turns":3},{"damage":25,"enemies":"Book of Stabbing","floor":23,"turns":2}],"event_choices":[{"event_name":"Living Wall","player_choice":"Grow","floor":2,"damage_taken":0},{"event_name":"World of Goop","player_choice":"Gather Gold","floor":4,"damage_taken":0},{"event_name":"Upgrade Shrine","player_choice":"Upgraded","floor":5,"damage_taken":0},{"event_name":"The Cleric","player_choice":"Healed","floor":12,"damage_taken":0},{"event_name":"Drug Dealer","player_choice":"Got JAXXED","floor":19,"damage_taken":0},{"event_name":"Duplicator","player_choice":"One dupe","floor":20,"damage_taken":0}],"boss_relics":[{"not_picked":["Pandora\u0027s Box","Runic Pyramid"],"picked":"Philosopher\u0027s Stone"}],"potions_floor_spawned":[1,3],"seed_played":"-6483141583900668022","killed_by":"Book of Stabbing","ascension_level":6,"is_trial":false}