{"gold_per_floor":[114,127,142,142,17,17,35,35,35,50,85,101,101,30,30,127,127,142,142,42,61,0,31,48,62,62,97,97,132,151,185,185,290,290,301,25,25,35,52,52,84,103,103,0,31,31,31,60,60,60],"floor_reached":51,"playtime":1633,"items_purged":["Strike_B","Strike_B","Strike_B"],"score":1016,"play_id":"e26c3433-b11e-4903-ab20-3114e1b1d9ce","local_time":"20190902025444","is_ascension_mode":true,"campfire_choices":[{"data":"Zap","floor":6,"key":"SMITH"},{"data":"Go for the Eyes","floor":8,"key":"SMITH"},{"floor":15,"key":"REST"},{"floor":28,"key":"REST"},{"floor":32,"key":"REST"},{"floor":40,"key":"REST"},{"floor":46,"key":"REST"},{"floor":49,"key":"REST"}],"neow_cost":"TEN_PERCENT_HP_LOSS","seed_source_timestamp":15318979351236,"circlet_count":0,"master_deck":["Strike_B","Defend_B","Defend_B","Defend_B","Defend_B","Zap+1","Dualcast","Electrodynamics","Reinforced Body","Tempest","Streamline+1","Go for the Eyes+1","Coolheaded","Biased Cognition","Conserve Battery+1","Defragment","Thunder Strike","Steam+1","Tempest+1","Skim+1","Defragment","Multi-Cast+1","Decay","Lockon+1"],"relics":["Cracked Core","PreservedInsect","Toxic Egg 2","Bag of Preparation","Fusion Hammer","Mercury Hourglass","Darkstone Periapt","Kunai","Centennial Puzzle","Ice Cream","Sozu","Oddly Smooth Stone","Pocketwatch","FossilizedHelix","Red Mask","Lantern","The Courier"],"potions_floor_usage":[16,16,29,31,33],"damage_taken":[{"damage":1,"enemies":"2 Louse","floor":1,"turns":2},{"damage":1,"enemies":"Cultist","floor":2,"turns":3},{"damage":7,"enemies":"Jaw Worm","floor":3,"turns":3},{"damage":0,"enemies":"3 Louse","floor":7,"turns":1},{"damage":7,"enemies":"Large Slime","floor":10,"turns":3},{"damage":8,"enemies":"Lagavulin","floor":11,"turns":5},{"damage":0,"enemies":"Exordium Thugs","floor":12,"turns":4},{"damage":23,"enemies":"Hexaghost","floor":16,"turns":7},{"damage":0,"enemies":"3 Byrds","floor":18,"turns":2},{"damage":8,"enemies":"Shell Parasite","floor":21,"turns":5},{"damage":11,"enemies":"Book of Stabbing","floor":23,"turns":4},{"damage":0,"enemies":"Snake Plant","floor":24,"turns":3},{"damage":0,"enemies":"3 Cultists","floor":25,"turns":2},{"damage":20,"enemies":"Slavers","floor":27,"turns":2},{"damage":0,"enemies":"Gremlin Leader","floor":29,"turns":3},{"damage":0,"enemies":"Cultist and Chosen","floor":30,"turns":3},{"damage":5,"enemies":"Slavers","floor":31,"turns":2},{"damage":17,"enemies":"Champ","floor":33,"turns":10},{"damage":2,"enemies":"3 Darklings","floor":35,"turns":2},{"damage":1,"enemies":"Orb Walker","floor":38,"turns":2},{"damage":2,"enemies":"Jaw Worm Horde","floor":39,"turns":2},{"damage":12,"enemies":"Giant Head","floor":41,"turns":6},{"damage":1,"enemies":"Sphere and 2 Shapes","floor":42,"turns":3},{"damage":0,"enemies":"Reptomancer","floor":45,"turns":3},{"damage":0,"enemies":"Nemesis","floor":48,"turns":3},{"damage":30,"enemies":"Time Eater","floor":50,"turns":7}],"seed_played":"-5298785572394812892","potions_obtained":[{"floor":1,"key":"SmokeBomb"},{"floor":7,"key":"Energy Potion"},{"floor":23,"key":"GamblersBrew"},{"floor":27,"key":"Dexterity Potion"},{"floor":29,"key":"Block Potion"}],"is_trial":false,"path_per_floor":["M","M","M","?","$","R","M","R","T","M","E","M","?","$","R","B",null,"M","?","$","M","?","E","M","M","T","E","R","E","M","E","R","B",null,"M","$","?","M","M","R","E","M","T","?","E","R","?","E","R","B",null],"character_chosen":"DEFECT","items_purchased":["SteroidPotion","Defragment","Oddly Smooth Stone"],"campfire_rested":6,"item_purchase_floors":[5,14,36],"current_hp_per_floor":[67,66,59,59,59,59,59,59,59,52,44,44,26,26,46,23,68,68,68,68,60,60,49,49,49,49,29,49,49,49,44,64,47,68,66,66,72,71,69,74,62,61,61,61,61,74,74,74,74,44],"gold":60,"neow_bonus":"THREE_RARE_CARDS","is_prod":false,"is_daily":false,"chose_seed":false,"campfire_upgraded":2,"win_rate":1,"timestamp":1567360484,"path_taken":["M","M","M","?","$","R","M","R","T","M","E","?","?","$","R","BOSS","M","?","$","M","?","E","M","M","T","E","R","E","M","E","R","BOSS","M","$","?","?","M","R","E","M","T","?","E","R","?","E","R","BOSS"],"build_version":"2019-07-17","purchased_purges":3,"victory":true,"max_hp_per_floor":[68,68,68,68,68,68,68,68,68,68,68,68,68,68,68,68,68,68,68,68,68,68,68,68,68,68,68,68,68,68,68,68,68,68,68,68,74,74,74,74,74,74,74,74,74,74,74,74,74,74],"card_choices":[{"not_picked":["Thunder Strike","Rainbow"],"picked":"Electrodynamics","floor":0},{"not_picked":["Chill","Stack"],"picked":"Reinforced Body","floor":1},{"not_picked":["Gash","Leap"],"picked":"Tempest","floor":2},{"not_picked":["BootSequence","Compile Driver"],"picked":"Streamline","floor":3},{"not_picked":["Leap","Reprogram"],"picked":"Go for the Eyes","floor":7},{"not_picked":["Genetic Algorithm","Reinforced Body"],"picked":"Coolheaded","floor":10},{"not_picked":["Steam Power","Go for the Eyes"],"picked":"Biased Cognition","floor":11},{"not_picked":["Self Repair","Streamline"],"picked":"Conserve Battery+1","floor":12},{"not_picked":["Echo Form","Seek+1"],"picked":"Thunder Strike","floor":16},{"not_picked":["Redo+1","Chill+1"],"picked":"Steam+1","floor":18},{"not_picked":["Coolheaded+1","Streamline+1"],"picked":"Tempest+1","floor":21},{"not_picked":["Ball Lightning","Compile Driver","Heatsinks"],"picked":"SKIP","floor":23},{"not_picked":["Redo+1","Streamline","Sweeping Beam"],"picked":"SKIP","floor":24},{"not_picked":["Double Energy+1","Barrage+1"],"picked":"Skim+1","floor":25},{"not_picked":["Conserve Battery+1","Rainbow+1","Capacitor+1"],"picked":"SKIP","floor":27},{"not_picked":["Go for the Eyes","Barrage","Steam+1"],"picked":"SKIP","floor":29},{"not_picked":["Go for the Eyes+1","Hello World"],"picked":"Defragment","floor":30},{"not_picked":["Steam+1","Recycle+1","Genetic Algorithm+1"],"picked":"SKIP","floor":31},{"not_picked":["Seek+1","Thunder Strike"],"picked":"Multi-Cast+1","floor":33},{"not_picked":["Conserve Battery+1","Sweeping Beam+1","Leap+1"],"picked":"SKIP","floor":35},{"not_picked":["Gash+1","Rebound+1","Rip and Tear"],"picked":"SKIP","floor":38},{"not_picked":["Melter","Leap+1"],"picked":"Lockon+1","floor":39},{"not_picked":["Melter+1","Rip and Tear","Cold Snap+1"],"picked":"SKIP","floor":41},{"not_picked":["Aggregate+1","Barrage","Beam Cell+1"],"picked":"SKIP","floor":42},{"not_picked":["Leap+1","Fission+1","Chaos+1"],"picked":"SKIP","floor":45},{"not_picked":["Recycle+1","Go for the Eyes+1","Aggregate+1"],"picked":"SKIP","floor":48}],"player_experience":335548,"relics_obtained":[{"floor":9,"key":"PreservedInsect"},{"floor":11,"key":"Toxic Egg 2"},{"floor":23,"key":"Mercury Hourglass"},{"floor":26,"key":"Darkstone Periapt"},{"floor":27,"key":"Kunai"},{"floor":29,"key":"Centennial Puzzle"},{"floor":31,"key":"Ice Cream"},{"floor":41,"key":"Pocketwatch"},{"floor":43,"key":"FossilizedHelix"},{"floor":45,"key":"Lantern"},{"floor":48,"key":"The Courier"}],"event_choices":[{"damage_healed":0,"gold_gain":0,"player_choice":"Upgraded","damage_taken":0,"max_hp_gain":0,"max_hp_loss":0,"event_name":"Upgrade Shrine","floor":4,"gold_loss":0,"cards_upgraded":["Streamline"]},{"damage_healed":0,"gold_gain":0,"player_choice":"Success","damage_taken":18,"relics_obtained":["Bag of Preparation"],"max_hp_gain":0,"max_hp_loss":0,"event_name":"Scrap Ooze","floor":13,"gold_loss":0},{"damage_healed":0,"gold_gain":0,"player_choice":"Ignored","damage_taken":0,"max_hp_gain":0,"max_hp_loss":0,"event_name":"Ghosts","floor":19,"gold_loss":0},{"damage_healed":0,"gold_gain":0,"player_choice":"Paid Fearfully","damage_taken":0,"max_hp_gain":0,"max_hp_loss":0,"event_name":"Masked Bandits","floor":22,"gold_loss":61},{"damage_healed":0,"gold_gain":0,"player_choice":"Cursed","damage_taken":0,"max_hp_gain":0,"max_hp_loss":0,"event_name":"Wheel of Change","floor":37,"gold_loss":0,"cards_obtained":["Decay"]},{"damage_healed":0,"gold_gain":0,"player_choice":"Paid","damage_taken":0,"relics_obtained":["Red Mask"],"max_hp_gain":0,"max_hp_loss":0,"event_name":"Tomb of Lord Red Mask","floor":44,"gold_loss":103},{"damage_healed":0,"gold_gain":0,"player_choice":"Memory 1","damage_taken":0,"max_hp_gain":0,"max_hp_loss":0,"event_name":"SensoryStone","floor":47,"gold_loss":0}],"is_beta":false,"boss_relics":[{"not_picked":["Tiny House","Astrolabe"],"picked":"Fusion Hammer"},{"not_picked":["FrozenCore","Orrery"],"picked":"Sozu"}],"items_purged_floors":[5,20,36],"is_endless":false,"potions_floor_spawned":[1,7,23,27,29,30,39,42,45],"ascension_level":3}