{"gold_per_floor":[112,1,17,17,17,17,50,50,124,136,164,164,180,197,197,270,270,280,300,260,260,22,47,47,47],"floor_reached":25,"playtime":881,"items_purged":["Decay"],"score":435,"play_id":"dbd9d3ff-ed96-448e-9c82-dd25aee397c1","local_time":"20181024031454","is_ascension_mode":true,"campfire_choices":[{"floor":6.0,"key":"REST"},{"floor":15,"key":"REST"},{"floor":24,"key":"REST"}],"neow_cost":"NONE","seed_source_timestamp":90629739534179,"circlet_count":0,"master_deck":["Strike_B","Strike_B+1","Strike_B","Strike_B","Defend_B","Defend_B+1","Defend_B","Defend_B","Zap","Dualcast+1","AscendersBane","Sweeping Beam","Ball Lightning","Defragment+1","Melter","Streamline","White Noise","Conserve Battery","Steam","Leap","Hologram","Rainbow","Stack","Ball Lightning"],"special_seed":0,"relics":["Cracked Core","Ginger","Darkstone Periapt","Kunai","Dream Catcher","Cursed Key","Bottled Tornado","Pen Nib","Blood Vial"],"potions_floor_usage":[11,13,16,23,23,25],"damage_taken":[{"damage":3.0,"enemies":"2 Louse","floor":1.0,"turns":2.0},{"damage":0.0,"enemies":"Small Slimes","floor":3.0,"turns":2.0},{"damage":11.0,"enemies":"Gremlin Nob","floor":7.0,"turns":3.0},{"damage":2.0,"enemies":"Jaw Worm","floor":10.0,"turns":3.0},{"damage":12,"enemies":"Lagavulin","floor":11,"turns":6},{"damage":0,"enemies":"Looter","floor":13,"turns":2},{"damage":1,"enemies":"Blue Slaver","floor":14,"turns":3},{"damage":17,"enemies":"Hexaghost","floor":16,"turns":8},{"damage":12,"enemies":"3 Byrds","floor":18,"turns":4},{"damage":0,"enemies":"Chosen","floor":19,"turns":4},{"damage":64,"enemies":"Book of Stabbing","floor":23,"turns":5},{"damage":26,"enemies":"Slavers","floor":25,"turns":1}],"seed_played":"3071875235109872410","potions_obtained":[{"floor":3.0,"key":"GamblersBrew"},{"floor":7.0,"key":"EssenceOfSteel"},{"floor":11,"key":"GamblersBrew"},{"floor":13,"key":"EssenceOfSteel"},{"floor":20,"key":"Regen Potion"},{"floor":20,"key":"FearPotion"},{"floor":23,"key":"Fire Potion"}],"is_trial":false,"path_per_floor":["M","$","M","?","?","R","E","?","T","M","E","?","M","M","R","B",null,"M","M","?","T","$","E","R"],"character_chosen":"DEFECT","items_purchased":["Ball Lightning","Defragment","Pen Nib"],"campfire_rested":3,"item_purchase_floors":[2,2,22],"current_hp_per_floor":[61,61,61,40,14,35,24,24,24,22,10,10,10,9,30,13,57,45,45,45,51,51,1,24,0],"gold":47,"neow_bonus":"UPGRADE_CARD","is_prod":false,"is_daily":false,"chose_seed":false,"campfire_upgraded":0,"win_rate":0,"timestamp":1540376094,"path_taken":["M","$","M","?","?","R","E","?","T","M","E","?","M","M","R","BOSS","M","M","?","?","$","E","R","E"],"build_version":"2018-10-23","purchased_purges":1,"victory":false,"max_hp_per_floor":[71,71,71,71,71,71,71,71,71,71,71,71,71,71,71,71,71,71,71,71,77,77,77,77,77],"card_choices":[{"not_picked":["Conserve Battery","Compile Driver"],"picked":"Sweeping Beam","floor":1.0},{"not_picked":["Streamline","Double Energy"],"picked":"Melter","floor":3.0},{"not_picked":["Aggregate","Coolheaded"],"picked":"Streamline","floor":7.0},{"not_picked":["Streamline","Beam Cell"],"picked":"White Noise","floor":10.0},{"not_picked":["Consume","Echo Form"],"picked":"Conserve Battery","floor":11},{"not_picked":["Compile Driver","Auto Shields"],"picked":"Steam","floor":13},{"not_picked":["Go for the Eyes","Force Field"],"picked":"Leap","floor":14},{"not_picked":["Leap","Turbo"],"picked":"Hologram","floor":15},{"not_picked":["Hyperbeam","Meteor Strike"],"picked":"Rainbow","floor":16},{"not_picked":["Sweeping Beam","Leap","Aggregate+1"],"picked":"SKIP","floor":18},{"not_picked":["Beam Cell","Compile Driver"],"picked":"Stack","floor":19},{"not_picked":["Buffer","Chaos","Recycle+1"],"picked":"SKIP","floor":23},{"not_picked":["Leap","Darkness"],"picked":"Ball Lightning","floor":24}],"player_experience":561462,"relics_obtained":[{"floor":7.0,"key":"Darkstone Periapt"},{"floor":9.0,"key":"Kunai"},{"floor":11,"key":"Dream Catcher"},{"floor":21,"key":"Bottled Tornado"},{"floor":23,"key":"Blood Vial"}],"event_choices":[{"damage_healed":0.0,"max_hp_gain":0.0,"max_hp_loss":0.0,"gold_gain":0.0,"event_name":"Shining Light","player_choice":"Entered Light","floor":4.0,"gold_loss":0.0,"damage_taken":21.0,"cards_upgraded":["Defend_B","Strike_B"]},{"damage_healed":0.0,"max_hp_gain":0.0,"max_hp_loss":0.0,"gold_gain":0.0,"event_name":"Scrap Ooze","player_choice":"Success","floor":5.0,"gold_loss":0.0,"damage_taken":26.0,"relics_obtained":["Ginger"]},{"damage_healed":0.0,"max_hp_gain":0.0,"max_hp_loss":0.0,"gold_gain":0.0,"event_name":"Living Wall","player_choice":"Grow","floor":8.0,"gold_loss":0.0,"damage_taken":0.0,"cards_upgraded":["Defragment"]},{"damage_healed":0,"gold_gain":0,"player_choice":"Searched \u00270\u0027 times","damage_taken":0,"max_hp_gain":0,"max_hp_loss":0,"event_name":"Dead Adventurer","floor":12,"gold_loss":0},{"damage_healed":0,"gold_gain":0,"player_choice":"Bought 3 Potions","damage_taken":0,"max_hp_gain":0,"max_hp_loss":0,"event_name":"The Woman in Blue","floor":20,"gold_loss":0}],"is_beta":true,"boss_relics":[{"not_picked":["Philosopher\u0027s Stone","Sozu"],"picked":"Cursed Key"}],"items_purged_floors":[22],"is_endless":false,"potions_floor_spawned":[3,7,11,13,23],"killed_by":"Slavers","ascension_level":18}