{"gold_per_floor":[109,123,123,198,71,71,111,111,111,111,130,170,170,135,135,259,259,273,292,308,324,324,324],"floor_reached":23,"playtime":991,"items_purged":["Defend_B"],"score":249,"play_id":"657cd3d9-ad1a-436e-b219-5d533558a4e2","local_time":"20190211144822","is_ascension_mode":false,"campfire_choices":[{"data":"Zap","floor":6,"key":"SMITH"},{"data":"Reprogram","floor":10,"key":"SMITH"},{"data":"Storm","floor":13,"key":"SMITH"},{"data":"Heatsinks","floor":15,"key":"SMITH"}],"neow_cost":"NONE","seed_source_timestamp":2204537023231702,"circlet_count":0,"master_deck":["Strike_B","Strike_B","Strike_B","Strike_B","Defend_B","Defend_B","Zap+1","Dualcast","Barrage","Reprogram+1","Storm+1","Heatsinks+1","Electrodynamics","Loop","Barrage","Beam Cell","Ball Lightning+1"],"relics":["Cracked Core","NeowsBlessing","Golden Idol","Pear","Lantern","Mango","Runic Pyramid","MutagenicStrength"],"potions_floor_usage":[16],"damage_taken":[{"damage":0,"enemies":"2 Louse","floor":1,"turns":1},{"damage":0,"enemies":"Jaw Worm","floor":2,"turns":1},{"damage":0,"enemies":"Lagavulin","floor":7,"turns":2},{"damage":3,"enemies":"Small Slimes","floor":11,"turns":2},{"damage":38,"enemies":"Gremlin Nob","floor":12,"turns":5},{"damage":52,"enemies":"Hexaghost","floor":16,"turns":9},{"damage":5,"enemies":"Chosen","floor":18,"turns":4},{"damage":25,"enemies":"2 Thieves","floor":19,"turns":3},{"damage":37,"enemies":"Snake Plant","floor":20,"turns":4},{"damage":15,"enemies":"Chosen and Byrds","floor":21,"turns":4},{"damage":12,"enemies":"Book of Stabbing","floor":23,"turns":2}],"seed_played":"-1019867213137689751","potions_obtained":[{"floor":1,"key":"Dexterity Potion"},{"floor":2,"key":"LiquidBronze"},{"floor":12,"key":"Fire Potion"},{"floor":18,"key":"SteroidPotion"}],"is_trial":false,"path_per_floor":["M","M","?","?","$","R","E","?","T","R","M","E","R","?","R","B",null,"M","M","M","M","?","E"],"character_chosen":"DEFECT","items_purchased":["Barrage"],"campfire_rested":0,"item_purchase_floors":[5],"current_hp_per_floor":[75,75,57,46,46,46,56,56,56,56,53,29,29,53,53,1,99,94,69,32,17,17,5],"gold":324,"neow_bonus":"THREE_ENEMY_KILL","is_prod":false,"is_daily":false,"chose_seed":false,"campfire_upgraded":4,"win_rate":0,"timestamp":1549918102,"path_taken":["M","M","?","?","$","R","E","?","T","R","?","E","R","?","R","BOSS","M","M","M","M","?","E"],"build_version":"2019-01-23","purchased_purges":1,"victory":false,"max_hp_per_floor":[75,75,75,75,75,75,85,85,85,85,85,99,99,99,99,99,99,99,99,99,99,99,99],"card_choices":[{"not_picked":["Scrape","Doom and Gloom","Leap"],"picked":"SKIP","floor":1},{"not_picked":["Scrape","Hologram","Reinforced Body"],"picked":"SKIP","floor":2},{"not_picked":["Glacier","Barrage"],"picked":"Reprogram","floor":7},{"not_picked":["Reprogram","Coolheaded"],"picked":"Storm","floor":11},{"not_picked":["Chill","BootSequence"],"picked":"Heatsinks","floor":12},{"not_picked":["Meteor Strike","Hyperbeam"],"picked":"Electrodynamics","floor":16},{"not_picked":["Coolheaded+1","Double Energy"],"picked":"Loop","floor":18},{"not_picked":["Scrape","Recycle"],"picked":"Barrage","floor":19},{"not_picked":["Stack","Tempest"],"picked":"Beam Cell","floor":20},{"not_picked":["Melter+1","Go for the Eyes"],"picked":"Ball Lightning+1","floor":21}],"player_experience":46475,"relics_obtained":[{"floor":7,"key":"Pear"},{"floor":9,"key":"Lantern"},{"floor":12,"key":"Mango"}],"event_choices":[{"damage_healed":0,"gold_gain":0,"player_choice":"Take Damage","damage_taken":18,"relics_obtained":["Golden Idol"],"max_hp_gain":0,"max_hp_loss":0,"event_name":"Golden Idol","floor":3,"gold_loss":0},{"damage_healed":0,"gold_gain":75,"player_choice":"Gather Gold","damage_taken":11,"max_hp_gain":0,"max_hp_loss":0,"event_name":"World of Goop","floor":4,"gold_loss":0},{"cards_removed":["Defend_B"],"damage_healed":0,"gold_gain":0,"player_choice":"Offered Basic","damage_taken":0,"max_hp_gain":0,"max_hp_loss":0,"event_name":"Bonfire Elementals","floor":8,"gold_loss":0},{"damage_healed":24,"gold_gain":0,"player_choice":"Healed","damage_taken":0,"max_hp_gain":0,"max_hp_loss":0,"event_name":"The Cleric","floor":14,"gold_loss":35},{"damage_healed":0,"gold_gain":0,"player_choice":"Inject Mutagens","damage_taken":0,"relics_obtained":["MutagenicStrength"],"max_hp_gain":0,"max_hp_loss":0,"event_name":"Drug Dealer","floor":22,"gold_loss":0}],"is_beta":false,"boss_relics":[{"not_picked":["Coffee Dripper","Runic Dome"],"picked":"Runic Pyramid"}],"items_purged_floors":[5],"is_endless":false,"potions_floor_spawned":[1,2,12,18,21],"killed_by":"Book of Stabbing","ascension_level":0}