{"gold_per_floor":[147,67,67,67,88,88,123,123,123,137,180,204,204,240,240,363,363,379,69,83,83,8,47,66,66,66,66,91,91],"floor_reached":29,"playtime":1345,"items_purged":[],"score":274,"play_id":"002f7a3a-f1ac-4308-9a25-2efdc37a5aa9","local_time":"20190221152151","is_ascension_mode":true,"campfire_choices":[{"data":"Strike_B","floor":6,"key":"PURGE"},{"floor":8,"key":"REST"},{"data":"Zap","floor":13,"key":"SMITH"},{"data":"Storm","floor":15,"key":"SMITH"},{"data":"Static Discharge","floor":25,"key":"SMITH"}],"neow_cost":"NONE","seed_source_timestamp":138211665351868,"circlet_count":0,"master_deck":["Defend_B","Defend_B","Defend_B","Defend_B","Zap+1","Dualcast","Tempest","Self Repair","Self Repair","Reinforced Body","Storm+1","Cold Snap","Static Discharge+1","Steam Power+1","Auto Shields+1","Leap+1","Loop+1","Self Repair","Turbo+1"],"relics":["Cracked Core","Tiny Chest","Peace Pipe","Golden Idol","Meat on the Bone","Symbiotic Virus","Art of War","Centennial Puzzle","Astrolabe","Bottled Lightning","Cables","Ancient Tea Set","Bottled Tornado"],"potions_floor_usage":[23,29,29],"damage_taken":[{"damage":0,"enemies":"Cultist","floor":1,"turns":4},{"damage":7,"enemies":"2 Louse","floor":5,"turns":4},{"damage":51,"enemies":"3 Sentries","floor":7,"turns":9},{"damage":5,"enemies":"Small Slimes","floor":10,"turns":4},{"damage":24,"enemies":"Gremlin Nob","floor":11,"turns":4},{"damage":6,"enemies":"2 Fungi Beasts","floor":12,"turns":3},{"damage":13,"enemies":"Lagavulin","floor":14,"turns":6},{"damage":32,"enemies":"Hexaghost","floor":16,"turns":11},{"damage":10,"enemies":"Shell Parasite","floor":18,"turns":10},{"damage":8,"enemies":"Spheric Guardian","floor":20,"turns":4},{"damage":37,"enemies":"Slavers","floor":23,"turns":6},{"damage":15,"enemies":"Snecko","floor":24,"turns":4},{"damage":4,"enemies":"Snake Plant","floor":28,"turns":2},{"damage":68,"enemies":"Centurion and Healer","floor":29,"turns":23}],"seed_played":"-8859490325214210160","potions_obtained":[{"floor":1,"key":"GamblersBrew"},{"floor":11,"key":"Dexterity Potion"},{"floor":16,"key":"Dexterity Potion"},{"floor":18,"key":"GamblersBrew"},{"floor":23,"key":"LiquidBronze"}],"is_trial":false,"path_per_floor":["M","$","T","?","M","R","E","R","T","M","E","M","R","E","R","B",null,"M","$","M","?","?","E","M","R","T","?","M","M"],"character_chosen":"DEFECT","items_purchased":["Self Repair","Bottled Lightning","Self Repair"],"campfire_rested":1,"item_purchase_floors":[2,19,19],"current_hp_per_floor":[75,75,75,57,57,57,13,35,35,56,58,66,66,67,67,61,75,75,75,75,75,75,59,58,58,58,58,68,0],"gold":91,"neow_bonus":"RANDOM_COMMON_RELIC","is_prod":false,"is_daily":false,"chose_seed":false,"campfire_upgraded":3,"win_rate":0,"timestamp":1550784111,"path_taken":["M","$","?","?","M","R","E","R","T","M","E","M","R","E","R","BOSS","M","$","M","?","?","E","M","R","T","?","M","M"],"build_version":"2019-01-23","purchased_purges":0,"victory":false,"max_hp_per_floor":[75,75,75,75,75,75,75,75,75,75,75,75,75,75,75,75,75,75,75,75,75,75,75,75,75,75,75,75,75],"card_choices":[{"not_picked":["Streamline","Ball Lightning"],"picked":"Tempest","floor":1},{"not_picked":["Aggregate","Barrage","Genetic Algorithm"],"picked":"SKIP","floor":5},{"not_picked":["Redo","Machine Learning"],"picked":"Self Repair","floor":7},{"not_picked":["Undo","Compile Driver"],"picked":"Reinforced Body","floor":10},{"not_picked":["Cold Snap","Barrage"],"picked":"Storm","floor":11},{"not_picked":["Stack","Ball Lightning"],"picked":"Cold Snap","floor":12},{"not_picked":["Barrage","Scrape"],"picked":"Static Discharge","floor":14},{"not_picked":["Chill","Beam Cell"],"picked":"Loop+1","floor":18},{"not_picked":["Go for the Eyes","Gash"],"picked":"Turbo+1","floor":20},{"not_picked":["Streamline","Scrape","Stack"],"picked":"SKIP","floor":23},{"not_picked":["Compile Driver","Genetic Algorithm","Ball Lightning"],"picked":"SKIP","floor":24},{"not_picked":["Amplify","Gash","Coolheaded+1"],"picked":"SKIP","floor":28}],"player_experience":81094,"relics_obtained":[{"floor":3,"key":"Peace Pipe"},{"floor":7,"key":"Meat on the Bone"},{"floor":9,"key":"Symbiotic Virus"},{"floor":11,"key":"Art of War"},{"floor":14,"key":"Centennial Puzzle"},{"floor":23,"key":"Ancient Tea Set"},{"floor":26,"key":"Bottled Tornado"}],"event_choices":[{"damage_healed":0,"gold_gain":0,"player_choice":"Take Damage","damage_taken":18,"relics_obtained":["Golden Idol"],"max_hp_gain":0,"max_hp_loss":0,"event_name":"Golden Idol","floor":4,"gold_loss":0},{"damage_healed":0,"gold_gain":0,"player_choice":"Stole Relic","damage_taken":0,"relics_obtained":["Cables"],"max_hp_gain":0,"max_hp_loss":0,"event_name":"Addict","floor":21,"gold_loss":0,"cards_obtained":["Shame"]},{"cards_removed":["Shame"],"damage_healed":0,"gold_gain":0,"player_choice":"Gave Gold","damage_taken":0,"max_hp_gain":0,"max_hp_loss":0,"event_name":"Beggar","floor":22,"gold_loss":75},{"damage_healed":0,"gold_gain":0,"player_choice":"Ignored","damage_taken":0,"max_hp_gain":0,"max_hp_loss":0,"event_name":"Vampires","floor":27,"gold_loss":0}],"is_beta":false,"boss_relics":[{"not_picked":["Busted Crown","Tiny House"],"picked":"Astrolabe"}],"items_purged_floors":[],"is_endless":false,"potions_floor_spawned":[1,11,16,18,23],"killed_by":"Centurion and Healer","ascension_level":1}