{"gold_per_floor":[116,130,110,123,135,167,167,201,247,247,29,44,44,60,60,133,133,145,60,72,72,87,118,138,154,154,154,115,142,142,169,169,247,247,261,12,26,39,56,56,73,23,23,49,49,49,49,67,67,67],"floor_reached":51,"playtime":1758,"items_purged":["Strike_B","Strike_B"],"score":1398,"play_id":"9dd7a0ca-eb84-4372-b32c-479d7642c054","local_time":"20190512200854","is_ascension_mode":true,"campfire_choices":[{"floor":7,"key":"REST"},{"data":"Defragment","floor":15,"key":"SMITH"},{"floor":27,"key":"REST"},{"data":"Capacitor","floor":30,"key":"SMITH"},{"floor":32,"key":"REST"},{"data":"Defragment","floor":40,"key":"SMITH"},{"data":"Buffer","floor":45,"key":"SMITH"},{"floor":47,"key":"REST"},{"floor":49,"key":"REST"}],"neow_cost":"NONE","seed_source_timestamp":1311071618648881,"circlet_count":0,"master_deck":["AscendersBane","Strike_B+1","Strike_B","Defend_B","Defend_B","Defend_B","Defend_B","Zap+1","Dualcast","Ball Lightning","Coolheaded","Hologram","Reinforced Body","Biased Cognition","Chaos+1","Steam","Defragment+1","Leap","Echo Form","Tempest","Chill","Ball Lightning+1","Self Repair","Doom and Gloom+1","Capacitor+1","Coolheaded","Echo Form","Hologram","Defragment+1","Coolheaded+1","Regret","Buffer+1","Finesse","Glacier+1"],"relics":["Cracked Core","Letter Opener","Meat on the Bone","Boot","Philosopher\u0027s Stone","Orichalcum","Smiling Mask","Blue Candle","Sundial","PreservedInsect","Cursed Key","DataDisk","Whetstone","FossilizedHelix"],"potions_floor_usage":[8,14,18,23,29,33,37,38,44,48],"damage_taken":[{"damage":7,"enemies":"Jaw Worm","floor":1,"turns":3},{"damage":0,"enemies":"Cultist","floor":2,"turns":3},{"damage":5,"enemies":"Small Slimes","floor":4,"turns":3},{"damage":13,"enemies":"3 Louse","floor":5,"turns":3},{"damage":28,"enemies":"Lagavulin","floor":6,"turns":8},{"damage":25,"enemies":"Gremlin Nob","floor":8,"turns":4},{"damage":0,"enemies":"Blue Slaver","floor":12,"turns":4},{"damage":7,"enemies":"Lots of Slimes","floor":14,"turns":3},{"damage":1,"enemies":"Slime Boss","floor":16,"turns":8},{"damage":13,"enemies":"3 Byrds","floor":18,"turns":5},{"damage":9,"enemies":"Chosen","floor":20,"turns":4},{"damage":10,"enemies":"Snake Plant","floor":22,"turns":4},{"damage":51,"enemies":"Book of Stabbing","floor":23,"turns":7},{"damage":5,"enemies":"Centurion and Healer","floor":24,"turns":8},{"damage":2,"enemies":"Snecko","floor":25,"turns":5},{"damage":39,"enemies":"Gremlin Leader","floor":29,"turns":7},{"damage":38,"enemies":"Slavers","floor":31,"turns":5},{"damage":24,"enemies":"Collector","floor":33,"turns":10},{"damage":22,"enemies":"3 Shapes","floor":35,"turns":8},{"damage":7,"enemies":"Orb Walker","floor":37,"turns":4},{"damage":1,"enemies":"Jaw Worm Horde","floor":38,"turns":5},{"damage":18,"enemies":"3 Darklings","floor":39,"turns":4},{"damage":36,"enemies":"Maw","floor":41,"turns":8},{"damage":16,"enemies":"Giant Head","floor":44,"turns":6},{"damage":19,"enemies":"Jaw Worm Horde","floor":48,"turns":4},{"damage":0,"enemies":"Donu and Deca","floor":50,"turns":11}],"seed_played":"-5097162624489259645","potions_obtained":[{"floor":2,"key":"Dexterity Potion"},{"floor":3,"key":"FocusPotion"},{"floor":12,"key":"AttackPotion"},{"floor":14,"key":"Strength Potion"},{"floor":20,"key":"SteroidPotion"},{"floor":22,"key":"PowerPotion"},{"floor":24,"key":"FocusPotion"},{"floor":31,"key":"GamblersBrew"},{"floor":33,"key":"PowerPotion"},{"floor":37,"key":"Fire Potion"},{"floor":38,"key":"EssenceOfSteel"},{"floor":44,"key":"Block Potion"}],"is_trial":false,"path_per_floor":["M","M","?","M","M","E","R","E","T","?","$","M","?","M","R","B",null,"M","?","M","?","M","E","M","M","T","R","$","E","R","E","R","B",null,"M","$","M","M","M","R","M","$","T","E","R","?","R","M","R","B",null],"character_chosen":"DEFECT","items_purchased":["Steam","Defragment","Doom and Gloom","DataDisk","Defragment"],"campfire_rested":5,"item_purchase_floors":[11,11,28,36,36],"current_hp_per_floor":[57,57,57,52,39,11,32,7,7,7,7,19,19,24,24,35,62,49,49,40,71,61,22,29,39,39,60,60,40,40,21,42,37,63,41,41,46,59,55,55,38,38,38,48,48,48,69,57,71,71],"gold":67,"neow_bonus":"UPGRADE_CARD","is_prod":false,"is_daily":false,"chose_seed":false,"campfire_upgraded":4,"win_rate":0,"timestamp":1557709734,"path_taken":["M","M","?","?","M","E","R","E","T","?","$","M","?","M","R","BOSS","M","?","M","?","?","E","M","?","T","R","$","E","R","E","R","BOSS","M","?","?","M","M","R","M","$","T","E","R","?","R","M","R","BOSS"],"build_version":"2019-01-23","purchased_purges":2,"victory":true,"max_hp_per_floor":[71,71,71,71,71,71,71,71,71,71,71,71,71,71,71,71,71,71,71,71,71,71,71,71,71,71,71,71,71,71,71,71,71,71,71,71,71,71,71,71,71,71,71,71,71,71,71,71,71,71],"card_choices":[{"not_picked":["Coolheaded","Beam Cell"],"picked":"Ball Lightning","floor":1},{"not_picked":["Ball Lightning","Storm"],"picked":"Coolheaded","floor":2},{"not_picked":["FTL","Storm"],"picked":"Hologram","floor":4},{"not_picked":["Stack","Undo"],"picked":"Reinforced Body","floor":5},{"not_picked":["Storm","Turbo"],"picked":"Biased Cognition","floor":6},{"not_picked":["Hologram","Lockon"],"picked":"Chaos","floor":8},{"not_picked":["Scrape","Go for the Eyes","Barrage"],"picked":"SKIP","floor":12},{"not_picked":["Streamline","Go for the Eyes"],"picked":"Leap","floor":14},{"not_picked":["Rainbow","Multi-Cast"],"picked":"Echo Form","floor":16},{"not_picked":["Turbo","Gash","Barrage"],"picked":"SKIP","floor":18},{"not_picked":["Go for the Eyes","Fusion","Turbo"],"picked":"SKIP","floor":20},{"not_picked":["Undo","Beam Cell"],"picked":"Tempest","floor":22},{"not_picked":["Gash+1","Beam Cell"],"picked":"Chill","floor":23},{"not_picked":["Sweeping Beam","Sunder"],"picked":"Ball Lightning+1","floor":24},{"not_picked":["Stack","Rip and Tear"],"picked":"Self Repair","floor":25},{"not_picked":["Sweeping Beam+1","Cold Snap"],"picked":"Capacitor","floor":29},{"not_picked":["Stack","Self Repair"],"picked":"Coolheaded","floor":31},{"not_picked":["All For One","Biased Cognition"],"picked":"Echo Form","floor":33},{"not_picked":["Stack","Turbo"],"picked":"Hologram","floor":35},{"not_picked":["Defragment","Double Energy"],"picked":"Coolheaded+1","floor":37},{"not_picked":["Tempest","Lockon+1","Coolheaded+1"],"picked":"SKIP","floor":38},{"not_picked":["Sweeping Beam+1","Cold Snap","Redo+1"],"picked":"SKIP","floor":39},{"not_picked":["Steam","Coolheaded","Go for the Eyes"],"picked":"SKIP","floor":41},{"not_picked":["Conserve Battery","Stack"],"picked":"Buffer","floor":44},{"not_picked":["The Bomb","PanicButton"],"picked":"Finesse","floor":46},{"not_picked":["Conserve Battery","Compile Driver"],"picked":"Glacier+1","floor":48}],"player_experience":408664,"relics_obtained":[{"floor":6,"key":"Letter Opener"},{"floor":8,"key":"Meat on the Bone"},{"floor":9,"key":"Boot"},{"floor":23,"key":"Smiling Mask"},{"floor":26,"key":"Blue Candle"},{"floor":29,"key":"Sundial"},{"floor":31,"key":"PreservedInsect"},{"floor":43,"key":"Whetstone"},{"floor":44,"key":"FossilizedHelix"}],"event_choices":[{"damage_healed":0,"gold_gain":0,"player_choice":"Bought 1 Potion","damage_taken":0,"max_hp_gain":0,"max_hp_loss":0,"event_name":"The Woman in Blue","floor":3,"gold_loss":0},{"damage_healed":0,"gold_gain":0,"player_choice":"Grow","damage_taken":0,"max_hp_gain":0,"max_hp_loss":0,"event_name":"Living Wall","floor":10,"gold_loss":0,"cards_upgraded":["Chaos"]},{"damage_healed":0,"gold_gain":0,"player_choice":"Fled","damage_taken":0,"max_hp_gain":0,"max_hp_loss":0,"event_name":"Scrap Ooze","floor":13,"gold_loss":0},{"damage_healed":0,"gold_gain":0,"player_choice":"Obtained Relic","damage_taken":0,"relics_obtained":["Orichalcum"],"max_hp_gain":0,"max_hp_loss":0,"event_name":"Addict","floor":19,"gold_loss":85},{"damage_healed":31,"gold_gain":0,"player_choice":"Full Heal","damage_taken":0,"max_hp_gain":0,"max_hp_loss":0,"event_name":"Wheel of Change","floor":21,"gold_loss":0},{"damage_healed":0,"gold_gain":0,"player_choice":"Memory 1","damage_taken":0,"max_hp_gain":0,"max_hp_loss":0,"event_name":"SensoryStone","floor":46,"gold_loss":0}],"is_beta":false,"boss_relics":[{"not_picked":["White Beast Statue","Coffee Dripper"],"picked":"Philosopher\u0027s Stone"},{"not_picked":["Pandora\u0027s Box","Empty Cage"],"picked":"Cursed Key"}],"items_purged_floors":[11,42],"is_endless":false,"potions_floor_spawned":[2,4,12,14,16,20,22,24,31,33,37,38,44],"ascension_level":16}