{"gold_per_floor":[110,126,126,140,155,155,189,189,189,218,230,230,250,283,283,283],"floor_reached":16,"playtime":552,"items_purged":[],"score":171,"play_id":"c54d360d-7d99-41a9-a242-6d2ed51acc76","local_time":"20190403194551","is_ascension_mode":true,"campfire_choices":[{"data":"Dagger Spray","floor":6,"key":"SMITH"},{"floor":12,"key":"REST"},{"data":"Burst","floor":15,"key":"SMITH"}],"neow_cost":"NONE","seed_source_timestamp":1538889275158364,"circlet_count":0,"master_deck":["Defend_G+1","Defend_G","Defend_G","Defend_G","Defend_G+1","Strike_G","Strike_G","Strike_G","Strike_G","Strike_G","Survivor","Neutralize","Doppelganger","Dagger Spray+1","Infinite Blades","Cloak And Dagger","Blade Dance","Finisher","Footwork","Outmaneuver","Dodge and Roll","Burst+1"],"relics":["Ring of the Snake","Darkstone Periapt","Omamori","Bag of Marbles","Meat on the Bone","War Paint"],"potions_floor_usage":[7,14],"damage_taken":[{"damage":3,"enemies":"Cultist","floor":1,"turns":4},{"damage":0,"enemies":"2 Louse","floor":2,"turns":2},{"damage":1,"enemies":"Small Slimes","floor":4,"turns":4},{"damage":7,"enemies":"Blue Slaver","floor":5,"turns":5},{"damage":27,"enemies":"Lagavulin","floor":7,"turns":7},{"damage":23,"enemies":"Gremlin Nob","floor":10,"turns":4},{"damage":6,"enemies":"Looter","floor":11,"turns":3},{"damage":14,"enemies":"3 Louse","floor":13,"turns":2},{"damage":9,"enemies":"3 Sentries","floor":14,"turns":7},{"damage":50,"enemies":"Hexaghost","floor":16,"turns":16}],"seed_played":"-1489779272818492857","potions_obtained":[{"floor":2,"key":"SmokeBomb"},{"floor":4,"key":"Poison Potion"},{"floor":13,"key":"Strength Potion"}],"is_trial":false,"path_per_floor":["M","M","T","M","M","R","E","?","T","E","M","R","M","E","R","B"],"character_chosen":"THE_SILENT","items_purchased":[],"campfire_rested":1,"item_purchase_floors":[],"current_hp_per_floor":[60,60,60,59,52,52,25,42,42,19,25,46,44,47,47,0],"gold":283,"neow_bonus":"ONE_RANDOM_RARE_CARD","is_prod":false,"is_daily":false,"chose_seed":false,"campfire_upgraded":2,"win_rate":0,"timestamp":1554338751,"path_taken":["M","M","?","M","M","R","E","?","T","E","M","R","M","E","R","BOSS"],"build_version":"2019-01-23","purchased_purges":0,"victory":false,"max_hp_per_floor":[70,70,70,70,70,70,70,70,70,70,70,70,70,70,70,70],"card_choices":[{"not_picked":["Blade Dance","Choke"],"picked":"Dagger Spray","floor":1},{"not_picked":["PiercingWail","All Out Attack"],"picked":"Infinite Blades","floor":2},{"not_picked":["Caltrops","PiercingWail"],"picked":"Cloak And Dagger","floor":4},{"not_picked":["Terror","Blur"],"picked":"Blade Dance","floor":5},{"not_picked":["Skewer","PiercingWail"],"picked":"Finisher","floor":7},{"not_picked":["Bane","Slice"],"picked":"Footwork","floor":10},{"not_picked":["Heel Hook","Dagger Spray"],"picked":"Outmaneuver","floor":11},{"not_picked":["Eviscerate","Tactician"],"picked":"Dodge and Roll","floor":13},{"not_picked":["Phantasmal Killer","Acrobatics"],"picked":"Burst","floor":14}],"player_experience":281620,"relics_obtained":[{"floor":3,"key":"Darkstone Periapt"},{"floor":7,"key":"Omamori"},{"floor":9,"key":"Bag of Marbles"},{"floor":10,"key":"Meat on the Bone"},{"floor":14,"key":"War Paint"}],"event_choices":[{"damage_healed":17,"gold_gain":0,"player_choice":"Healed and dodged fight","damage_taken":0,"max_hp_gain":0,"max_hp_loss":0,"event_name":"Mushrooms","floor":8,"gold_loss":0,"cards_obtained":["Parasite"]}],"is_beta":false,"boss_relics":[],"items_purged_floors":[],"is_endless":false,"potions_floor_spawned":[2,4,13],"killed_by":"Hexaghost","ascension_level":8}