{"gold_per_floor":[115,115,132,3,23,23,53,53,78,106,138,150,182,119,119,223,223,241,156,156,173,63,63,82,11,58,58,68,103,103,121,121,219,219,236,255,255,155,167,198,198,213,213,226,226],"floor_reached":45,"playtime":3375,"items_purged":["Strike_B","Defend_B"],"score":492,"play_id":"914ddef7-c3e6-4e25-981e-da5cb5a36284","local_time":"20190518003629","is_ascension_mode":false,"campfire_choices":[{"data":"Doom and Gloom","floor":6,"key":"SMITH"},{"data":"Redo","floor":8,"key":"SMITH"},{"floor":12,"key":"REST"},{"data":"Dualcast","floor":15,"key":"SMITH"},{"data":"Redo","floor":23,"key":"SMITH"},{"floor":30,"key":"REST"},{"floor":32,"key":"REST"},{"data":"Glacier","floor":41,"key":"SMITH"}],"neow_cost":"NONE","seed_source_timestamp":179230031994722,"circlet_count":0,"master_deck":["Defend_B","Defend_B","Defend_B","Zap","Dualcast+1","Genetic Algorithm","Beam Cell","Doom and Gloom+1","Steam","Redo+1","Go for the Eyes","Chill","Machine Learning","Undo","Redo+1","Conserve Battery","Dark Shackles","Cold Snap+1","Loop+1","Glacier+1","Chill+1","Cold Snap","Creative AI+1","Hologram+1","Consume+1","Self Repair+1","Redo+1","Hologram+1"],"relics":["Cracked Core","Strawberry","MawBank","Empty Cage","Frozen Egg 2","MutagenicStrength","Boot","Coffee Dripper","Smiling Mask","Shovel"],"potions_floor_usage":[],"damage_taken":[{"damage":5,"enemies":"Small Slimes","floor":1,"turns":4},{"damage":0,"enemies":"Jaw Worm","floor":3,"turns":6},{"damage":6,"enemies":"2 Louse","floor":5,"turns":2},{"damage":19,"enemies":"3 Sentries","floor":7,"turns":5},{"damage":5,"enemies":"Looter","floor":10,"turns":3},{"damage":15,"enemies":"Exordium Thugs","floor":11,"turns":4},{"damage":2,"enemies":"Large Slime","floor":13,"turns":6},{"damage":12,"enemies":"The Guardian","floor":16,"turns":11},{"damage":15,"enemies":"Spheric Guardian","floor":18,"turns":4},{"damage":12,"enemies":"Shell Parasite","floor":21,"turns":8},{"damage":9,"enemies":"3 Cultists","floor":24,"turns":7},{"damage":0,"enemies":"Centurion and Healer","floor":28,"turns":6},{"damage":30,"enemies":"Book of Stabbing","floor":29,"turns":8},{"damage":11,"enemies":"Snake Plant","floor":31,"turns":6},{"damage":56,"enemies":"Collector","floor":33,"turns":16},{"damage":15,"enemies":"Orb Walker","floor":35,"turns":8},{"damage":0,"enemies":"3 Shapes","floor":36,"turns":6},{"damage":3,"enemies":"3 Darklings","floor":39,"turns":7},{"damage":15,"enemies":"Giant Head","floor":40,"turns":8},{"damage":34,"enemies":"Spire Growth","floor":42,"turns":6},{"damage":9,"enemies":"4 Shapes","floor":44,"turns":8},{"damage":50,"enemies":"Sphere and 2 Shapes","floor":45,"turns":3}],"seed_played":"-235170602292019189","potions_obtained":[{"floor":3,"key":"PowerPotion"},{"floor":11,"key":"SteroidPotion"},{"floor":16,"key":"Block Potion"}],"is_trial":false,"path_per_floor":["M","?","M","$","M","R","E","R","T","M","M","R","M","$","R","B",null,"M","?","?","M","$","R","M","$","T","?","M","E","R","M","R","B",null,"M","M","?","$","M","E","R","M","T","M","M"],"character_chosen":"DEFECT","items_purchased":["Doom and Gloom","Steam","Conserve Battery","Dark Shackles","Loop+1"],"campfire_rested":3,"item_purchase_floors":[4,4,22,22,25],"current_hp_per_floor":[77,77,77,77,71,71,59,59,59,54,39,65,63,63,63,51,89,74,74,74,62,62,62,53,53,53,53,53,23,49,38,64,8,89,74,74,74,74,71,66,66,42,42,43,0],"gold":226,"neow_bonus":"TEN_PERCENT_HP_BONUS","is_prod":false,"is_daily":false,"chose_seed":false,"campfire_upgraded":5,"win_rate":0,"timestamp":1558164989,"path_taken":["M","?","M","$","M","R","E","R","T","M","M","R","M","$","R","BOSS","M","?","?","M","$","R","M","?","T","?","M","E","R","M","R","BOSS","M","M","?","$","M","E","R","M","T","M","M"],"build_version":"2019-01-23","purchased_purges":2,"victory":false,"max_hp_per_floor":[82,82,82,82,82,82,89,89,89,89,89,89,89,89,89,89,89,89,89,89,89,89,89,89,89,89,89,89,89,89,89,89,89,89,89,89,89,89,89,89,89,89,89,89,89],"card_choices":[{"not_picked":["Hologram","Fusion"],"picked":"Genetic Algorithm","floor":1},{"not_picked":["Conserve Battery","Compile Driver"],"picked":"Beam Cell","floor":3},{"not_picked":["Gash","Beam Cell","Sweeping Beam"],"picked":"SKIP","floor":5},{"not_picked":["Rip and Tear","Static Discharge"],"picked":"Redo","floor":7},{"not_picked":["Gash","Capacitor","Storm"],"picked":"SKIP","floor":10},{"not_picked":["Recycle","Reinforced Body"],"picked":"Go for the Eyes","floor":11},{"not_picked":["Fusion","Hyperbeam"],"picked":"Chill","floor":13},{"not_picked":["Core Surge","Buffer"],"picked":"Machine Learning","floor":16},{"not_picked":["BootSequence+1","Leap"],"picked":"Undo","floor":18},{"not_picked":["Go for the Eyes","Leap","Beam Cell"],"picked":"SKIP","floor":21},{"not_picked":["Conserve Battery","Storm+1"],"picked":"Cold Snap+1","floor":24},{"not_picked":["Aggregate","Tempest"],"picked":"Glacier","floor":28},{"not_picked":["Tempest","White Noise"],"picked":"Chill+1","floor":29},{"not_picked":["Leap+1","Rainbow"],"picked":"Cold Snap","floor":31},{"not_picked":["Hyperbeam","Machine Learning+1"],"picked":"Creative AI+1","floor":33},{"not_picked":["Ball Lightning","Go for the Eyes"],"picked":"Hologram+1","floor":35},{"not_picked":["Loop+1","Coolheaded+1"],"picked":"Consume+1","floor":36},{"not_picked":["FTL","Reinforced Body"],"picked":"Self Repair+1","floor":39},{"not_picked":["Gash+1","Reprogram+1"],"picked":"Redo+1","floor":40},{"not_picked":["Genetic Algorithm+1","All For One","Barrage"],"picked":"SKIP","floor":42},{"not_picked":["Steam+1","Compile Driver"],"picked":"Hologram+1","floor":44}],"player_experience":138437,"relics_obtained":[{"floor":7,"key":"Strawberry"},{"floor":9,"key":"MawBank"},{"floor":29,"key":"Boot"},{"floor":40,"key":"Smiling Mask"},{"floor":43,"key":"Shovel"}],"event_choices":[{"damage_healed":0,"gold_gain":0,"player_choice":"Ignored","damage_taken":0,"max_hp_gain":0,"max_hp_loss":0,"event_name":"Liars Game","floor":2,"gold_loss":0},{"damage_healed":0,"gold_gain":0,"player_choice":"Obtained Relic","damage_taken":0,"relics_obtained":["Frozen Egg 2"],"max_hp_gain":0,"max_hp_loss":0,"event_name":"Addict","floor":19,"gold_loss":85},{"damage_healed":0,"gold_gain":0,"player_choice":"Read","damage_taken":0,"max_hp_gain":0,"max_hp_loss":0,"event_name":"The Library","floor":20,"gold_loss":0,"cards_obtained":["Redo"]},{"damage_healed":0,"gold_gain":0,"player_choice":"Inject Mutagens","damage_taken":0,"relics_obtained":["MutagenicStrength"],"max_hp_gain":0,"max_hp_loss":0,"event_name":"Drug Dealer","floor":27,"gold_loss":0},{"cards_removed":["Strike_B"],"damage_healed":0,"gold_gain":0,"player_choice":"Removed Attack","damage_taken":0,"max_hp_gain":0,"max_hp_loss":0,"event_name":"Falling","floor":37,"gold_loss":0}],"is_beta":false,"boss_relics":[{"not_picked":["White Beast Statue","Inserter"],"picked":"Empty Cage"},{"not_picked":["Black Star","Orrery"],"picked":"Coffee Dripper"}],"items_purged_floors":[14,38],"is_endless":false,"potions_floor_spawned":[3,11,16,21,24,31,42,44],"killed_by":"Sphere and 2 Shapes","ascension_level":0}