{"gold_per_floor":[112,112,138,24,80,107,107,139,165,165,265,285,285,28,28,28],"floor_reached":16,"playtime":498,"items_purged":["Regret","Strike_B"],"score":175,"play_id":"ae9f0590-11a6-4f96-985b-3b7907de6ef1","local_time":"20190429155924","is_ascension_mode":true,"campfire_choices":[{"floor":7,"key":"REST"},{"data":"Fusion","floor":10,"key":"SMITH"},{"data":"Glacier","floor":13,"key":"SMITH"},{"floor":15,"key":"REST"}],"neow_cost":"NONE","seed_source_timestamp":174140798153157,"circlet_count":0,"master_deck":["AscendersBane","Strike_B","Strike_B","Strike_B","Defend_B","Defend_B","Defend_B","Defend_B","Zap","Dualcast","Chill","Glacier+1","Streamline","Leap","Fusion+1","Multi-Cast"],"relics":["White Beast Statue","MawBank","Lantern","Vajra","Anchor"],"potions_floor_usage":[6,6,16,16],"damage_taken":[{"damage":18,"enemies":"Jaw Worm","floor":1,"turns":4},{"damage":17,"enemies":"2 Louse","floor":3,"turns":3},{"damage":19,"enemies":"Lagavulin","floor":6,"turns":6},{"damage":9,"enemies":"3 Sentries","floor":8,"turns":13},{"damage":0,"enemies":"Small Slimes","floor":12,"turns":4},{"damage":58,"enemies":"The Guardian","floor":16,"turns":18}],"seed_played":"6256717715353275251","potions_obtained":[{"floor":1,"key":"GamblersBrew"},{"floor":3,"key":"SkillPotion"},{"floor":6,"key":"SpeedPotion"},{"floor":8,"key":"SpeedPotion"}],"is_trial":false,"path_per_floor":["M","?","M","$","?","E","R","E","T","R","?","M","R","$","R","B"],"character_chosen":"DEFECT","items_purchased":["Streamline","Multi-Cast"],"campfire_rested":2,"item_purchase_floors":[4,14],"current_hp_per_floor":[50,50,33,33,33,14,36,27,27,27,27,27,27,27,49,0],"gold":28,"neow_bonus":"BOSS_RELIC","is_prod":false,"is_daily":false,"chose_seed":false,"campfire_upgraded":2,"win_rate":0,"timestamp":1556571564,"path_taken":["M","?","M","$","?","E","R","E","T","R","?","?","R","$","R","BOSS"],"build_version":"2019-01-23","purchased_purges":2,"victory":false,"max_hp_per_floor":[75,75,75,75,75,75,75,75,75,75,75,75,75,75,75,75],"card_choices":[{"not_picked":["Force Field","Beam Cell"],"picked":"Chill","floor":1},{"not_picked":["Compile Driver","Hologram"],"picked":"Glacier","floor":3},{"not_picked":["Hologram","Streamline"],"picked":"Leap","floor":6},{"not_picked":["Turbo","Blizzard"],"picked":"Fusion","floor":8},{"not_picked":["Heatsinks","Skim","Redo"],"picked":"SKIP","floor":12}],"player_experience":341366,"relics_obtained":[{"floor":6,"key":"Lantern"},{"floor":8,"key":"Vajra"},{"floor":9,"key":"Anchor"}],"event_choices":[{"damage_healed":0,"gold_gain":0,"player_choice":"Box","damage_taken":0,"relics_obtained":["MawBank"],"max_hp_gain":0,"max_hp_loss":0,"event_name":"Big Fish","floor":2,"gold_loss":0,"cards_obtained":["Regret"]},{"damage_healed":0,"gold_gain":56,"player_choice":"Gained Gold","damage_taken":0,"max_hp_gain":0,"max_hp_loss":0,"event_name":"Golden Wing","floor":5,"gold_loss":0},{"damage_healed":0,"gold_gain":100,"player_choice":"Pray","damage_taken":0,"max_hp_gain":0,"max_hp_loss":0,"event_name":"Golden Shrine","floor":11,"gold_loss":0}],"is_beta":false,"boss_relics":[],"items_purged_floors":[4,14],"is_endless":false,"potions_floor_spawned":[1,3,6,8,12],"killed_by":"The Guardian","ascension_level":13}