{"gold_per_floor":[116,40,59,59,70,102,102,133,133,133,147,165,9,159,159,233,233,247,258,18,18,38,38,57,57],"floor_reached":25,"playtime":692,"items_purged":["Strike_B"],"score":417,"play_id":"c2a07631-2109-44d8-a707-7448f9a671cb","local_time":"20190504001727","is_ascension_mode":true,"campfire_choices":[{"data":"Loop","floor":7,"key":"SMITH"},{"floor":10,"key":"REST"},{"data":"Loop","floor":15,"key":"SMITH"},{"data":"Buffer","floor":23,"key":"SMITH"}],"neow_cost":"NONE","seed_source_timestamp":549442091748797,"circlet_count":0,"master_deck":["AscendersBane","Strike_B","Strike_B","Strike_B","Defend_B","Defend_B","Defend_B","Defend_B","Zap","Dualcast","Static Discharge","Loop+1","Cold Snap","Doom and Gloom","Echo Form","Loop+1","Hologram","Consume","Doubt","Buffer+1","Ball Lightning","Coolheaded","Cold Snap"],"relics":["Cracked Core","NeowsBlessing","Emotion Chip","Thread and Needle","Gambling Chip","Cursed Key","MealTicket"],"potions_floor_usage":[8,16,16,25],"damage_taken":[{"damage":0,"enemies":"Small Slimes","floor":1,"turns":1},{"damage":0,"enemies":"Cultist","floor":3,"turns":1},{"damage":0,"enemies":"2 Louse","floor":5,"turns":1},{"damage":31,"enemies":"Lagavulin","floor":6,"turns":6},{"damage":15,"enemies":"Gremlin Nob","floor":8,"turns":4},{"damage":2,"enemies":"Looter","floor":11,"turns":4},{"damage":13,"enemies":"Exordium Wildlife","floor":12,"turns":4},{"damage":25,"enemies":"The Guardian","floor":16,"turns":5},{"damage":5,"enemies":"Shell Parasite","floor":18,"turns":5},{"damage":10,"enemies":"3 Byrds","floor":19,"turns":6},{"damage":15,"enemies":"Cultist and Chosen","floor":22,"turns":5},{"damage":13,"enemies":"3 Cultists","floor":24,"turns":4},{"damage":27,"enemies":"Slavers","floor":25,"turns":2}],"seed_played":"-9173490358565393576","potions_obtained":[{"floor":5,"key":"SkillPotion"},{"floor":6,"key":"Dexterity Potion"},{"floor":8,"key":"SkillPotion"},{"floor":12,"key":"Regen Potion"},{"floor":16,"key":"SpeedPotion"},{"floor":18,"key":"Explosive Potion"},{"floor":22,"key":"Swift Potion"}],"is_trial":false,"path_per_floor":["M","$","M","?","M","E","R","E","T","R","M","M","$","?","R","B",null,"M","M","$","?","M","R","M","E"],"character_chosen":"DEFECT","items_purchased":["Loop","Consume","Coolheaded","MealTicket"],"campfire_rested":1,"item_purchase_floors":[2,13,20,20],"current_hp_per_floor":[64,64,64,64,64,33,33,18,18,39,37,24,24,24,24,11,56,51,41,41,55,40,40,27,0],"gold":57,"neow_bonus":"THREE_ENEMY_KILL","is_prod":false,"is_daily":false,"chose_seed":false,"campfire_upgraded":3,"win_rate":0,"timestamp":1556947047,"path_taken":["M","$","M","?","?","E","R","E","T","R","M","M","$","?","R","BOSS","M","M","$","?","M","R","M","E"],"build_version":"2019-01-23","purchased_purges":1,"victory":false,"max_hp_per_floor":[71,71,71,71,71,71,71,71,71,71,71,71,71,71,71,71,71,71,71,71,71,71,71,71,71],"card_choices":[{"not_picked":["Turbo","Rebound"],"picked":"Static Discharge","floor":1},{"not_picked":["Gash","Storm"],"picked":"Cold Snap","floor":3},{"not_picked":["Go for the Eyes","Darkness"],"picked":"Doom and Gloom","floor":5},{"not_picked":["Loop","Steam"],"picked":"Echo Form","floor":6},{"not_picked":["Beam Cell","Barrage"],"picked":"Loop","floor":8},{"not_picked":["Lockon","Sweeping Beam","Tempest"],"picked":"SKIP","floor":11},{"not_picked":["Beam Cell","Go for the Eyes"],"picked":"Hologram","floor":12},{"not_picked":["Amplify","Hyperbeam"],"picked":"Buffer","floor":16},{"not_picked":["Rebound+1","Consume"],"picked":"Ball Lightning","floor":18},{"not_picked":["Compile Driver","Beam Cell+1","Stack"],"picked":"SKIP","floor":19},{"not_picked":["Doom and Gloom","Conserve Battery","Aggregate"],"picked":"SKIP","floor":22},{"not_picked":["Gash","Turbo"],"picked":"Cold Snap","floor":24}],"player_experience":378671,"relics_obtained":[{"floor":6,"key":"Emotion Chip"},{"floor":8,"key":"Thread and Needle"},{"floor":9,"key":"Gambling Chip"}],"event_choices":[{"damage_healed":0,"gold_gain":0,"player_choice":"0 cards matched","damage_taken":0,"max_hp_gain":0,"max_hp_loss":0,"event_name":"Match and Keep!","floor":4,"gold_loss":0,"cards_obtained":[]},{"damage_healed":0,"gold_gain":150,"player_choice":"AGREE","damage_taken":0,"max_hp_gain":0,"max_hp_loss":0,"event_name":"Liars Game","floor":14,"gold_loss":0,"cards_obtained":["Doubt"]},{"damage_healed":14,"gold_gain":0,"player_choice":"Heal","damage_taken":0,"max_hp_gain":0,"max_hp_loss":0,"event_name":"The Library","floor":21,"gold_loss":0}],"is_beta":false,"boss_relics":[{"not_picked":["Astrolabe","Nuclear Battery"],"picked":"Cursed Key"}],"items_purged_floors":[13],"is_endless":false,"potions_floor_spawned":[5,6,8,12,16,18,22],"killed_by":"Slavers","ascension_level":15}