{"gold_per_floor":[109,124,124,143,155,182,182,201,226,226,226,252,252,28,28,128,128,148,164,164,175,175],"floor_reached":22,"playtime":723,"items_purged":["Strike_B"],"score":332,"play_id":"c8d609c0-a8a0-4c7c-a736-ad197a4385f6","local_time":"20190311213137","is_ascension_mode":true,"campfire_choices":[{"data":"Zap","floor":7,"key":"SMITH"},{"data":"Coolheaded","floor":10,"key":"SMITH"},{"data":"Loop","floor":13,"key":"SMITH"},{"floor":15,"key":"REST"}],"neow_cost":"NONE","seed_source_timestamp":1712625185316051,"circlet_count":0,"master_deck":["AscendersBane","Strike_B","Defend_B","Defend_B","Defend_B","Defend_B","Zap+1","Dualcast","Rebound","Go for the Eyes","Coolheaded+1","Streamline+1","Sweeping Beam","Beam Cell","Loop+1","All For One","Leap","Cold Snap","Gash"],"relics":["Cracked Core","Oddly Smooth Stone","Art of War","Blood Vial","Orichalcum","Happy Flower","Black Star"],"potions_floor_usage":[12,12,12,22,22],"damage_taken":[{"damage":2,"enemies":"Small Slimes","floor":1,"turns":3},{"damage":0,"enemies":"2 Louse","floor":2,"turns":3},{"damage":9,"enemies":"Jaw Worm","floor":4,"turns":3},{"damage":1,"enemies":"2 Fungi Beasts","floor":5,"turns":3},{"damage":16,"enemies":"Lagavulin","floor":6,"turns":7},{"damage":7,"enemies":"Red Slaver","floor":8,"turns":3},{"damage":0,"enemies":"Gremlin Nob","floor":12,"turns":2},{"damage":24,"enemies":"Slime Boss","floor":16,"turns":9},{"damage":21,"enemies":"Spheric Guardian","floor":18,"turns":4},{"damage":20,"enemies":"3 Byrds","floor":19,"turns":4},{"damage":20,"enemies":"Centurion and Healer","floor":21,"turns":8},{"damage":19,"enemies":"Shelled Parasite and Fungi","floor":22,"turns":3}],"seed_played":"-6676173554524531091","potions_obtained":[{"floor":2,"key":"Poison Potion"},{"floor":4,"key":"Explosive Potion"},{"floor":6,"key":"Fire Potion"},{"floor":16,"key":"EssenceOfSteel"},{"floor":21,"key":"AttackPotion"}],"is_trial":false,"path_per_floor":["M","M","?","M","M","E","R","M","T","R","?","E","R","$","R","B",null,"M","M","?","M","M"],"character_chosen":"DEFECT","items_purchased":["Happy Flower"],"campfire_rested":1,"item_purchase_floors":[14],"current_hp_per_floor":[66,66,59,50,49,33,33,26,26,26,26,28,28,28,50,28,63,44,26,26,8,0],"gold":175,"neow_bonus":"RANDOM_COMMON_RELIC","is_prod":false,"is_daily":false,"chose_seed":false,"campfire_upgraded":3,"win_rate":0,"timestamp":1552357897,"path_taken":["M","M","?","M","M","E","R","M","T","R","?","E","R","$","R","BOSS","M","M","?","M","M"],"build_version":"2019-01-23","purchased_purges":1,"victory":false,"max_hp_per_floor":[75,75,75,75,75,75,75,75,75,75,75,75,75,75,75,75,75,75,75,75,75,75],"card_choices":[{"not_picked":["Consume","Darkness"],"picked":"Rebound","floor":1},{"not_picked":["Reprogram","Skim"],"picked":"Go for the Eyes","floor":2},{"not_picked":["Steam","Skim"],"picked":"Coolheaded","floor":4},{"not_picked":["Steam Power","Ball Lightning"],"picked":"Streamline","floor":5},{"not_picked":["Double Energy","Ball Lightning"],"picked":"Sweeping Beam","floor":6},{"not_picked":["Aggregate","Lockon"],"picked":"Beam Cell","floor":8},{"not_picked":["Streamline","Conserve Battery"],"picked":"Loop","floor":12},{"not_picked":["Fission","Rainbow"],"picked":"All For One","floor":16},{"not_picked":["Hologram","Ball Lightning"],"picked":"Leap","floor":18},{"not_picked":["Steam","Scrape+1"],"picked":"Cold Snap","floor":19},{"not_picked":["Turbo","Reprogram"],"picked":"Gash","floor":21}],"player_experience":182771,"relics_obtained":[{"floor":6,"key":"Art of War"},{"floor":9,"key":"Blood Vial"},{"floor":12,"key":"Orichalcum"}],"event_choices":[{"cards_removed":["Strike_B"],"damage_healed":0,"gold_gain":0,"player_choice":"Card Removal","damage_taken":7,"max_hp_gain":0,"max_hp_loss":0,"event_name":"Golden Wing","floor":3,"gold_loss":0},{"damage_healed":0,"gold_gain":0,"player_choice":"Grow","damage_taken":0,"max_hp_gain":0,"max_hp_loss":0,"event_name":"Living Wall","floor":11,"gold_loss":0,"cards_upgraded":["Streamline"]},{"cards_removed":["Strike_B"],"damage_healed":0,"gold_gain":0,"player_choice":"Elegance","damage_taken":0,"max_hp_gain":0,"max_hp_loss":0,"event_name":"Back to Basics","floor":20,"gold_loss":0}],"is_beta":false,"boss_relics":[{"not_picked":["Lizard Tail","Busted Crown"],"picked":"Black Star"}],"items_purged_floors":[14],"is_endless":false,"potions_floor_spawned":[2,4,6,16,21],"killed_by":"Shelled Parasite and Fungi","ascension_level":10}