{"gold_per_floor":[117,127,202,30,30,63,63,63,63,73,73,87,101,48,48,127,127,140,140,160,160,75,75,135,135,135,135,147,147,158,174,174,251,251,263,22,74,99,126,126,159,159,159,172,198,216,216,235,235,235],"floor_reached":51,"playtime":2314,"items_purged":["FTL"],"score":1411,"play_id":"13a48af6-62a8-4901-898e-427dd1085e5d","local_time":"20190523033245","is_ascension_mode":true,"campfire_choices":[{"floor":7.0,"key":"REST"},{"data":"Creative AI","floor":11.0,"key":"SMITH"},{"floor":15.0,"key":"REST"},{"floor":23.0,"key":"REST"},{"floor":29.0,"key":"REST"},{"floor":32.0,"key":"REST"},{"data":"Hologram","floor":40.0,"key":"SMITH"},{"floor":42.0,"key":"REST"},{"floor":47,"key":"REST"},{"floor":49,"key":"REST"}],"neow_cost":"NONE","seed_source_timestamp":161258874833884,"circlet_count":0,"master_deck":["AscendersBane","Zap","Dualcast","Fission","Compile Driver+1","Creative AI+1","Creative AI","Chaos","All For One","Static Discharge","Darkness","Coolheaded","Finesse","Conserve Battery","Genetic Algorithm","BootSequence","Steam","Stack","Seek","Force Field","Hologram+1","Meteor Strike+1","Decay","Reinforced Body","Electrodynamics","Hologram+1"],"special_seed":0,"relics":["Pandora\u0027s Box","Darkstone Periapt","Pear","Snecko Eye","Turnip","Happy Flower","Tiny Chest","Gambling Chip","Philosopher\u0027s Stone","Ancient Tea Set","Unceasing Top","Lantern","PreservedInsect","Cables","Ornamental Fan","Whetstone"],"potions_floor_usage":[50,50],"damage_taken":[{"damage":14.0,"enemies":"2 Louse","floor":1.0,"turns":2.0},{"damage":22.0,"enemies":"Jaw Worm","floor":2.0,"turns":4.0},{"damage":19.0,"enemies":"Lagavulin","floor":6.0,"turns":7.0},{"damage":0.0,"enemies":"Small Slimes","floor":10.0,"turns":4.0},{"damage":1.0,"enemies":"Exordium Wildlife","floor":12.0,"turns":4.0},{"damage":18.0,"enemies":"Red Slaver","floor":13.0,"turns":4.0},{"damage":33.0,"enemies":"Slime Boss","floor":16.0,"turns":10.0},{"damage":24.0,"enemies":"3 Byrds","floor":18.0,"turns":5.0},{"damage":6.0,"enemies":"2 Thieves","floor":20.0,"turns":4.0},{"damage":32.0,"enemies":"Slavers","floor":24.0,"turns":7.0},{"damage":6.0,"enemies":"3 Cultists","floor":28.0,"turns":4.0},{"damage":0.0,"enemies":"Snake Plant","floor":30.0,"turns":3.0},{"damage":13.0,"enemies":"Shelled Parasite and Fungi","floor":31.0,"turns":6.0},{"damage":15.0,"enemies":"Champ","floor":33.0,"turns":8.0},{"damage":0.0,"enemies":"3 Shapes","floor":35.0,"turns":5.0},{"damage":27.0,"enemies":"2 Orb Walkers","floor":37.0,"turns":5.0},{"damage":6.0,"enemies":"Giant Head","floor":41.0,"turns":6.0},{"damage":17,"enemies":"3 Darklings","floor":44,"turns":4},{"damage":28,"enemies":"Reptomancer","floor":45,"turns":7},{"damage":0,"enemies":"Sphere and 2 Shapes","floor":46,"turns":2},{"damage":20,"enemies":"4 Shapes","floor":48,"turns":3},{"damage":17,"enemies":"Donu and Deca","floor":50,"turns":7}],"seed_played":"-6783220768626859663","potions_obtained":[{"floor":1.0,"key":"Fire Potion"},{"floor":2.0,"key":"FairyPotion"},{"floor":13.0,"key":"Block Potion"},{"floor":16.0,"key":"Fire Potion"},{"floor":18.0,"key":"FearPotion"},{"floor":28.0,"key":"Explosive Potion"},{"floor":41.0,"key":"PowerPotion"},{"floor":46,"key":"Energy Potion"}],"is_trial":false,"path_per_floor":["M","M","?","$","?","E","R","?","T","M","R","M","M","$","R","B",null,"M","?","M","$","?","R","E","$","T","?","M","R","M","M","R","B",null,"M","$","?","T","T","R","E","R","T","M","E","M","R","M","R","B",null],"character_chosen":"DEFECT","items_purchased":["Finesse","FTL","Stack","Ancient Tea Set"],"campfire_rested":8,"item_purchase_floors":[4,4,14,36],"current_hp_per_floor":[50,28,17,17,17,6,27,27,37,37,37,36,18,18,42,9,63,39,39,33,33,33,57,25,25,25,31,25,51,51,38,64,49,78,78,78,51,51,51,51,45,71,71,54,26,26,52,32,58,41],"gold":235,"neow_bonus":"BOSS_RELIC","is_prod":false,"is_daily":false,"chose_seed":false,"campfire_upgraded":2,"win_rate":0,"timestamp":1558600365,"path_taken":["M","M","?","$","?","E","R","?","T","M","R","M","?","$","R","BOSS","M","?","?","?","?","R","E","$","T","?","M","R","M","M","R","BOSS","M","$","?","?","?","R","E","R","T","M","E","M","R","M","R","BOSS"],"build_version":"2019-01-23","purchased_purges":1,"victory":true,"max_hp_per_floor":[71,71,71,71,71,71,71,71,81,81,81,81,81,81,81,81,81,81,81,81,81,81,81,81,81,81,87,87,87,87,87,87,87,87,87,87,87,87,87,87,87,87,87,87,87,87,87,87,87,87],"card_choices":[{"not_picked":["Beam Cell","Rebound"],"picked":"Coolheaded","floor":1.0},{"not_picked":["Streamline","Skim"],"picked":"Steam","floor":2.0},{"not_picked":["Turbo","Defragment"],"picked":"Conserve Battery","floor":6.0},{"not_picked":["Barrage","Scrape"],"picked":"Genetic Algorithm","floor":10.0},{"not_picked":["Hologram","Chill"],"picked":"BootSequence","floor":12.0},{"not_picked":["Turbo","Sweeping Beam"],"picked":"Steam","floor":13.0},{"not_picked":["Hyperbeam","Machine Learning"],"picked":"Seek","floor":16.0},{"not_picked":["Compile Driver","Leap"],"picked":"Force Field","floor":18.0},{"not_picked":["Streamline","BootSequence+1"],"picked":"Hologram","floor":20.0},{"not_picked":["White Noise","Streamline+1"],"picked":"Meteor Strike","floor":24.0},{"not_picked":["Ball Lightning","Redo","Steam"],"picked":"SKIP","floor":28.0},{"not_picked":["Stack","Steam Power","Leap+1"],"picked":"SKIP","floor":30.0},{"not_picked":["Lockon","Beam Cell"],"picked":"Reinforced Body","floor":31.0},{"not_picked":["Biased Cognition","Buffer"],"picked":"Electrodynamics","floor":33.0},{"not_picked":["Lockon","Sweeping Beam","Streamline"],"picked":"SKIP","floor":35.0},{"not_picked":["Fusion","Lockon","Rebound+1"],"picked":"SKIP","floor":41.0},{"not_picked":["Beam Cell","Turbo","Redo+1"],"picked":"SKIP","floor":44},{"not_picked":["Streamline","Leap","All For One"],"picked":"SKIP","floor":45},{"not_picked":["Sweeping Beam","Capacitor"],"picked":"Hologram+1","floor":46},{"not_picked":["Sweeping Beam","Beam Cell","Turbo"],"picked":"SKIP","floor":48}],"player_experience":446569,"relics_obtained":[{"floor":6.0,"key":"Darkstone Periapt"},{"floor":9.0,"key":"Pear"},{"floor":24.0,"key":"Tiny Chest"},{"floor":26.0,"key":"Gambling Chip"},{"floor":37.0,"key":"Unceasing Top"},{"floor":38.0,"key":"Lantern"},{"floor":39.0,"key":"PreservedInsect"},{"floor":41.0,"key":"Cables"},{"floor":43.0,"key":"Ornamental Fan"},{"floor":45,"key":"Whetstone"}],"event_choices":[{"damage_healed":0.0,"max_hp_gain":0.0,"max_hp_loss":0.0,"gold_gain":75.0,"event_name":"World of Goop","player_choice":"Gather Gold","floor":3.0,"gold_loss":0.0,"damage_taken":11.0},{"damage_healed":0.0,"max_hp_gain":0.0,"max_hp_loss":0.0,"gold_gain":0.0,"event_name":"Shining Light","player_choice":"Ignored","floor":5.0,"gold_loss":0.0,"damage_taken":0.0},{"damage_healed":0.0,"max_hp_gain":0.0,"max_hp_loss":0.0,"gold_gain":0.0,"event_name":"Dead Adventurer","player_choice":"Searched \u00271\u0027 times","floor":8.0,"gold_loss":0.0,"damage_taken":0.0},{"cards_removed":["Steam"],"damage_healed":0.0,"max_hp_gain":0.0,"max_hp_loss":0.0,"gold_gain":0.0,"event_name":"WeMeetAgain","player_choice":"Gave Card","floor":19.0,"gold_loss":0.0,"damage_taken":0.0,"relics_obtained":["Turnip"]},{"damage_healed":0.0,"max_hp_gain":0.0,"max_hp_loss":0.0,"gold_gain":0.0,"event_name":"Addict","player_choice":"Obtained Relic","floor":22.0,"gold_loss":85.0,"damage_taken":0.0,"relics_obtained":["Happy Flower"]},{"damage_healed":0.0,"max_hp_gain":0.0,"max_hp_loss":0.0,"gold_gain":0.0,"event_name":"Forgotten Altar","player_choice":"Smashed Altar","floor":27.0,"gold_loss":0.0,"damage_taken":0.0,"cards_obtained":["Decay"]},{"damage_healed":0.0,"max_hp_gain":0.0,"max_hp_loss":0.0,"gold_gain":0.0,"event_name":"Mysterious Sphere","player_choice":"Fight","floor":37.0,"gold_loss":0.0,"damage_taken":0.0}],"is_beta":false,"boss_relics":[{"not_picked":["Sozu","Velvet Choker"],"picked":"Snecko Eye"},{"not_picked":["White Beast Statue","Fusion Hammer"],"picked":"Philosopher\u0027s Stone"}],"items_purged_floors":[36],"is_endless":false,"potions_floor_spawned":[1,2,13,16,18,28,41,44,46],"ascension_level":19}