{"gold_per_floor":[116,136,155,105,30,30,59,59,59,23,23,38,48,61,61,158,158,175,188,64,76,93,93,126,126,126,126,140,152,152,152,152,152],"floor_reached":33,"playtime":2570,"items_purged":["Defend_G","Strike_G"],"score":294,"play_id":"d8df9cac-d6ba-4452-87d9-31521e832342","local_time":"20190516220034","is_ascension_mode":false,"campfire_choices":[{"data":"After Image","floor":6,"key":"SMITH"},{"floor":8,"key":"REST"},{"floor":15,"key":"REST"},{"floor":23,"key":"REST"},{"floor":27,"key":"REST"},{"data":"Survivor","floor":32,"key":"SMITH"}],"neow_cost":"NONE","seed_source_timestamp":0,"circlet_count":0,"master_deck":["Defend_G","Defend_G","Defend_G","Defend_G","Survivor+1","Neutralize+1","PiercingWail","Quick Slash","After Image+1","Dagger Spray","Blur","Grand Finale","Caltrops","Malaise","Predator+1","Noxious Fumes+1","Dagger Throw","Noxious Fumes+1","Blur","Bite","Bite","Bite","Bite","Bite"],"special_seed":0,"relics":["Ring of the Snake","Ancient Tea Set","Meat on the Bone","Bottled Tornado","Runic Pyramid","Incense Burner","Gremlin Horn"],"potions_floor_usage":[],"damage_taken":[{"damage":0,"enemies":"Small Slimes","floor":1,"turns":4},{"damage":1,"enemies":"Cultist","floor":2,"turns":5},{"damage":0,"enemies":"2 Louse","floor":3,"turns":2},{"damage":44,"enemies":"Lagavulin","floor":7,"turns":12},{"damage":0,"enemies":"Looter","floor":12,"turns":3},{"damage":0,"enemies":"3 Louse","floor":13,"turns":4},{"damage":0,"enemies":"Red Slaver","floor":14,"turns":4},{"damage":66,"enemies":"Slime Boss","floor":16,"turns":18},{"damage":2,"enemies":"Shell Parasite","floor":18,"turns":5},{"damage":0,"enemies":"Spheric Guardian","floor":19,"turns":4},{"damage":20,"enemies":"Shelled Parasite and Fungi","floor":21,"turns":8},{"damage":9,"enemies":"Centurion and Healer","floor":22,"turns":4},{"damage":46,"enemies":"Slavers","floor":24,"turns":4},{"damage":19,"enemies":"Colosseum Slavers","floor":25,"turns":4},{"damage":7,"enemies":"Chosen and Byrds","floor":28,"turns":5},{"damage":13,"enemies":"Cultist and Chosen","floor":29,"turns":7},{"damage":57,"enemies":"Champ","floor":33,"turns":11}],"seed_played":"-4654849817083854086","potions_obtained":[{"floor":1,"key":"Regen Potion"},{"floor":7,"key":"SkillPotion"},{"floor":12,"key":"AttackPotion"}],"is_trial":false,"path_per_floor":["M","M","M","?","$","R","E","R","T","$","?","M","M","M","R","B",null,"M","M","$","M","M","R","E","?","T","R","M","M","?","?","R","B"],"character_chosen":"THE_SILENT","items_purchased":["Blur","Dagger Throw"],"campfire_rested":4,"item_purchase_floors":[10,20],"current_hp_per_floor":[70,69,69,69,69,69,25,46,46,46,46,46,46,46,67,13,70,68,68,68,48,39,60,26,19,19,40,45,44,44,44,44,0],"gold":152,"neow_bonus":"RANDOM_COMMON_RELIC","is_prod":false,"is_daily":false,"chose_seed":false,"campfire_upgraded":2,"win_rate":0.0,"timestamp":1558069234,"path_taken":["M","M","M","?","$","R","E","R","T","$","?","M","M","M","R","BOSS","M","M","$","?","M","R","E","?","T","R","M","M","?","?","R","BOSS"],"build_version":"2019-01-23","purchased_purges":2,"victory":false,"max_hp_per_floor":[70,70,70,70,70,70,70,70,70,70,70,70,70,70,70,70,70,70,70,70,70,70,70,70,70,70,70,70,70,49,49,49,49],"card_choices":[{"not_picked":["Slice","Poisoned Stab"],"picked":"PiercingWail","floor":1},{"not_picked":["Sucker Punch","Deflect"],"picked":"Quick Slash","floor":2},{"not_picked":["Escape Plan","Deflect"],"picked":"After Image","floor":3},{"not_picked":["Calculated Gamble","Crippling Poison"],"picked":"Dagger Spray","floor":7},{"not_picked":["Skewer","Dagger Throw"],"picked":"Grand Finale","floor":12},{"not_picked":["Reflex","Dodge and Roll","Underhanded Strike"],"picked":"SKIP","floor":13},{"not_picked":["Skewer","Infinite Blades"],"picked":"Caltrops","floor":14},{"not_picked":["After Image","Grand Finale"],"picked":"Malaise","floor":16},{"not_picked":["Riddle With Holes","Heel Hook+1"],"picked":"Predator+1","floor":18},{"not_picked":["Blade Dance","Outmaneuver"],"picked":"Noxious Fumes","floor":19},{"not_picked":["Poisoned Stab","Outmaneuver"],"picked":"Noxious Fumes+1","floor":21},{"not_picked":["Riddle With Holes+1","Flying Knee","Infinite Blades+1"],"picked":"SKIP","floor":22},{"not_picked":["Flechettes","Deadly Poison+1","Reflex"],"picked":"SKIP","floor":24},{"not_picked":["Dodge and Roll","Slice"],"picked":"Blur","floor":28},{"not_picked":["Slice","Corpse Explosion","Prepared"],"picked":"SKIP","floor":29}],"player_experience":95734,"relics_obtained":[{"floor":7,"key":"Meat on the Bone"},{"floor":9,"key":"Bottled Tornado"},{"floor":24,"key":"Incense Burner"},{"floor":26,"key":"Gremlin Horn"}],"event_choices":[{"cards_removed":["Strike_G"],"damage_healed":0,"gold_gain":0,"player_choice":"Card Removal","damage_taken":0,"max_hp_gain":0,"max_hp_loss":0,"event_name":"The Cleric","floor":4,"gold_loss":50},{"damage_healed":0,"gold_gain":0,"player_choice":"Forge","damage_taken":0,"max_hp_gain":0,"max_hp_loss":0,"event_name":"Accursed Blacksmith","floor":11,"gold_loss":0,"cards_upgraded":["Neutralize"]},{"damage_healed":0,"gold_gain":0,"player_choice":"Fight","damage_taken":0,"max_hp_gain":0,"max_hp_loss":0,"event_name":"Colosseum","floor":25,"gold_loss":0},{"damage_healed":0,"gold_gain":0,"player_choice":"Fled From Nobs","damage_taken":0,"max_hp_gain":0,"max_hp_loss":0,"event_name":"Colosseum","floor":25,"gold_loss":0},{"damage_healed":0,"gold_gain":0,"player_choice":"Became a vampire","damage_taken":0,"max_hp_gain":0,"max_hp_loss":21,"event_name":"Vampires","floor":30,"gold_loss":0,"cards_obtained":["Bite","Bite","Bite","Bite","Bite"]},{"damage_healed":0,"gold_gain":0,"player_choice":"Upgraded","damage_taken":0,"max_hp_gain":0,"max_hp_loss":0,"event_name":"Upgrade Shrine","floor":31,"gold_loss":0,"cards_upgraded":["Noxious Fumes"]}],"is_beta":false,"boss_relics":[{"not_picked":["Orrery","Philosopher\u0027s Stone"],"picked":"Runic Pyramid"}],"items_purged_floors":[5,20],"is_endless":false,"potions_floor_spawned":[1,7,12,13,21,22,24,29],"killed_by":"Champ","ascension_level":0}