{"gold_per_floor":[115,115,127,147,147,179,192,223,294,304,20,20],"floor_reached":12,"playtime":387,"items_purged":["Strike_B"],"score":95,"play_id":"3876631b-f380-49ae-ae8e-365b3dd439ab","local_time":"20190220234247","is_ascension_mode":true,"campfire_choices":[],"neow_cost":"NONE","seed_source_timestamp":82826310852620,"circlet_count":0,"master_deck":["Strike_B","Strike_B","Defend_B","Defend_B","Defend_B","Defend_B","Zap","Dualcast","Steam","Storm","Reprogram","Ball Lightning","White Noise","Tempest"],"relics":["Cracked Core","NeowsBlessing","Ginger","Thread and Needle","Pantograph","Runic Capacitor"],"potions_floor_usage":[6,6,10],"damage_taken":[{"damage":0,"enemies":"Small Slimes","floor":1,"turns":1},{"damage":0,"enemies":"Cultist","floor":3,"turns":1},{"damage":0,"enemies":"Jaw Worm","floor":4,"turns":1},{"damage":25,"enemies":"3 Sentries","floor":6,"turns":8},{"damage":1,"enemies":"3 Louse","floor":7,"turns":4},{"damage":48,"enemies":"Gremlin Nob","floor":8,"turns":5},{"damage":3,"enemies":"Exordium Thugs","floor":10,"turns":5},{"damage":0,"enemies":"3 Sentries","floor":12,"turns":3}],"seed_played":"-3102676375407080362","potions_obtained":[{"floor":1,"key":"Swift Potion"},{"floor":2,"key":"EntropicBrew"},{"floor":2,"key":"FocusPotion"},{"floor":2,"key":"Energy Potion"},{"floor":7,"key":"FairyPotion"},{"floor":8,"key":"Swift Potion"}],"is_trial":false,"path_per_floor":["M","?","M","M","?","E","M","E","T","M","$","E"],"character_chosen":"DEFECT","items_purchased":["Runic Capacitor"],"campfire_rested":0,"item_purchase_floors":[11],"current_hp_per_floor":[75,75,75,75,68,43,42,7,7,4,4,4],"gold":20,"neow_bonus":"THREE_ENEMY_KILL","is_prod":false,"is_daily":false,"chose_seed":false,"campfire_upgraded":0,"win_rate":0,"timestamp":1550727767,"path_taken":["M","?","?","M","?","E","M","E","T","M","$","E"],"build_version":"2019-01-23","purchased_purges":1,"victory":false,"max_hp_per_floor":[75,75,75,75,75,75,75,75,75,75,75,75],"card_choices":[{"not_picked":["Melter","FTL"],"picked":"Steam","floor":1},{"not_picked":["Redo","Darkness","Hologram"],"picked":"SKIP","floor":3},{"not_picked":["Genetic Algorithm","Chaos"],"picked":"Storm","floor":4},{"not_picked":["Hyperbeam","Lockon"],"picked":"Reprogram","floor":6},{"not_picked":["Rip and Tear","Barrage"],"picked":"Ball Lightning","floor":7},{"not_picked":["Beam Cell","Scrape"],"picked":"White Noise","floor":8},{"not_picked":["Auto Shields","Cold Snap"],"picked":"Tempest","floor":10}],"player_experience":69789,"relics_obtained":[{"floor":6,"key":"Ginger"},{"floor":8,"key":"Thread and Needle"},{"floor":9,"key":"Pantograph"}],"event_choices":[{"damage_healed":0,"gold_gain":0,"player_choice":"Got Potions","damage_taken":0,"max_hp_gain":0,"max_hp_loss":0,"event_name":"Lab","floor":2,"gold_loss":0},{"cards_removed":["Strike_B"],"damage_healed":0,"gold_gain":0,"player_choice":"Card Removal","damage_taken":7,"max_hp_gain":0,"max_hp_loss":0,"event_name":"Golden Wing","floor":5,"gold_loss":0}],"is_beta":false,"boss_relics":[],"items_purged_floors":[11],"is_endless":false,"potions_floor_spawned":[1,4,7,8],"killed_by":"3 Sentries","ascension_level":1}