{"gold_per_floor":[110,110,73,91,101,101,133,53,53,84,100,120,120,133,133,133],"floor_reached":16,"playtime":764,"items_purged":[],"score":112,"play_id":"b851cf4f-8d1d-44fd-9c82-5a712f2cf4f4","local_time":"20190518142805","is_ascension_mode":false,"campfire_choices":[{"data":"Dagger Spray","floor":6,"key":"SMITH"},{"floor":13,"key":"REST"},{"data":"Dagger Spray","floor":15,"key":"SMITH"}],"neow_cost":"NONE","seed_source_timestamp":199703228393033,"circlet_count":0,"master_deck":["Defend_G","Defend_G","Defend_G","Defend_G","Defend_G","Strike_G","Strike_G","Strike_G","Strike_G","Strike_G","Survivor","Neutralize","Night Terror","Quick Slash","Dash","Dagger Spray+1","Noxious Fumes","Dagger Spray+1"],"relics":["Ring of the Snake","Gremlin Horn","Vajra","Blue Candle","Question Card"],"potions_floor_usage":[],"damage_taken":[{"damage":0,"enemies":"Jaw Worm","floor":1,"turns":5},{"damage":0,"enemies":"Small Slimes","floor":4,"turns":3},{"damage":2,"enemies":"Cultist","floor":5,"turns":4},{"damage":17,"enemies":"3 Sentries","floor":7,"turns":8},{"damage":26,"enemies":"Lagavulin","floor":10,"turns":6},{"damage":12,"enemies":"Exordium Wildlife","floor":11,"turns":4},{"damage":0,"enemies":"3 Louse","floor":12,"turns":1},{"damage":0,"enemies":"Large Slime","floor":14,"turns":4},{"damage":35,"enemies":"Slime Boss","floor":16,"turns":3}],"seed_played":"7187832593157931039","potions_obtained":[{"floor":5,"key":"Swift Potion"},{"floor":10,"key":"Weak Potion"},{"floor":12,"key":"Swift Potion"}],"is_trial":false,"path_per_floor":["M","?","$","M","M","R","E","$","T","E","M","M","R","M","R","B"],"character_chosen":"THE_SILENT","items_purchased":["Dash","Noxious Fumes"],"campfire_rested":1,"item_purchase_floors":[3,8],"current_hp_per_floor":[70,58,58,58,56,56,39,39,39,13,1,1,22,22,22,0],"gold":133,"neow_bonus":"ONE_RANDOM_RARE_CARD","is_prod":false,"is_daily":false,"chose_seed":false,"campfire_upgraded":2,"win_rate":0,"timestamp":1558214885,"path_taken":["M","?","$","M","M","R","E","$","T","E","M","M","R","M","R","BOSS"],"build_version":"2019-01-23","purchased_purges":0,"victory":false,"max_hp_per_floor":[70,70,70,70,70,70,70,70,70,70,70,70,70,70,70,70],"card_choices":[{"not_picked":["Outmaneuver","Dagger Throw"],"picked":"Quick Slash","floor":1},{"not_picked":["Cloak And Dagger","Masterful Stab"],"picked":"Dagger Spray","floor":4},{"not_picked":["Blade Dance","All Out Attack","Underhanded Strike"],"picked":"SKIP","floor":5},{"not_picked":["Underhanded Strike","Bane","Dodge and Roll"],"picked":"SKIP","floor":7},{"not_picked":["Noxious Fumes","Bullet Time","Outmaneuver"],"picked":"SKIP","floor":10},{"not_picked":["Accuracy","Expertise","Slice","Reflex"],"picked":"SKIP","floor":11},{"not_picked":["Cloak And Dagger","Calculated Gamble","Outmaneuver","PiercingWail"],"picked":"SKIP","floor":12},{"not_picked":["Dodge and Roll","Deflect","Noxious Fumes"],"picked":"Dagger Spray","floor":14}],"player_experience":155648,"relics_obtained":[{"floor":7,"key":"Vajra"},{"floor":9,"key":"Blue Candle"},{"floor":10,"key":"Question Card"}],"event_choices":[{"damage_healed":0,"gold_gain":0,"player_choice":"Success","damage_taken":12,"relics_obtained":["Gremlin Horn"],"max_hp_gain":0,"max_hp_loss":0,"event_name":"Scrap Ooze","floor":2,"gold_loss":0}],"is_beta":false,"boss_relics":[],"items_purged_floors":[],"is_endless":false,"potions_floor_spawned":[5,10,12,14],"killed_by":"Slime Boss","ascension_level":0}