{"gold_per_floor":[361,361,361,377,302,302,333,345,369,387,387,397,33,44,44,143,143,155,165,165,40,40,40,68,68,152,171,21,40,40],"floor_reached":30,"playtime":868,"items_purged":["Strike_R","Strike_R","Shame","Strike_R"],"score":275,"play_id":"e681d426-6b3d-4c41-aa21-6117ad7a243c","local_time":"20190523222128","is_ascension_mode":true,"campfire_choices":[{"data":"Rupture","floor":6,"key":"SMITH"},{"floor":11,"key":"REST"},{"floor":15,"key":"REST"},{"data":"Whirlwind","floor":23,"key":"SMITH"},{"floor":25,"key":"REST"}],"neow_cost":"PERCENT_DAMAGE","seed_source_timestamp":344576382599203,"circlet_count":0,"master_deck":["Strike_R","Strike_R+1","Defend_R","Defend_R","Defend_R","Defend_R","Bash+1","Rupture+1","Cleave","Blood for Blood","Flex","Rampage","Clothesline","Seeing Red","Armaments","Brutality","Whirlwind+1","Headbutt","Uppercut","Shockwave+1","Seeing Red+1"],"relics":["Burning Blood","Happy Flower","Ancient Tea Set","Chemical X","Philosopher\u0027s Stone","Toxic Egg 2","Dream Catcher","Tiny Chest"],"potions_floor_usage":[7,16,30],"damage_taken":[{"damage":10,"enemies":"Jaw Worm","floor":1,"turns":6},{"damage":6,"enemies":"Cultist","floor":4,"turns":4},{"damage":20,"enemies":"Gremlin Nob","floor":7,"turns":4},{"damage":6,"enemies":"2 Louse","floor":8,"turns":2},{"damage":9,"enemies":"Blue Slaver","floor":10,"turns":2},{"damage":11,"enemies":"Exordium Wildlife","floor":12,"turns":3},{"damage":6,"enemies":"2 Fungi Beasts","floor":14,"turns":3},{"damage":19,"enemies":"Slime Boss","floor":16,"turns":7},{"damage":6,"enemies":"Chosen","floor":18,"turns":4},{"damage":23,"enemies":"Spheric Guardian","floor":19,"turns":4},{"damage":46,"enemies":"Slavers","floor":24,"turns":4},{"damage":14,"enemies":"Centurion and Healer","floor":27,"turns":4},{"damage":16,"enemies":"3 Cultists","floor":29,"turns":3},{"damage":32,"enemies":"Shelled Parasite and Fungi","floor":30,"turns":4}],"seed_played":"-8468940099695329270","potions_obtained":[{"floor":1,"key":"PowerPotion"},{"floor":7,"key":"SkillPotion"},{"floor":8,"key":"SpeedPotion"},{"floor":16,"key":"Ancient Potion"},{"floor":19,"key":"Weak Potion"},{"floor":27,"key":"PowerPotion"}],"is_trial":false,"path_per_floor":["M","?","?","M","$","R","E","M","T","M","R","M","$","M","R","B",null,"M","M","?","$","?","R","E","R","T","M","$","M","M"],"character_chosen":"IRONCLAD","items_purchased":["Brutality","Chemical X"],"campfire_rested":3,"item_purchase_floors":[13,13],"current_hp_per_floor":[52,36,36,36,36,36,22,22,22,19,43,38,38,38,62,49,80,80,63,63,63,63,63,23,47,47,39,39,29,0],"gold":40,"neow_bonus":"TWO_FIFTY_GOLD","is_prod":false,"is_daily":false,"chose_seed":false,"campfire_upgraded":2,"win_rate":0,"timestamp":1558671688,"path_taken":["M","?","?","M","$","R","E","M","T","M","R","M","$","M","R","BOSS","M","?","?","?","?","R","E","R","T","?","$","M","M"],"build_version":"2019-01-23","purchased_purges":4,"victory":false,"max_hp_per_floor":[80,80,80,80,80,80,80,80,80,80,80,80,80,80,80,80,80,80,80,80,80,80,80,80,80,80,80,80,80,80],"card_choices":[{"not_picked":["Wild Strike","Bloodletting"],"picked":"Rupture","floor":1},{"not_picked":["Wild Strike","Shrug It Off"],"picked":"Flex","floor":4},{"not_picked":["Twin Strike","Heavy Blade"],"picked":"Rampage","floor":7},{"not_picked":["Second Wind","Clash"],"picked":"Clothesline","floor":8},{"not_picked":["Rupture","Anger"],"picked":"Seeing Red","floor":10},{"not_picked":["Warcry","Sword Boomerang"],"picked":"Armaments","floor":12},{"not_picked":["Heavy Blade","Burning Pact"],"picked":"Whirlwind","floor":14},{"not_picked":["Anger","Blood for Blood"],"picked":"Headbutt","floor":18},{"not_picked":["Pummel+1","Searing Blow+1"],"picked":"Uppercut","floor":19},{"not_picked":["Havoc+1","Blood for Blood"],"picked":"Shockwave+1","floor":24},{"not_picked":["Pommel Strike","Blood for Blood"],"picked":"Seeing Red+1","floor":25},{"not_picked":["Cleave","Heavy Blade","Sword Boomerang"],"picked":"SKIP","floor":27},{"not_picked":["Clothesline+1","Havoc+1","Second Wind+1"],"picked":"SKIP","floor":29}],"player_experience":282995,"relics_obtained":[{"floor":7,"key":"Happy Flower"},{"floor":9,"key":"Ancient Tea Set"},{"floor":24,"key":"Dream Catcher"},{"floor":26,"key":"Tiny Chest"}],"event_choices":[{"damage_healed":0,"gold_gain":0,"player_choice":"Entered Light","damage_taken":16,"max_hp_gain":0,"max_hp_loss":0,"event_name":"Shining Light","floor":2,"gold_loss":0,"cards_upgraded":["Strike_R","Bash"]},{"damage_healed":0,"gold_gain":0,"player_choice":"2 cards matched","damage_taken":0,"max_hp_gain":0,"max_hp_loss":0,"event_name":"Match and Keep!","floor":3,"gold_loss":0,"cards_obtained":["Cleave","Blood for Blood"]},{"damage_healed":0,"gold_gain":0,"player_choice":"Stole Relic","damage_taken":0,"relics_obtained":["Toxic Egg 2"],"max_hp_gain":0,"max_hp_loss":0,"event_name":"Addict","floor":20,"gold_loss":0,"cards_obtained":["Shame"]},{"damage_healed":0,"gold_gain":0,"player_choice":"Ignored","damage_taken":0,"max_hp_gain":0,"max_hp_loss":0,"event_name":"Vampires","floor":22,"gold_loss":0}],"is_beta":false,"boss_relics":[{"not_picked":["Tiny House","Black Star"],"picked":"Philosopher\u0027s Stone"}],"items_purged_floors":[5,13,21,28],"is_endless":false,"potions_floor_spawned":[1,7,8,16,19,24,27],"killed_by":"Shelled Parasite and Fungi","ascension_level":2}