{"gold_per_floor":[117,117,134,150,167,199,214,244,271,271,289,312,312,328,328,424,424,437,73,93,93],"floor_reached":21,"playtime":861,"items_purged":["Strike_G"],"score":241,"play_id":"23ebd13d-0b80-4928-b63b-bb7e04a767c0","local_time":"20190321211547","is_ascension_mode":true,"campfire_choices":[{"data":"Envenom","floor":10,"key":"SMITH"},{"floor":13,"key":"REST"},{"data":"Blade Dance","floor":15,"key":"SMITH"}],"neow_cost":"NONE","seed_source_timestamp":420751691054519,"circlet_count":0,"master_deck":["Defend_G","Defend_G","Defend_G","Defend_G","Defend_G","Strike_G+1","Strike_G+1","Survivor","Neutralize","Dagger Spray+1","Infinite Blades","Dodge and Roll","Blur","Envenom+1","Blade Dance+1","Quick Slash","PiercingWail","Malaise","Blade Dance","Escape Plan","Footwork","Distraction+1"],"relics":["Ring of the Snake","NeowsBlessing","Centennial Puzzle","Question Card","Whetstone","Juzu Bracelet","Empty Cage","Lantern"],"potions_floor_usage":[8,16,16,16],"damage_taken":[{"damage":0,"enemies":"Small Slimes","floor":1,"turns":1},{"damage":0,"enemies":"Cultist","floor":3,"turns":1},{"damage":0,"enemies":"2 Louse","floor":4,"turns":1},{"damage":12,"enemies":"Exordium Wildlife","floor":5,"turns":7},{"damage":18,"enemies":"3 Sentries","floor":6,"turns":7},{"damage":0,"enemies":"Blue Slaver","floor":7,"turns":5},{"damage":17,"enemies":"Lagavulin","floor":8,"turns":8},{"damage":9,"enemies":"Lots of Slimes","floor":11,"turns":3},{"damage":0,"enemies":"2 Fungi Beasts","floor":14,"turns":2},{"damage":32,"enemies":"Slime Boss","floor":16,"turns":9},{"damage":19,"enemies":"Shell Parasite","floor":18,"turns":11},{"damage":32,"enemies":"Spheric Guardian","floor":20,"turns":10},{"damage":4,"enemies":"Centurion and Healer","floor":21,"turns":3}],"seed_played":"7252127447240231231","potions_obtained":[{"floor":7,"key":"SpeedPotion"},{"floor":8,"key":"Energy Potion"},{"floor":11,"key":"Strength Potion"},{"floor":14,"key":"AttackPotion"}],"is_trial":false,"path_per_floor":["M","?","M","M","M","E","M","E","T","R","M","T","R","M","R","B",null,"M","$","M","M"],"character_chosen":"THE_SILENT","items_purchased":["Escape Plan","Footwork","Lantern"],"campfire_rested":1,"item_purchase_floors":[19,19,19],"current_hp_per_floor":[70,70,70,70,58,40,40,23,23,23,14,14,35,35,35,3,53,34,34,2,0],"gold":93,"neow_bonus":"THREE_ENEMY_KILL","is_prod":false,"is_daily":false,"chose_seed":false,"campfire_upgraded":2,"win_rate":0,"timestamp":1553220947,"path_taken":["M","?","?","M","M","E","M","E","T","R","M","?","R","M","R","BOSS","M","$","M","M"],"build_version":"2019-01-23","purchased_purges":1,"victory":false,"max_hp_per_floor":[70,70,70,70,70,70,70,70,70,70,70,70,70,70,70,70,70,70,70,70,70],"card_choices":[{"not_picked":["Flying Knee","Acrobatics"],"picked":"Dagger Spray","floor":1},{"not_picked":["Calculated Gamble","Accuracy"],"picked":"Infinite Blades","floor":3},{"not_picked":["Finisher","Dagger Spray"],"picked":"Dodge and Roll","floor":4},{"not_picked":["Bane","Poisoned Stab"],"picked":"Blur","floor":5},{"not_picked":["Concentrate","Endless Agony"],"picked":"Envenom","floor":6},{"not_picked":["Expertise","Tactician","Outmaneuver"],"picked":"SKIP","floor":7},{"not_picked":["Choke","Well Laid Plans"],"picked":"Blade Dance","floor":8},{"not_picked":["Flying Knee","Poisoned Stab","Underhanded Strike"],"picked":"Quick Slash","floor":11},{"not_picked":["Crippling Poison","Masterful Stab","Bane"],"picked":"PiercingWail","floor":14},{"not_picked":["Envenom","After Image","Night Terror"],"picked":"Malaise","floor":16},{"not_picked":["Sucker Punch","PiercingWail","All Out Attack"],"picked":"Blade Dance","floor":18},{"not_picked":["Footwork+1","PiercingWail","Deflect"],"picked":"Distraction+1","floor":20}],"player_experience":246030,"relics_obtained":[{"floor":6,"key":"Centennial Puzzle"},{"floor":8,"key":"Question Card"},{"floor":9,"key":"Whetstone"},{"floor":12,"key":"Juzu Bracelet"}],"event_choices":[{"damage_healed":0,"gold_gain":0,"player_choice":"Forge","damage_taken":0,"max_hp_gain":0,"max_hp_loss":0,"event_name":"Accursed Blacksmith","floor":2,"gold_loss":0,"cards_upgraded":["Dagger Spray"]}],"is_beta":false,"boss_relics":[{"not_picked":["Lizard Tail","Ectoplasm"],"picked":"Empty Cage"}],"items_purged_floors":[19],"is_endless":false,"potions_floor_spawned":[7,8,11,14],"killed_by":"Centurion and Healer","ascension_level":5}