{"gold_per_floor":[111,61,77,77,77,77,104,104,127,127,140,140,155,155,155,258,258,273,284,37,49,49,69,69,88,88,38,38,38,53,63,63,63],"floor_reached":33,"playtime":1357,"items_purged":["Regret","Defend_R"],"score":247,"play_id":"dc892080-446c-4edb-b4a8-9061c9729821","local_time":"20190516121622","is_ascension_mode":false,"campfire_choices":[{"data":"Dualcast","floor":6,"key":"SMITH"},{"data":"Coolheaded","floor":8,"key":"SMITH"},{"data":"Go for the Eyes","floor":10,"key":"SMITH"},{"floor":12,"key":"REST"},{"data":"Doom and Gloom","floor":15,"key":"SMITH"},{"data":"Redo","floor":24,"key":"SMITH"},{"data":"Fission","floor":28,"key":"SMITH"},{"data":"Glacier","floor":32,"key":"SMITH"}],"neow_cost":"NONE","seed_source_timestamp":100016283736059,"circlet_count":0,"master_deck":["Strike_B","Strike_B","Strike_B","Defend_B","Defend_B","Defend_B","Defend_B","Zap+1","Dualcast+1","Coolheaded+1","Turbo","Doom and Gloom+1","Fission+1","Sweeping Beam+1","Redo+1","Glacier+1","Steam","Defragment+1","Core Surge","Hello World","Blizzard+1"],"relics":["Cracked Core","Boot","Mango","Ornamental Fan","Smiling Mask","Nuclear Battery","Oddly Smooth Stone","Bag of Marbles"],"potions_floor_usage":[],"damage_taken":[{"damage":1,"enemies":"2 Louse","floor":1,"turns":2},{"damage":3,"enemies":"Small Slimes","floor":3,"turns":2},{"damage":43,"enemies":"Gremlin Nob","floor":7,"turns":5},{"damage":2,"enemies":"Jaw Worm","floor":11,"turns":3},{"damage":4,"enemies":"Red Slaver","floor":13,"turns":3},{"damage":54,"enemies":"Slime Boss","floor":16,"turns":10},{"damage":9,"enemies":"Shell Parasite","floor":18,"turns":6},{"damage":7,"enemies":"3 Byrds","floor":19,"turns":3},{"damage":10,"enemies":"Snecko","floor":21,"turns":5},{"damage":8,"enemies":"Sentry and Sphere","floor":23,"turns":7},{"damage":0,"enemies":"Snake Plant","floor":25,"turns":6},{"damage":12,"enemies":"Cultist and Chosen","floor":30,"turns":7},{"damage":30,"enemies":"Shelled Parasite and Fungi","floor":31,"turns":6},{"damage":15,"enemies":"Collector","floor":33,"turns":2}],"seed_played":"7275297447105032003","potions_obtained":[{"floor":1,"key":"Regen Potion"},{"floor":13,"key":"Explosive Potion"},{"floor":19,"key":"AttackPotion"}],"is_trial":false,"path_per_floor":["M","?","M","?","?","R","E","R","T","R","M","R","M","?","R","B",null,"M","M","$","M","?","M","R","M","T","$","R","$","M","M","R","B"],"character_chosen":"DEFECT","items_purchased":["Oddly Smooth Stone","Glacier"],"campfire_rested":1,"item_purchase_floors":[20,20],"current_hp_per_floor":[74,74,71,85,85,85,42,42,42,42,40,66,62,62,62,8,89,80,73,73,63,63,55,55,55,55,55,55,55,43,13,13,0],"gold":63,"neow_bonus":"RANDOM_COMMON_RELIC","is_prod":false,"is_daily":false,"chose_seed":false,"campfire_upgraded":7,"win_rate":0,"timestamp":1558034182,"path_taken":["M","?","M","?","?","R","E","R","T","R","M","R","M","?","R","BOSS","M","M","$","M","?","?","R","M","T","$","R","$","M","M","R","BOSS"],"build_version":"2019-01-23","purchased_purges":2,"victory":false,"max_hp_per_floor":[75,75,75,89,89,89,89,89,89,89,89,89,89,89,89,89,89,89,89,89,89,89,89,89,89,89,89,89,89,89,89,89,89],"card_choices":[{"not_picked":["Steam Power","Lockon"],"picked":"Go for the Eyes","floor":1},{"not_picked":["Recycle","Barrage","Aggregate"],"picked":"SKIP","floor":3},{"not_picked":["Leap","Conserve Battery"],"picked":"Coolheaded","floor":7},{"not_picked":["Ball Lightning","Leap"],"picked":"Turbo","floor":11},{"not_picked":["Leap","Buffer"],"picked":"Doom and Gloom","floor":13},{"not_picked":["Core Surge","Seek"],"picked":"Fission","floor":16},{"not_picked":["Rebound","Reprogram"],"picked":"Sweeping Beam+1","floor":18},{"not_picked":["Aggregate","Hologram+1"],"picked":"Redo","floor":19},{"not_picked":["Turbo+1","Streamline"],"picked":"Steam","floor":21},{"not_picked":["Conserve Battery","Turbo"],"picked":"Defragment+1","floor":23},{"not_picked":["Leap","Undo"],"picked":"Core Surge","floor":25},{"not_picked":["Turbo","Streamline+1"],"picked":"Hello World","floor":30},{"not_picked":["Reprogram","Rip and Tear+1"],"picked":"Blizzard+1","floor":31}],"player_experience":70936,"relics_obtained":[{"floor":7,"key":"Ornamental Fan"},{"floor":9,"key":"Smiling Mask"},{"floor":26,"key":"Bag of Marbles"}],"event_choices":[{"cards_removed":["Strike_B"],"damage_healed":0,"gold_gain":0,"player_choice":"Card Removal","damage_taken":0,"max_hp_gain":0,"max_hp_loss":0,"event_name":"The Cleric","floor":2,"gold_loss":50},{"damage_healed":0,"gold_gain":0,"player_choice":"Box","damage_taken":0,"relics_obtained":["Mango"],"max_hp_gain":0,"max_hp_loss":0,"event_name":"Big Fish","floor":4,"gold_loss":0,"cards_obtained":["Regret"]},{"damage_healed":0,"gold_gain":0,"player_choice":"Ignored","damage_taken":0,"max_hp_gain":0,"max_hp_loss":0,"event_name":"Golden Idol","floor":5,"gold_loss":0},{"damage_healed":0,"gold_gain":0,"player_choice":"Grow","damage_taken":0,"max_hp_gain":0,"max_hp_loss":0,"event_name":"Living Wall","floor":14,"gold_loss":0,"cards_upgraded":["Zap"]},{"cards_removed":["Go for the Eyes"],"damage_healed":0,"gold_gain":0,"player_choice":"Took Card","damage_taken":0,"max_hp_gain":0,"max_hp_loss":0,"event_name":"NoteForYourself","floor":22,"gold_loss":0,"cards_obtained":["Defend_R"]}],"is_beta":false,"boss_relics":[{"not_picked":["Velvet Choker","Empty Cage"],"picked":"Nuclear Battery"}],"items_purged_floors":[20,27],"is_endless":false,"potions_floor_spawned":[1,13,19,23,25],"killed_by":"Collector","ascension_level":0}