{"gold_per_floor":[110,285,301,301,314,314,329,329,356,306,323,323,349,366,366,469,469,486,496,496,496],"floor_reached":21,"playtime":1063,"items_purged":[],"score":181,"play_id":"88da037f-0cfc-49b1-9e8b-0f5c62153c7e","local_time":"20190520012946","is_ascension_mode":false,"campfire_choices":[{"data":"Dagger Throw","floor":6,"key":"SMITH"},{"data":"Quick Slash","floor":8,"key":"SMITH"},{"floor":12,"key":"REST"},{"floor":15,"key":"REST"}],"neow_cost":"NONE","seed_source_timestamp":262576057652014,"circlet_count":0,"master_deck":["Defend_G","Defend_G","Defend_G","Defend_G","Defend_G","Strike_G","Strike_G","Strike_G","Strike_G","Strike_G","Survivor","Neutralize","Infinite Blades","Dagger Throw+1","Quick Slash+1","Outmaneuver","A Thousand Cuts","Dodge and Roll","After Image","Sucker Punch","Escape Plan+1","Backflip"],"relics":["Ring of the Snake","NeowsBlessing","Orichalcum","Smiling Mask","Ancient Tea Set","Black Star"],"potions_floor_usage":[],"damage_taken":[{"damage":0,"enemies":"2 Louse","floor":1,"turns":1},{"damage":0,"enemies":"Small Slimes","floor":3,"turns":1},{"damage":0,"enemies":"Jaw Worm","floor":5,"turns":1},{"damage":8,"enemies":"Blue Slaver","floor":7,"turns":4},{"damage":4,"enemies":"Exordium Wildlife","floor":11,"turns":3},{"damage":17,"enemies":"Lagavulin","floor":13,"turns":6},{"damage":8,"enemies":"3 Louse","floor":14,"turns":3},{"damage":23,"enemies":"Slime Boss","floor":16,"turns":11},{"damage":18,"enemies":"Chosen","floor":18,"turns":6},{"damage":8,"enemies":"3 Byrds","floor":19,"turns":7},{"damage":52,"enemies":"Colosseum Slavers","floor":21,"turns":6}],"seed_played":"-1342775949165135695","potions_obtained":[{"floor":1,"key":"AttackPotion"},{"floor":3,"key":"Block Potion"},{"floor":13,"key":"PowerPotion"}],"is_trial":false,"path_per_floor":["M","?","M","?","M","R","M","R","T","?","M","R","E","M","R","B",null,"M","M","?","?"],"character_chosen":"THE_SILENT","items_purchased":[],"campfire_rested":2,"item_purchase_floors":[],"current_hp_per_floor":[70,70,70,58,58,58,50,50,50,50,46,67,50,42,63,40,70,52,44,44,0],"gold":496,"neow_bonus":"THREE_ENEMY_KILL","is_prod":false,"is_daily":false,"chose_seed":false,"campfire_upgraded":2,"win_rate":0,"timestamp":1558340986,"path_taken":["M","?","M","?","M","R","M","R","T","?","M","R","E","M","R","BOSS","M","M","?","?"],"build_version":"2019-01-23","purchased_purges":0,"victory":false,"max_hp_per_floor":[70,70,70,70,70,70,70,70,70,70,70,70,70,70,70,70,70,70,70,70,70],"card_choices":[{"not_picked":["Heel Hook","Cloak And Dagger"],"picked":"Infinite Blades","floor":1},{"not_picked":["Dodge and Roll","Quick Slash"],"picked":"Dagger Throw","floor":3},{"not_picked":["Outmaneuver","Slice"],"picked":"Quick Slash","floor":5},{"not_picked":["Expertise","PiercingWail","Slice"],"picked":"SKIP","floor":7},{"not_picked":["Poisoned Stab","Flying Knee"],"picked":"Outmaneuver","floor":11},{"not_picked":["Slice","Blade Dance"],"picked":"A Thousand Cuts","floor":13},{"not_picked":["Outmaneuver","Predator"],"picked":"Dodge and Roll","floor":14},{"not_picked":["Adrenaline","Unload"],"picked":"After Image","floor":16},{"not_picked":["Bane","Underhanded Strike"],"picked":"Sucker Punch","floor":18},{"not_picked":["Acrobatics","Prepared"],"picked":"Escape Plan+1","floor":19}],"player_experience":205414,"relics_obtained":[{"floor":9,"key":"Smiling Mask"},{"floor":13,"key":"Ancient Tea Set"}],"event_choices":[{"damage_healed":0,"gold_gain":175,"player_choice":"AGREE","damage_taken":0,"max_hp_gain":0,"max_hp_loss":0,"event_name":"Liars Game","floor":2,"gold_loss":0,"cards_obtained":["Doubt"]},{"damage_healed":0,"gold_gain":0,"player_choice":"Success","damage_taken":12,"relics_obtained":["Orichalcum"],"max_hp_gain":0,"max_hp_loss":0,"event_name":"Scrap Ooze","floor":4,"gold_loss":0},{"cards_removed":["Doubt"],"damage_healed":0,"gold_gain":0,"player_choice":"Card Removal","damage_taken":0,"max_hp_gain":0,"max_hp_loss":0,"event_name":"The Cleric","floor":10,"gold_loss":50},{"damage_healed":0,"gold_gain":0,"player_choice":"Read","damage_taken":0,"max_hp_gain":0,"max_hp_loss":0,"event_name":"The Library","floor":20,"gold_loss":0,"cards_obtained":["Backflip"]},{"damage_healed":0,"gold_gain":0,"player_choice":"Fight","damage_taken":0,"max_hp_gain":0,"max_hp_loss":0,"event_name":"Colosseum","floor":21,"gold_loss":0}],"is_beta":false,"boss_relics":[{"not_picked":["Runic Dome","White Beast Statue"],"picked":"Black Star"}],"items_purged_floors":[],"is_endless":false,"potions_floor_spawned":[1,3,13,14,16,19],"killed_by":"Colosseum Slavers","ascension_level":0}