{"gold_per_floor":[18,18,18,29,29,71,83,95,107,151,123,152,164,176,188,297,309,331,361,473,485,510,522,534,577,589,4,4,4,38,58,58,157,157,175,175,227,3,23,23,58,158,181,181,199,199,212,112,112,112,112,112,41,69,69],"floor_reached":56,"playtime":7216,"items_purged":["Defend_R","Strike_R"],"score":1554,"play_id":"68e85d34-b476-4244-929a-7e72644ba73b","local_time":"20190525003544","is_ascension_mode":true,"campfire_choices":[{"data":"Armaments","floor":8,"key":"SMITH"},{"data":"Shockwave","floor":15,"key":"SMITH"},{"data":"Juggernaut","floor":23,"key":"SMITH"},{"data":"Warcry","floor":32,"key":"SMITH"},{"floor":40,"key":"REST"},{"floor":44,"key":"RECALL"},{"data":"Demon Form","floor":49,"key":"SMITH"},{"data":"Flame Barrier","floor":52,"key":"SMITH"}],"neow_cost":"NO_GOLD","seed_source_timestamp":39984773863060,"circlet_count":0,"master_deck":["Strike_R","Defend_R","Defend_R","Bash","Armaments+1","Cleave","Pommel Strike+1","Ghostly Armor","Shockwave+1","Juggernaut+1","Shrug It Off+1","Thunderclap","Ghostly Armor","Clothesline","Second Wind","Uppercut","Searing Blow","Demon Form+1","Juggernaut+1","Flame Barrier+1","Warcry+1","Headbutt","Feed","Metallicize","Feel No Pain","Warcry+1","Clothesline+1","Thunderclap+1","Sword Boomerang+1","Madness","Madness","Sword Boomerang+1","Evolve"],"relics":["Burning Blood","MawBank","Juzu Bracelet","Mummified Hand","Pear","Pantograph","Busted Crown","Prayer Wheel","Kunai","Ancient Tea Set","Ornamental Fan","Lee\u0027s Waffle","Bottled Flame","Bag of Preparation","Velvet Choker","Champion Belt","Bag of Marbles","Ice Cream","Bird Faced Urn","Bottled Lightning"],"potions_floor_usage":[17,20,20,20,21,25,25,33,41,45,50,55],"damage_taken":[{"damage":1,"enemies":"Cultist","floor":1,"turns":3},{"damage":0,"enemies":"Small Slimes","floor":4,"turns":3},{"damage":35,"enemies":"3 Sentries","floor":6,"turns":11},{"damage":37,"enemies":"Lagavulin","floor":10,"turns":7},{"damage":7,"enemies":"Jaw Worm","floor":12,"turns":3},{"damage":17,"enemies":"The Guardian","floor":16,"turns":19},{"damage":7,"enemies":"Spheric Guardian","floor":18,"turns":4},{"damage":20,"enemies":"Shell Parasite","floor":19,"turns":7},{"damage":2,"enemies":"Colosseum Slavers","floor":20,"turns":5},{"damage":22,"enemies":"Colosseum Nobs","floor":20,"turns":4},{"damage":38,"enemies":"Sentry and Sphere","floor":22,"turns":8},{"damage":26,"enemies":"Slavers","floor":25,"turns":5},{"damage":10,"enemies":"Gremlin Leader","floor":30,"turns":7},{"damage":24,"enemies":"3 Cultists","floor":31,"turns":5},{"damage":21,"enemies":"Champ","floor":33,"turns":9},{"damage":25,"enemies":"3 Darklings","floor":35,"turns":5},{"damage":72,"enemies":"2 Orb Walkers","floor":37,"turns":6},{"damage":1,"enemies":"Orb Walker","floor":39,"turns":3},{"damage":52,"enemies":"Giant Head","floor":41,"turns":8},{"damage":0,"enemies":"Mind Bloom Boss Battle","floor":42,"turns":5},{"damage":10,"enemies":"Jaw Worm Horde","floor":45,"turns":3},{"damage":0,"enemies":"Maw","floor":47,"turns":6},{"damage":14,"enemies":"Time Eater","floor":50,"turns":7},{"damage":98,"enemies":"Shield and Spear","floor":54,"turns":7},{"damage":50,"enemies":"The Heart","floor":55,"turns":8}],"seed_played":"-8274520521268279392","potions_obtained":[{"floor":1,"key":"Ancient Potion"},{"floor":11,"key":"Explosive Potion"},{"floor":11,"key":"Energy Potion"},{"floor":11,"key":"GamblersBrew"},{"floor":16,"key":"Fruit Juice"},{"floor":18,"key":"GamblersBrew"},{"floor":20,"key":"EssenceOfSteel"},{"floor":21,"key":"Fruit Juice"},{"floor":21,"key":"SkillPotion"},{"floor":25,"key":"SkillPotion"},{"floor":35,"key":"Swift Potion"},{"floor":37,"key":"SteroidPotion"},{"floor":45,"key":"GamblersBrew"},{"floor":47,"key":"Regen Potion"},{"floor":54,"key":"PowerPotion"}],"is_trial":false,"path_per_floor":["M","?","?","M","?","E","?","R","T","E","?","M","$","T","R","B",null,"M","M","?","?","M","R","?","E","T","$","?","?","E","M","R","B",null,"M","?","?","$","M","R","E","?","T","R","M","?","M","$","R","B",null,"R","$","E","B",null],"character_chosen":"IRONCLAD","items_purchased":["Lee\u0027s Waffle","Bottled Flame","Demon Form","Bag of Marbles","Feel No Pain","Evolve"],"campfire_rested":1,"item_purchase_floors":[27,27,27,38,38,53],"current_hp_per_floor":[93,93,93,96,96,67,67,67,67,46,46,45,45,45,45,59,99,98,84,72,77,45,45,45,25,25,123,123,123,119,101,101,108,119,100,100,34,34,39,75,29,63,63,63,66,50,64,64,64,105,123,123,123,43,38],"gold":69,"neow_bonus":"TWENTY_PERCENT_HP_BONUS","is_prod":false,"is_daily":false,"chose_seed":false,"campfire_upgraded":6,"win_rate":0,"timestamp":1558758944,"path_taken":["M","?","?","M","?","E","?","R","T","E","?","M","?","?","R","BOSS","M","M","?","?","M","R","?","E","T","$","?","?","E","M","R","BOSS","M","?","?","$","M","R","E","?","T","R","M","?","M","$","R","BOSS","R","$","E","BOSS"],"build_version":"2019-01-23","purchased_purges":2,"victory":true,"max_hp_per_floor":[96,96,96,96,96,96,96,96,96,106,106,106,106,106,106,106,111,111,111,111,116,116,116,116,116,116,123,123,123,123,123,123,123,123,123,123,123,123,123,123,123,126,126,126,129,129,129,129,129,129,129,129,129,129,129],"card_choices":[{"not_picked":["Sentinel","Thunderclap"],"picked":"Armaments","floor":1},{"not_picked":["Burning Pact","Iron Wave"],"picked":"Pommel Strike","floor":4},{"not_picked":["Seeing Red","Warcry"],"picked":"Ghostly Armor","floor":6},{"not_picked":["Bloodletting","Dual Wield","Burning Pact"],"picked":"SKIP","floor":10},{"not_picked":["Evolve","Sword Boomerang"],"picked":"Shockwave","floor":12},{"not_picked":["Impervious","Exhume"],"picked":"Juggernaut","floor":16},{"not_picked":[],"picked":"Shrug It Off+1","floor":18},{"not_picked":["Wild Strike"],"picked":"SKIP","floor":19},{"not_picked":[],"picked":"Thunderclap","floor":20},{"not_picked":[],"picked":"Ghostly Armor","floor":22},{"not_picked":[],"picked":"Clothesline","floor":22},{"not_picked":[],"picked":"Searing Blow","floor":25},{"not_picked":[],"picked":"Flame Barrier","floor":30},{"not_picked":[],"picked":"Warcry","floor":31},{"not_picked":[],"picked":"Headbutt","floor":31},{"not_picked":[],"picked":"Feed","floor":33},{"not_picked":["Dropkick+1"],"picked":"SKIP","floor":35},{"not_picked":["Combust+1"],"picked":"SKIP","floor":35},{"not_picked":[],"picked":"Metallicize","floor":37},{"not_picked":[],"picked":"Warcry+1","floor":39},{"not_picked":["Clash+1"],"picked":"SKIP","floor":39},{"not_picked":[],"picked":"Clothesline+1","floor":41},{"not_picked":[],"picked":"Thunderclap+1","floor":42},{"not_picked":[],"picked":"Sword Boomerang+1","floor":45},{"not_picked":["Flex"],"picked":"SKIP","floor":45},{"not_picked":[],"picked":"Sword Boomerang+1","floor":47},{"not_picked":["Anger"],"picked":"SKIP","floor":47},{"not_picked":["Anger"],"picked":"SKIP","floor":54}],"player_experience":136225,"relics_obtained":[{"floor":6,"key":"Juzu Bracelet"},{"floor":9,"key":"Mummified Hand"},{"floor":10,"key":"Pear"},{"floor":14,"key":"Pantograph"},{"floor":20,"key":"Prayer Wheel"},{"floor":20,"key":"Kunai"},{"floor":25,"key":"Ancient Tea Set"},{"floor":26,"key":"Ornamental Fan"},{"floor":30,"key":"Bag of Preparation"},{"floor":37,"key":"Champion Belt"},{"floor":41,"key":"Ice Cream"},{"floor":42,"key":"Bird Faced Urn"},{"floor":54,"key":"Bottled Lightning"}],"event_choices":[{"damage_healed":0,"gold_gain":0,"player_choice":"Leave","damage_taken":0,"max_hp_gain":0,"max_hp_loss":0,"event_name":"The Cleric","floor":2,"gold_loss":0},{"damage_healed":0,"gold_gain":0,"cards_transformed":["Strike_R"],"player_choice":"Change","damage_taken":0,"max_hp_gain":0,"max_hp_loss":0,"event_name":"Living Wall","floor":3,"gold_loss":0,"cards_obtained":["Cleave"]},{"damage_healed":0,"gold_gain":0,"player_choice":"Gave Potion","damage_taken":0,"relics_obtained":["MawBank"],"max_hp_gain":0,"max_hp_loss":0,"event_name":"WeMeetAgain","floor":5,"gold_loss":0},{"cards_removed":["Strike_R"],"damage_healed":0,"gold_gain":0,"player_choice":"Offered Basic","damage_taken":0,"max_hp_gain":0,"max_hp_loss":0,"event_name":"Bonfire Elementals","floor":7,"gold_loss":0},{"damage_healed":0,"gold_gain":0,"player_choice":"Bought 3 Potions","damage_taken":0,"max_hp_gain":0,"max_hp_loss":0,"event_name":"The Woman in Blue","floor":11,"gold_loss":0},{"damage_healed":0,"gold_gain":0,"player_choice":"Fight","damage_taken":0,"max_hp_gain":0,"max_hp_loss":0,"event_name":"Colosseum","floor":20,"gold_loss":0},{"damage_healed":0,"gold_gain":0,"player_choice":"Fought Nobs","damage_taken":0,"max_hp_gain":0,"max_hp_loss":0,"event_name":"Colosseum","floor":20,"gold_loss":0},{"damage_healed":0,"gold_gain":0,"player_choice":"Got Potions","damage_taken":0,"max_hp_gain":0,"max_hp_loss":0,"event_name":"Lab","floor":21,"gold_loss":0},{"damage_healed":0,"gold_gain":0,"cards_transformed":["Strike_R","Defend_R"],"player_choice":"Became Test Subject","damage_taken":0,"max_hp_gain":0,"max_hp_loss":0,"event_name":"Drug Dealer","floor":24,"gold_loss":0,"cards_obtained":["Second Wind","Uppercut"]},{"damage_healed":0,"gold_gain":0,"player_choice":"Forge","damage_taken":0,"max_hp_gain":0,"max_hp_loss":0,"event_name":"Accursed Blacksmith","floor":28,"gold_loss":0,"cards_upgraded":["Pommel Strike"]},{"damage_healed":0,"gold_gain":0,"player_choice":"Copied","damage_taken":0,"max_hp_gain":0,"max_hp_loss":0,"event_name":"Duplicator","floor":29,"gold_loss":0,"cards_obtained":["Juggernaut"]},{"damage_healed":0,"gold_gain":0,"player_choice":"Ignored","damage_taken":0,"max_hp_gain":0,"max_hp_loss":0,"event_name":"Tomb of Lord Red Mask","floor":36,"gold_loss":0},{"damage_healed":0,"gold_gain":0,"player_choice":"Fight","damage_taken":0,"max_hp_gain":0,"max_hp_loss":0,"event_name":"Mysterious Sphere","floor":37,"gold_loss":0},{"damage_healed":0,"gold_gain":0,"player_choice":"Fight","damage_taken":0,"max_hp_gain":0,"max_hp_loss":0,"event_name":"MindBloom","floor":42,"gold_loss":0},{"damage_healed":0,"gold_gain":0,"player_choice":"Embrace Madness","damage_taken":16,"max_hp_gain":0,"max_hp_loss":0,"event_name":"Winding Halls","floor":46,"gold_loss":0,"cards_obtained":["Madness","Madness"]}],"is_beta":false,"boss_relics":[{"not_picked":["Empty Cage","Orrery"],"picked":"Busted Crown"},{"not_picked":["Mark of Pain","Lizard Tail"],"picked":"Velvet Choker"}],"items_purged_floors":[27,48],"is_endless":false,"potions_floor_spawned":[1,16,18,20,25,35,37,45,47,54],"ascension_level":7}