{"gold_per_floor":[109,124,45,59,71,71,81,109,109,109,109,178,188,238,238,312,312,332,432,432],"floor_reached":20,"playtime":589,"items_purged":[],"score":334,"play_id":"52501c64-414d-4bee-8baa-608b47e54c9b","local_time":"20190521141034","is_ascension_mode":true,"campfire_choices":[{"data":"Cloak And Dagger","floor":6,"key":"SMITH"},{"floor":10,"key":"REST"},{"data":"Finisher","floor":15,"key":"SMITH"}],"neow_cost":"NONE","seed_source_timestamp":28988443392823,"circlet_count":0,"master_deck":["AscendersBane","Defend_G","Defend_G","Defend_G","Defend_G","Defend_G","Strike_G","Strike_G","Strike_G","Strike_G","Strike_G","Survivor","Neutralize","Finisher+1","Cloak And Dagger","Blade Dance","Dagger Throw","Cloak And Dagger+1","Backstab","Deflect","Slice","Die Die Die","Dodge and Roll","Envenom","Deadly Poison"],"relics":["Ring of the Serpent","NeowsBlessing","Pen Nib","Ice Cream","SsserpentHead"],"potions_floor_usage":[8,12,16,16],"damage_taken":[{"damage":0,"enemies":"2 Louse","floor":1,"turns":1},{"damage":0,"enemies":"Cultist","floor":2,"turns":1},{"damage":0,"enemies":"Small Slimes","floor":4,"turns":1},{"damage":19,"enemies":"Exordium Thugs","floor":5,"turns":5},{"damage":2,"enemies":"Blue Slaver","floor":7,"turns":4},{"damage":28,"enemies":"Gremlin Nob","floor":8,"turns":4},{"damage":12,"enemies":"Large Slime","floor":12,"turns":4},{"damage":0,"enemies":"2 Fungi Beasts","floor":13,"turns":3},{"damage":24,"enemies":"Hexaghost","floor":16,"turns":10},{"damage":22,"enemies":"2 Thieves","floor":18,"turns":4},{"damage":37,"enemies":"Spheric Guardian","floor":20,"turns":5}],"seed_played":"-5000552659878818397","potions_obtained":[{"floor":2,"key":"SkillPotion"},{"floor":7,"key":"Regen Potion"},{"floor":12,"key":"Poison Potion"},{"floor":13,"key":"FearPotion"}],"is_trial":false,"path_per_floor":["M","M","$","M","M","R","M","E","T","R","?","M","M","?","R","B",null,"M","?","M"],"character_chosen":"THE_SILENT","items_purchased":["Blade Dance","Dagger Throw"],"campfire_rested":1,"item_purchase_floors":[3,3],"current_hp_per_floor":[59,59,59,59,40,40,38,10,10,29,29,29,29,29,29,5,51,29,29,0],"gold":432,"neow_bonus":"THREE_ENEMY_KILL","is_prod":false,"is_daily":false,"chose_seed":false,"campfire_upgraded":2,"win_rate":0,"timestamp":1558465834,"path_taken":["M","M","$","M","M","R","M","E","T","R","?","?","M","?","R","BOSS","M","?","M"],"build_version":"2019-01-23","purchased_purges":0,"victory":false,"max_hp_per_floor":[66,66,66,66,66,66,66,66,66,66,66,66,66,66,66,66,66,66,66,66],"card_choices":[{"not_picked":["Dodge and Roll","Escape Plan"],"picked":"Finisher","floor":1},{"not_picked":["Flying Knee","Calculated Gamble"],"picked":"Cloak And Dagger","floor":2},{"not_picked":["Tactician","Predator"],"picked":"Cloak And Dagger","floor":4},{"not_picked":["Dagger Spray","Concentrate"],"picked":"Backstab","floor":5},{"not_picked":["Underhanded Strike","Flying Knee","Heel Hook"],"picked":"SKIP","floor":7},{"not_picked":["Acrobatics","Eviscerate"],"picked":"Deflect","floor":8},{"not_picked":["Acrobatics","Tactician"],"picked":"Slice","floor":12},{"not_picked":["Cloak And Dagger","Dagger Throw","Flying Knee"],"picked":"SKIP","floor":13},{"not_picked":["Burst","Storm of Steel"],"picked":"Envenom","floor":16},{"not_picked":["Masterful Stab","Underhanded Strike"],"picked":"Deadly Poison","floor":18}],"player_experience":440399,"relics_obtained":[{"floor":8,"key":"Pen Nib"},{"floor":9,"key":"Ice Cream"}],"event_choices":[{"damage_healed":0,"gold_gain":0,"player_choice":"Trade","damage_taken":0,"relics_obtained":["SsserpentHead"],"max_hp_gain":0,"max_hp_loss":0,"event_name":"FaceTrader","floor":11,"gold_loss":0},{"damage_healed":0,"gold_gain":0,"player_choice":"2 cards matched","damage_taken":0,"max_hp_gain":0,"max_hp_loss":0,"event_name":"Match and Keep!","floor":14,"gold_loss":0,"cards_obtained":["Die Die Die","Dodge and Roll"]},{"damage_healed":0,"gold_gain":50,"player_choice":"Stole From Cult","damage_taken":0,"max_hp_gain":0,"max_hp_loss":0,"event_name":"Nest","floor":19,"gold_loss":0}],"is_beta":false,"boss_relics":[{"not_picked":["Pandora\u0027s Box","Tiny House"],"picked":"Ring of the Serpent"}],"items_purged_floors":[],"is_endless":false,"potions_floor_spawned":[2,7,12,13],"killed_by":"Spheric Guardian","ascension_level":18}