{"gold_per_floor":[209,226,238,84,100,100,112,186,186,361,376,376,376,388,388,483,483,503,513,463,473,473],"floor_reached":22,"playtime":1353,"items_purged":["Strike_B"],"score":180,"play_id":"cb7bc65d-0c39-4824-b569-be0a2283e8f8","local_time":"20190517161229","is_ascension_mode":false,"campfire_choices":[{"data":"Redo","floor":6,"key":"SMITH"},{"data":"Static Discharge","floor":13,"key":"SMITH"},{"floor":15,"key":"REST"}],"neow_cost":"NONE","seed_source_timestamp":159704994792686,"circlet_count":0,"master_deck":["Strike_B","Strike_B","Strike_B","Defend_B","Defend_B","Defend_B","Defend_B","Zap","Dualcast","Ball Lightning","Static Discharge+1","Storm","Redo+1","Coolheaded","Fission","Heatsinks","Doubt","Steam","Zap","Steam","Core Surge","Redo+1","Stack","Reprogram"],"relics":["Cracked Core","Sundial","Smiling Mask","Inserter"],"potions_floor_usage":[16,16],"damage_taken":[{"damage":6,"enemies":"Cultist","floor":1,"turns":3},{"damage":5,"enemies":"Small Slimes","floor":2,"turns":3},{"damage":1,"enemies":"Jaw Worm","floor":3,"turns":3},{"damage":10,"enemies":"Looter","floor":5,"turns":3},{"damage":16,"enemies":"Gremlin Gang","floor":7,"turns":3},{"damage":0,"enemies":"Large Slime","floor":11,"turns":6},{"damage":12,"enemies":"Looter","floor":14,"turns":3},{"damage":24,"enemies":"The Guardian","floor":16,"turns":9},{"damage":15,"enemies":"Spheric Guardian","floor":18,"turns":4},{"damage":18,"enemies":"3 Byrds","floor":19,"turns":2},{"damage":16,"enemies":"Snake Plant","floor":21,"turns":4},{"damage":33,"enemies":"Snecko","floor":22,"turns":5}],"seed_played":"-850092728404923327","potions_obtained":[{"floor":1,"key":"SkillPotion"},{"floor":5,"key":"Dexterity Potion"},{"floor":14,"key":"Dexterity Potion"},{"floor":16,"key":"FocusPotion"}],"is_trial":false,"path_per_floor":["M","M","M","$","M","R","M","T","T","?","M","?","R","M","R","B",null,"M","M","$","M","M"],"character_chosen":"DEFECT","items_purchased":["Storm","Redo","Coolheaded"],"campfire_rested":1,"item_purchase_floors":[4,4,4],"current_hp_per_floor":[69,64,63,63,53,53,37,37,37,37,37,37,37,25,47,23,75,60,42,42,26,0],"gold":473,"neow_bonus":"HUNDRED_GOLD","is_prod":false,"is_daily":false,"chose_seed":false,"campfire_upgraded":2,"win_rate":0,"timestamp":1558134749,"path_taken":["M","M","M","$","M","R","M","?","T","?","M","?","R","M","R","BOSS","M","M","$","?","M"],"build_version":"2019-01-23","purchased_purges":1,"victory":false,"max_hp_per_floor":[75,75,75,75,75,75,75,75,75,75,75,75,75,75,75,75,75,75,75,75,75,75],"card_choices":[{"not_picked":["Chill","Leap","Conserve Battery"],"picked":"SKIP","floor":1},{"not_picked":["Chill","Leap"],"picked":"Ball Lightning","floor":2},{"not_picked":["Double Energy","Fusion"],"picked":"Static Discharge","floor":3},{"not_picked":["Self Repair","Beam Cell"],"picked":"Fission","floor":5},{"not_picked":["Ball Lightning","Beam Cell"],"picked":"Heatsinks","floor":7},{"not_picked":["Skim","Sweeping Beam"],"picked":"Steam","floor":11},{"not_picked":["Compile Driver","Conserve Battery"],"picked":"Steam","floor":14},{"not_picked":["Reboot","All For One"],"picked":"Core Surge","floor":16},{"not_picked":["Leap","Coolheaded"],"picked":"Redo+1","floor":18},{"not_picked":["Go for the Eyes","Hello World"],"picked":"Stack","floor":19},{"not_picked":["Beam Cell+1","Steam Power"],"picked":"Reprogram","floor":21}],"player_experience":123221,"relics_obtained":[{"floor":8,"key":"Sundial"},{"floor":9,"key":"Smiling Mask"}],"event_choices":[{"damage_healed":0,"gold_gain":175,"player_choice":"AGREE","damage_taken":0,"max_hp_gain":0,"max_hp_loss":0,"event_name":"Liars Game","floor":10,"gold_loss":0,"cards_obtained":["Doubt"]},{"damage_healed":0,"gold_gain":0,"player_choice":"1 cards matched","damage_taken":0,"max_hp_gain":0,"max_hp_loss":0,"event_name":"Match and Keep!","floor":12,"gold_loss":0,"cards_obtained":["Zap"]}],"is_beta":false,"boss_relics":[{"not_picked":["Cursed Key","Snecko Eye"],"picked":"Inserter"}],"items_purged_floors":[20],"is_endless":false,"potions_floor_spawned":[1,5,14,16],"killed_by":"Snecko","ascension_level":0}