{"gold_per_floor":[111,130,130,130,142,142,174,174,174,204,204,224,149,44,44,121,121,131,131,31,33,33,33,46,79,79,79,95,95,126,126,126,202,252,268,285,385,341,359,359],"floor_reached":40,"playtime":1543,"items_purged":["Strike_B","All For One"],"score":963,"play_id":"2f33e8a3-842b-47f9-a869-da27858236e1","local_time":"20190514133712","is_ascension_mode":true,"campfire_choices":[{"data":"Coolheaded","floor":6.0,"key":"SMITH"},{"data":"Loop","floor":8.0,"key":"SMITH"},{"data":"Defragment","floor":15.0,"key":"SMITH"},{"floor":23.0,"key":"REST"},{"floor":27.0,"key":"REST"},{"floor":29.0,"key":"REST"},{"floor":32.0,"key":"REST"}],"neow_cost":"NONE","seed_source_timestamp":0,"circlet_count":0,"master_deck":["AscendersBane","Defend_B","Defend_B","Defend_B","Defend_B","Zap+1","Dualcast","Sweeping Beam","Cold Snap","Coolheaded+1","Loop+1","Capacitor","Melter","Defragment+1","Coolheaded","Seek","Cold Snap+1","Reprogram","Leap","Buffer","Consume","Defragment","Blizzard+1","Ball Lightning","Core Surge","Skim","Chill","Loop"],"special_seed":0,"relics":["Cracked Core","Gremlin Horn","Sundial","Happy Flower","Dream Catcher","Fusion Hammer","Matryoshka","Kunai","Symbiotic Virus","Dead Branch","Tiny House","Torii"],"potions_floor_usage":[37,40,40,40,40],"damage_taken":[{"damage":2.0,"enemies":"Jaw Worm","floor":1.0,"turns":3.0},{"damage":0.0,"enemies":"2 Louse","floor":2.0,"turns":1.0},{"damage":0.0,"enemies":"Cultist","floor":5.0,"turns":4.0},{"damage":14.0,"enemies":"3 Sentries","floor":7.0,"turns":6.0},{"damage":33.0,"enemies":"Gremlin Nob","floor":10.0,"turns":4.0},{"damage":1.0,"enemies":"Blue Slaver","floor":12.0,"turns":4.0},{"damage":0.0,"enemies":"The Guardian","floor":16.0,"turns":11.0},{"damage":7.0,"enemies":"3 Byrds","floor":18.0,"turns":4.0},{"damage":16.0,"enemies":"2 Thieves","floor":21.0,"turns":4.0},{"damage":0.0,"enemies":"Centurion and Healer","floor":24.0,"turns":10.0},{"damage":49.0,"enemies":"Slavers","floor":25.0,"turns":9.0},{"damage":9.0,"enemies":"Chosen and Byrds","floor":28.0,"turns":7.0},{"damage":21.0,"enemies":"Book of Stabbing","floor":30.0,"turns":6.0},{"damage":10.0,"enemies":"Champ","floor":33.0,"turns":8.0},{"damage":5.0,"enemies":"Orb Walker","floor":35.0,"turns":3.0},{"damage":0.0,"enemies":"3 Shapes","floor":36.0,"turns":7.0},{"damage":25,"enemies":"Mind Bloom Boss Battle","floor":37,"turns":6},{"damage":33,"enemies":"3 Darklings","floor":39,"turns":6},{"damage":39,"enemies":"Reptomancer","floor":40,"turns":3}],"seed_played":"-5135943686808493083","potions_obtained":[{"floor":1.0,"key":"Dexterity Potion"},{"floor":2.0,"key":"Fire Potion"},{"floor":5.0,"key":"Energy Potion"},{"floor":16.0,"key":"EssenceOfSteel"},{"floor":25.0,"key":"FocusPotion"},{"floor":33.0,"key":"Regen Potion"},{"floor":34.0,"key":"EntropicBrew"},{"floor":37,"key":"LiquidBronze"}],"is_trial":false,"path_per_floor":["M","M","?","?","M","R","E","R","T","E","?","M","$","$","R","B",null,"M","?","$","M","?","R","M","E","T","R","M","R","E","$","R","B",null,"M","M","?","$","M","E"],"character_chosen":"DEFECT","items_purchased":["Defragment","Coolheaded","Loop"],"campfire_rested":4,"item_purchase_floors":[14,14,38],"current_hp_per_floor":[62,62,67,67,67,67,53,53,53,20,20,19,19,19,19,19,62,55,55,55,39,39,61,61,12,12,34,25,47,26,26,48,38,72,67,67,57,57,24,0],"gold":359,"neow_bonus":"UPGRADE_CARD","is_prod":false,"is_daily":false,"chose_seed":false,"campfire_upgraded":3,"win_rate":0,"timestamp":1557859032,"path_taken":["M","M","?","?","?","R","E","R","T","E","?","M","?","$","R","BOSS","M","?","$","M","?","R","M","E","T","R","M","R","E","$","R","BOSS","M","M","?","$","M","E"],"build_version":"2019-01-23","purchased_purges":2,"victory":false,"max_hp_per_floor":[71,71,76,76,76,76,76,76,76,76,76,76,76,76,76,76,76,76,76,76,76,76,76,76,76,76,76,76,76,76,76,76,76,81,81,81,81,81,81,81],"card_choices":[{"not_picked":["Auto Shields","Reprogram"],"picked":"Sweeping Beam","floor":1.0},{"not_picked":["Capacitor","Conserve Battery"],"picked":"Cold Snap","floor":2.0},{"not_picked":["Turbo","Recycle"],"picked":"Coolheaded","floor":5.0},{"not_picked":["Auto Shields","White Noise"],"picked":"Loop","floor":7.0},{"not_picked":["Machine Learning","Hologram"],"picked":"Capacitor","floor":10.0},{"not_picked":["Sweeping Beam","Go for the Eyes"],"picked":"Melter","floor":12.0},{"not_picked":["Rainbow","Thunder Strike"],"picked":"Seek","floor":16.0},{"not_picked":["Steam","Barrage","Sweeping Beam"],"picked":"SKIP","floor":18.0},{"not_picked":["Sweeping Beam","Coolheaded"],"picked":"Reprogram","floor":21.0},{"not_picked":["Fusion","Go for the Eyes"],"picked":"Leap","floor":23.0},{"not_picked":["Turbo","Compile Driver"],"picked":"Buffer","floor":24.0},{"not_picked":["Chaos","Storm"],"picked":"Consume","floor":25.0},{"not_picked":["Conserve Battery","Recycle"],"picked":"Defragment","floor":28.0},{"not_picked":["Ball Lightning","Melter"],"picked":"Blizzard+1","floor":29.0},{"not_picked":["Turbo","Barrage"],"picked":"Ball Lightning","floor":30.0},{"not_picked":["Meteor Strike","Biased Cognition"],"picked":"Core Surge","floor":33.0},{"not_picked":["Ball Lightning","Barrage"],"picked":"Skim","floor":34.0},{"not_picked":["Streamline+1","Barrage"],"picked":"Chill","floor":35.0},{"not_picked":["Fusion","Heatsinks","Compile Driver"],"picked":"SKIP","floor":36.0},{"not_picked":["Beam Cell","Turbo","Compile Driver"],"picked":"SKIP","floor":39}],"player_experience":420107,"relics_obtained":[{"floor":7.0,"key":"Gremlin Horn"},{"floor":9.0,"key":"Sundial"},{"floor":10.0,"key":"Happy Flower"},{"floor":11.0,"key":"Dream Catcher"},{"floor":25.0,"key":"Matryoshka"},{"floor":26.0,"key":"Kunai"},{"floor":26.0,"key":"Symbiotic Virus"},{"floor":30.0,"key":"Dead Branch"},{"floor":37,"key":"Torii"}],"event_choices":[{"damage_healed":0.0,"max_hp_gain":5.0,"max_hp_loss":0.0,"gold_gain":0.0,"event_name":"Big Fish","player_choice":"Donut","floor":3.0,"gold_loss":0.0,"damage_taken":0.0},{"cards_removed":["Strike_B"],"damage_healed":0.0,"max_hp_gain":0.0,"max_hp_loss":0.0,"gold_gain":0.0,"event_name":"Purifier","player_choice":"Purged","floor":4.0,"gold_loss":0.0,"damage_taken":0.0},{"damage_healed":0.0,"max_hp_gain":0.0,"max_hp_loss":0.0,"gold_gain":0.0,"event_name":"Wheel of Change","player_choice":"Relic","floor":11.0,"gold_loss":0.0,"damage_taken":0.0},{"damage_healed":0.0,"max_hp_gain":0.0,"max_hp_loss":0.0,"gold_gain":0.0,"cards_transformed":["Strike_B","Strike_B"],"event_name":"Drug Dealer","player_choice":"Became Test Subject","floor":19.0,"gold_loss":0.0,"damage_taken":0.0,"cards_obtained":["Cold Snap","All For One"]},{"damage_healed":0.0,"max_hp_gain":0.0,"max_hp_loss":0.0,"gold_gain":0.0,"event_name":"Ghosts","player_choice":"Ignored","floor":22.0,"gold_loss":0.0,"damage_taken":0.0},{"damage_healed":0,"gold_gain":0,"player_choice":"Fight","damage_taken":0,"max_hp_gain":0,"max_hp_loss":0,"event_name":"MindBloom","floor":37,"gold_loss":0}],"is_beta":false,"boss_relics":[{"not_picked":["Ectoplasm","Pandora\u0027s Box"],"picked":"Fusion Hammer"},{"not_picked":["White Beast Statue","Black Star"],"picked":"Tiny House"}],"items_purged_floors":[13,20],"is_endless":false,"potions_floor_spawned":[1,2,5,16,25,33,35,37],"killed_by":"Reptomancer","ascension_level":18}