{"gold_per_floor":[117,134,154,167,24,24,43,58,58,58,58],"floor_reached":11,"playtime":791,"items_purged":["Strike_G"],"score":67,"play_id":"9a640ebf-7d98-48e2-a613-2be894685b25","local_time":"20190515220906","is_ascension_mode":false,"campfire_choices":[{"floor":6,"key":"REST"},{"floor":10,"key":"REST"}],"neow_cost":"NONE","seed_source_timestamp":81449646639571,"circlet_count":0,"master_deck":["Defend_G","Defend_G","Defend_G","Defend_G","Defend_G","Strike_G","Strike_G","Strike_G","Strike_G","Survivor","Neutralize","Trip","Blade Dance","Deflect","Acrobatics","Doppelganger","Infinite Blades","Outmaneuver"],"relics":["Ring of the Snake","Shovel"],"potions_floor_usage":[],"damage_taken":[{"damage":0,"enemies":"Cultist","floor":1,"turns":4},{"damage":0,"enemies":"2 Louse","floor":2,"turns":2},{"damage":5,"enemies":"Small Slimes","floor":3,"turns":3},{"damage":48,"enemies":"Gremlin Gang","floor":4,"turns":7},{"damage":7,"enemies":"3 Louse","floor":7,"turns":5},{"damage":10,"enemies":"Lots of Slimes","floor":8,"turns":7},{"damage":4,"enemies":"Large Slime","floor":11,"turns":4}],"seed_played":"-6595214619481802719","potions_obtained":[{"floor":3,"key":"AttackPotion"},{"floor":7,"key":"GamblersBrew"},{"floor":8,"key":"GamblersBrew"}],"is_trial":false,"path_per_floor":["M","M","M","M","$","R","M","M","T","R","M"],"character_chosen":"THE_SILENT","items_purchased":["Infinite Blades"],"campfire_rested":2,"item_purchase_floors":[5],"current_hp_per_floor":[70,70,65,17,17,38,31,21,21,42,38],"gold":58,"neow_bonus":"RANDOM_COLORLESS","is_prod":false,"is_daily":false,"chose_seed":false,"campfire_upgraded":0,"win_rate":0.0,"timestamp":1557983346,"path_taken":["M","M","M","M","?","R","M","?","T","R","M"],"build_version":"2019-01-23","purchased_purges":1,"victory":false,"max_hp_per_floor":[70,70,70,70,70,70,70,70,70,70,70],"card_choices":[{"not_picked":["Crippling Poison","Leg Sweep"],"picked":"Blade Dance","floor":1},{"not_picked":["Flying Knee","Tactician"],"picked":"Deflect","floor":2},{"not_picked":["Dash","Deflect"],"picked":"Acrobatics","floor":3},{"not_picked":["Backstab","All Out Attack"],"picked":"Doppelganger","floor":4},{"not_picked":["Eviscerate","Underhanded Strike"],"picked":"Outmaneuver","floor":7},{"not_picked":["Outmaneuver","Masterful Stab","Heel Hook"],"picked":"SKIP","floor":8}],"player_experience":60430,"relics_obtained":[{"floor":9,"key":"Shovel"}],"event_choices":[],"is_beta":false,"boss_relics":[],"items_purged_floors":[5],"is_endless":false,"potions_floor_spawned":[3,7,8],"killed_by":"Large Slime","ascension_level":0}