{"gold_per_floor":[111,111,111,134,152,152,181,201,228,228,241,259,259,259,259,358,358,378,118,130,141,156,156,187,187,243,255,255,155,155,155,155,155],"floor_reached":33,"playtime":1426,"items_purged":["Strike_R","Strike_R"],"score":315,"play_id":"834967f3-4270-4276-a14c-c0c6503bab83","local_time":"20190517013016","is_ascension_mode":false,"campfire_choices":[{"floor":6,"key":"RECALL"},{"data":"Searing Blow","floor":10,"key":"SMITH"},{"data":"Searing Blow+1","floor":13,"key":"SMITH"},{"data":"Searing Blow+2","floor":15,"key":"SMITH"},{"floor":23,"key":"REST"},{"data":"Spot Weakness","floor":25,"key":"SMITH"},{"data":"Limit Break","floor":28,"key":"SMITH"},{"data":"True Grit","floor":32,"key":"SMITH"}],"neow_cost":"NONE","seed_source_timestamp":140044828235139,"circlet_count":0,"master_deck":["Defend_R","Defend_R","Defend_R","Defend_R","Bash+1","Pommel Strike","Shrug It Off","Spot Weakness+1","Searing Blow+3","True Grit","Immolate","Heavy Blade+1","Evolve","True Grit+1","Reckless Charge","Limit Break+1","Bite","Bite","Bite","Bite","Bite"],"relics":["Burning Blood","NeowsBlessing","Mercury Hourglass","Omamori","WarpedTongs","Black Star","Pen Nib","Bronze Scales","Juzu Bracelet","Tiny Chest"],"potions_floor_usage":[],"damage_taken":[{"damage":0,"enemies":"Jaw Worm","floor":1,"turns":1},{"damage":0,"enemies":"Cultist","floor":5,"turns":1},{"damage":0,"enemies":"3 Sentries","floor":7,"turns":2},{"damage":0,"enemies":"Small Slimes","floor":8,"turns":2},{"damage":7,"enemies":"Gremlin Gang","floor":11,"turns":4},{"damage":2,"enemies":"Blue Slaver","floor":12,"turns":3},{"damage":39,"enemies":"Hexaghost","floor":16,"turns":8},{"damage":22,"enemies":"Shell Parasite","floor":18,"turns":5},{"damage":14,"enemies":"3 Byrds","floor":20,"turns":4},{"damage":20,"enemies":"Centurion and Healer","floor":21,"turns":6},{"damage":30,"enemies":"Snecko","floor":22,"turns":4},{"damage":11,"enemies":"Gremlin Leader","floor":24,"turns":7},{"damage":10,"enemies":"Chosen and Byrds","floor":27,"turns":3},{"damage":74,"enemies":"Champ","floor":33,"turns":7}],"seed_played":"7408669377109587322","potions_obtained":[{"floor":1,"key":"SteroidPotion"},{"floor":11,"key":"AttackPotion"},{"floor":16,"key":"Block Potion"}],"is_trial":false,"path_per_floor":["M","?","?","T","M","R","E","M","T","R","M","M","R","?","R","B",null,"M","$","M","M","M","R","E","R","T","M","R","$","?","?","R","B"],"character_chosen":"IRONCLAD","items_purchased":["Pen Nib","Evolve"],"campfire_rested":1,"item_purchase_floors":[19,19],"current_hp_per_floor":[80,73,73,73,79,79,80,80,80,80,79,80,80,80,80,47,80,64,64,56,42,18,42,37,37,37,33,33,33,33,51,51,0],"gold":155,"neow_bonus":"THREE_ENEMY_KILL","is_prod":false,"is_daily":false,"chose_seed":false,"campfire_upgraded":6,"win_rate":0,"timestamp":1558081816,"path_taken":["M","?","?","?","M","R","E","M","T","R","M","?","R","?","R","BOSS","M","$","M","M","?","R","E","R","T","M","R","$","?","?","R","BOSS"],"build_version":"2019-01-23","purchased_purges":2,"victory":false,"max_hp_per_floor":[80,80,80,80,80,80,80,80,80,80,80,80,80,80,80,80,80,80,80,80,80,80,80,80,80,80,80,80,80,56,56,56,56],"card_choices":[{"not_picked":["Intimidate","Battle Trance"],"picked":"Pommel Strike","floor":1},{"not_picked":["Body Slam","Clothesline"],"picked":"Shrug It Off","floor":5},{"not_picked":["Seeing Red","Inflame"],"picked":"Spot Weakness","floor":7},{"not_picked":["Havoc","Spot Weakness"],"picked":"Searing Blow","floor":8},{"not_picked":["Flex","Warcry"],"picked":"True Grit","floor":11},{"not_picked":["Sword Boomerang","Sentinel","Cleave"],"picked":"SKIP","floor":12},{"not_picked":["Feed","Exhume"],"picked":"Immolate","floor":16},{"not_picked":["Clothesline","Disarm"],"picked":"Heavy Blade+1","floor":18},{"not_picked":["Carnage","Havoc+1","Twin Strike"],"picked":"SKIP","floor":20},{"not_picked":["Rupture+1","Anger"],"picked":"True Grit","floor":21},{"not_picked":["Body Slam+1","Headbutt","Clothesline"],"picked":"SKIP","floor":22},{"not_picked":["Sentinel","Flex"],"picked":"Reckless Charge","floor":24},{"not_picked":["Blood for Blood","Infernal Blade"],"picked":"Limit Break","floor":27}],"player_experience":105908,"relics_obtained":[{"floor":7,"key":"Mercury Hourglass"},{"floor":9,"key":"Omamori"},{"floor":24,"key":"Bronze Scales"},{"floor":24,"key":"Juzu Bracelet"},{"floor":26,"key":"Tiny Chest"}],"event_choices":[{"cards_removed":["Strike_R"],"damage_healed":0,"gold_gain":0,"player_choice":"Card Removal","damage_taken":7,"max_hp_gain":0,"max_hp_loss":0,"event_name":"Golden Wing","floor":2,"gold_loss":0},{"damage_healed":0,"gold_gain":0,"player_choice":"Grow","damage_taken":0,"max_hp_gain":0,"max_hp_loss":0,"event_name":"Living Wall","floor":3,"gold_loss":0,"cards_upgraded":["Bash"]},{"damage_healed":0,"gold_gain":0,"player_choice":"Rummage","damage_taken":0,"relics_obtained":["WarpedTongs"],"max_hp_gain":0,"max_hp_loss":0,"event_name":"Accursed Blacksmith","floor":14,"gold_loss":0,"cards_obtained":["Pain"]},{"damage_healed":0,"gold_gain":0,"player_choice":"Became a vampire","damage_taken":0,"max_hp_gain":0,"max_hp_loss":24,"event_name":"Vampires","floor":30,"gold_loss":0,"cards_obtained":["Bite","Bite","Bite","Bite","Bite"]},{"damage_healed":18,"gold_gain":0,"player_choice":"Heal","damage_taken":0,"max_hp_gain":0,"max_hp_loss":0,"event_name":"The Library","floor":31,"gold_loss":0}],"is_beta":false,"boss_relics":[{"not_picked":["Eternal Feather","Pandora\u0027s Box"],"picked":"Black Star"}],"items_purged_floors":[19,29],"is_endless":false,"potions_floor_spawned":[1,11,16,20],"killed_by":"Champ","ascension_level":0}