{"gold_per_floor":[20,37,37,37,49,49,74,74,74,85,120,138,39,50,50,155,155,174,74,84,84,97,97,123,123,172,190,200,200,213,223,223,321,321,341,79,79,95,495,495,525,538,618,618,618,618,618,128,128,128],"floor_reached":51,"playtime":2655,"items_purged":["Strike_G","Strike_G","Strike_G"],"score":1126,"play_id":"98a5a456-8cec-4bd8-a337-6ea573d0345e","local_time":"20190501171113","is_ascension_mode":true,"campfire_choices":[{"floor":6.0,"key":"REST"},{"data":"Poisoned Stab","floor":15.0,"key":"SMITH"},{"data":"Wraith Form v2","floor":23.0,"key":"SMITH"},{"data":"Noxious Fumes","floor":25.0,"key":"SMITH"},{"data":"Bouncing Flask","floor":29.0,"key":"SMITH"},{"data":"Malaise","floor":32.0,"key":"SMITH"},{"data":"Burst","floor":40.0,"key":"SMITH"},{"floor":44,"key":"REST"},{"data":"Bullet Time","floor":46,"key":"SMITH"},{"data":"Footwork","floor":49,"key":"SMITH"}],"neow_cost":"NO_GOLD","seed_source_timestamp":349017685963873,"circlet_count":0,"master_deck":["AscendersBane","Defend_G","Defend_G","Defend_G+1","Defend_G","Defend_G","Strike_G","Strike_G+1","Survivor","Neutralize","Footwork+1","Poisoned Stab+1","Backflip","Dodge and Roll","Cloak And Dagger","PiercingWail","Wraith Form v2+1","Deadly Poison","Malaise+1","Backstab","Slice","Dagger Spray","Infinite Blades","PiercingWail","Crippling Poison","Noxious Fumes+1","Bouncing Flask+1","Bullet Time+1","Backflip+1","Burst+1","Footwork+1","Good Instincts","Burst+1"],"special_seed":0,"relics":["Ring of the Snake","Calipers","Pantograph","Meat on the Bone","Happy Flower","Orrery","Tingsha","Lantern","Runic Pyramid","Gremlin Horn","WingedGreaves","Old Coin","Du-Vu Doll","Paper Crane","DollysMirror"],"potions_floor_usage":[50],"damage_taken":[{"damage":6.0,"enemies":"Cultist","floor":1.0,"turns":5.0},{"damage":10.0,"enemies":"Small Slimes","floor":2.0,"turns":4.0},{"damage":2.0,"enemies":"Jaw Worm","floor":5.0,"turns":4.0},{"damage":32.0,"enemies":"3 Sentries","floor":7.0,"turns":14.0},{"damage":0.0,"enemies":"Exordium Wildlife","floor":10.0,"turns":6.0},{"damage":8.0,"enemies":"Lagavulin","floor":11.0,"turns":13.0},{"damage":7.0,"enemies":"Lots of Slimes","floor":12.0,"turns":7.0},{"damage":0.0,"enemies":"3 Louse","floor":14.0,"turns":6.0},{"damage":59.0,"enemies":"Slime Boss","floor":16.0,"turns":21.0},{"damage":18.0,"enemies":"Spheric Guardian","floor":18.0,"turns":7.0},{"damage":7.0,"enemies":"Shell Parasite","floor":20.0,"turns":10.0},{"damage":2.0,"enemies":"Centurion and Healer","floor":22.0,"turns":8.0},{"damage":10.0,"enemies":"Gremlin Leader","floor":24.0,"turns":9.0},{"damage":16.0,"enemies":"Chosen and Byrds","floor":27.0,"turns":7.0},{"damage":7.0,"enemies":"Snecko","floor":28.0,"turns":5.0},{"damage":10.0,"enemies":"3 Cultists","floor":30.0,"turns":7.0},{"damage":0.0,"enemies":"Centurion and Healer","floor":31.0,"turns":7.0},{"damage":48.0,"enemies":"Champ","floor":33.0,"turns":17.0},{"damage":16.0,"enemies":"3 Darklings","floor":35.0,"turns":4.0},{"damage":5.0,"enemies":"3 Shapes","floor":38.0,"turns":3.0},{"damage":0.0,"enemies":"Mind Bloom Boss Battle","floor":39.0,"turns":8.0},{"damage":93.0,"enemies":"Giant Head","floor":41.0,"turns":12.0},{"damage":0,"enemies":"Writhing Mass","floor":42,"turns":8},{"damage":54,"enemies":"Awakened One","floor":50,"turns":26}],"seed_played":"-8133730313096473790","potions_obtained":[{"floor":1.0,"key":"SkillPotion"},{"floor":10.0,"key":"GamblersBrew"},{"floor":14.0,"key":"Energy Potion"},{"floor":16.0,"key":"FairyPotion"},{"floor":24.0,"key":"SkillPotion"},{"floor":31.0,"key":"SteroidPotion"},{"floor":33.0,"key":"Weak Potion"}],"is_trial":false,"path_per_floor":["M","M","?","?","M","R","E","?","T","M","E","M","$","M","R","B",null,"M","$","M","$","M","R","E","R","T","M","M","R","M","M","R","B",null,"M","$","?","M","?","R","E","M","T","R","?","R","?","$","R","B",null],"character_chosen":"THE_SILENT","items_purchased":["Deadly Poison","Gremlin Horn","Footwork","Good Instincts","DollysMirror"],"campfire_rested":2,"item_purchase_floors":[13,36,48,48,48],"current_hp_per_floor":[57,47,33,30,28,49,17,17,17,29,33,38,38,38,38,16,57,39,39,44,44,42,42,44,44,44,40,45,45,47,47,47,34,61,45,45,45,40,65,65,19,31,31,52,52,52,52,52,52,24],"gold":128,"neow_bonus":"ONE_RARE_RELIC","is_prod":false,"is_daily":false,"chose_seed":false,"campfire_upgraded":8,"win_rate":0,"timestamp":1556748673,"path_taken":["M","M","?","?","?","R","E","?","T","M","E","M","$","M","R","BOSS","M","$","M","$","M","R","E","R","T","M","?","R","M","M","R","BOSS","M","$","?","?","?","R","E","M","T","R","?","R","?","$","R","BOSS"],"build_version":"2019-01-23","purchased_purges":3,"victory":true,"max_hp_per_floor":[70,70,70,70,70,70,70,70,70,70,70,70,70,70,70,70,70,70,70,70,70,70,70,70,70,70,70,70,70,70,70,70,70,70,70,70,70,70,70,70,70,70,70,70,66,66,66,66,66,66],"card_choices":[{"not_picked":["Deadly Poison","Quick Slash"],"picked":"Footwork","floor":1.0},{"not_picked":["Underhanded Strike","Cloak And Dagger"],"picked":"Poisoned Stab","floor":2.0},{"not_picked":["Finisher","Masterful Stab"],"picked":"Backflip","floor":5.0},{"not_picked":["Blur","Backflip"],"picked":"Dodge and Roll","floor":7.0},{"not_picked":["Bane","Prepared"],"picked":"Cloak And Dagger","floor":10.0},{"not_picked":["Deflect","Underhanded Strike"],"picked":"PiercingWail","floor":11.0},{"not_picked":["PiercingWail","Sucker Punch"],"picked":"Wraith Form v2","floor":12.0},{"not_picked":["Bane","Eviscerate","Prepared"],"picked":"SKIP","floor":14.0},{"not_picked":["After Image","Wraith Form v2"],"picked":"Malaise","floor":16.0},{"not_picked":["Dodge and Roll","Deflect"],"picked":"Backstab","floor":17.0},{"not_picked":["Dodge and Roll","Dagger Throw"],"picked":"Slice","floor":17.0},{"not_picked":["Envenom","Dash"],"picked":"Dagger Spray","floor":17.0},{"not_picked":["Distraction","Dagger Throw"],"picked":"Infinite Blades","floor":17.0},{"not_picked":["Dagger Spray","Prepared"],"picked":"PiercingWail","floor":17.0},{"not_picked":["Outmaneuver","Cloak And Dagger"],"picked":"Crippling Poison","floor":18.0},{"not_picked":["Quick Slash+1","Dagger Throw"],"picked":"Noxious Fumes","floor":20.0},{"not_picked":["Sucker Punch","PiercingWail","Expertise"],"picked":"SKIP","floor":22.0},{"not_picked":["PiercingWail","Leg Sweep"],"picked":"Bouncing Flask","floor":24.0},{"not_picked":["Underhanded Strike+1","Blade Dance","Poisoned Stab"],"picked":"SKIP","floor":27.0},{"not_picked":["Dodge and Roll","Cloak And Dagger","Deadly Poison"],"picked":"SKIP","floor":28.0},{"not_picked":["Flying Knee","Cloak And Dagger+1"],"picked":"Bullet Time","floor":30.0},{"not_picked":["Deflect","Blade Dance"],"picked":"Backflip+1","floor":31.0},{"not_picked":["Adrenaline","Envenom"],"picked":"Burst","floor":33.0},{"not_picked":["Masterful Stab","Blur+1","Poisoned Stab"],"picked":"SKIP","floor":35.0},{"not_picked":["Outmaneuver","Dash+1","Leg Sweep"],"picked":"SKIP","floor":38.0},{"not_picked":["Quick Slash","Outmaneuver","Doppelganger"],"picked":"SKIP","floor":41.0},{"not_picked":["Poisoned Stab+1","Sucker Punch","Slice"],"picked":"SKIP","floor":42}],"player_experience":356074,"relics_obtained":[{"floor":7.0,"key":"Pantograph"},{"floor":9.0,"key":"Meat on the Bone"},{"floor":11.0,"key":"Happy Flower"},{"floor":24.0,"key":"Tingsha"},{"floor":26.0,"key":"Lantern"},{"floor":37.0,"key":"WingedGreaves"},{"floor":39.0,"key":"Old Coin"},{"floor":41.0,"key":"Du-Vu Doll"},{"floor":43,"key":"Paper Crane"}],"event_choices":[{"damage_healed":0.0,"max_hp_gain":0.0,"max_hp_loss":0.0,"gold_gain":0.0,"event_name":"Shining Light","player_choice":"Entered Light","floor":3.0,"gold_loss":0.0,"damage_taken":14.0,"cards_upgraded":["Defend_G","Strike_G"]},{"damage_healed":0.0,"max_hp_gain":0.0,"max_hp_loss":0.0,"gold_gain":0.0,"event_name":"Scrap Ooze","player_choice":"Fled","floor":4.0,"gold_loss":0.0,"damage_taken":3.0},{"damage_healed":0.0,"max_hp_gain":0.0,"max_hp_loss":0.0,"gold_gain":0.0,"event_name":"Accursed Blacksmith","player_choice":"Forge","floor":8.0,"gold_loss":0.0,"damage_taken":0.0,"cards_upgraded":["Footwork"]},{"damage_healed":0.0,"max_hp_gain":0.0,"max_hp_loss":0.0,"gold_gain":0.0,"event_name":"Wheel of Change","player_choice":"Relic","floor":37.0,"gold_loss":0.0,"damage_taken":0.0},{"damage_healed":0.0,"max_hp_gain":0.0,"max_hp_loss":0.0,"gold_gain":0.0,"event_name":"MindBloom","player_choice":"Fight","floor":39.0,"gold_loss":0.0,"damage_taken":0.0},{"damage_healed":0,"gold_gain":0,"player_choice":"Max HP","damage_taken":0,"max_hp_gain":0,"max_hp_loss":4,"event_name":"Winding Halls","floor":45,"gold_loss":0},{"damage_healed":0,"gold_gain":0,"player_choice":"Ignored","damage_taken":0,"max_hp_gain":0,"max_hp_loss":0,"event_name":"Mysterious Sphere","floor":47,"gold_loss":0}],"is_beta":false,"boss_relics":[{"not_picked":["WristBlade","Philosopher\u0027s Stone"],"picked":"Orrery"},{"not_picked":["Busted Crown","Eternal Feather"],"picked":"Runic Pyramid"}],"items_purged_floors":[13,19,48],"is_endless":false,"potions_floor_spawned":[1,10,14,16,24,31,33,38,39],"ascension_level":12}