{"gold_per_floor":[116,132,132,82,102,176,191,191,216,216,391,391,22,58,58,58],"floor_reached":16,"playtime":406,"items_purged":["Doubt"],"score":173,"play_id":"81648d21-e2dd-4fd2-a53f-817288c063f8","local_time":"20190428141458","is_ascension_mode":true,"campfire_choices":[{"floor":8,"key":"REST"},{"floor":12,"key":"REST"},{"data":"White Noise","floor":15,"key":"SMITH"}],"neow_cost":"NONE","seed_source_timestamp":81566701990914,"circlet_count":0,"master_deck":["AscendersBane","Strike_B","Strike_B","Defend_B","Defend_B+1","Defend_B","Defend_B","Zap","Dualcast+1","Lockon","Coolheaded","Doom and Gloom","Capacitor","White Noise+1","Amplify","Undo"],"relics":["Cracked Core","Golden Idol","Tiny Chest","DataDisk","Lantern","Potion Belt"],"potions_floor_usage":[6,7,16],"damage_taken":[{"damage":7,"enemies":"Jaw Worm","floor":1,"turns":3},{"damage":6,"enemies":"2 Louse","floor":2,"turns":2},{"damage":10,"enemies":"Small Slimes","floor":5,"turns":3},{"damage":18,"enemies":"3 Sentries","floor":6,"turns":5},{"damage":24,"enemies":"2 Fungi Beasts","floor":7,"turns":4},{"damage":15,"enemies":"Lagavulin","floor":14,"turns":8},{"damage":15,"enemies":"Hexaghost","floor":16,"turns":9}],"seed_played":"-319407743747532611","potions_obtained":[{"floor":2,"key":"SpeedPotion"},{"floor":6,"key":"SpeedPotion"},{"floor":14,"key":"Poison Potion"}],"is_trial":false,"path_per_floor":["M","M","?","?","M","E","M","R","T","?","?","R","$","E","R","B"],"character_chosen":"DEFECT","items_purchased":["Lantern","Amplify"],"campfire_rested":2,"item_purchase_floors":[13,13],"current_hp_per_floor":[61,55,55,55,45,27,3,23,23,9,9,29,29,14,14,0],"gold":58,"neow_bonus":"TRANSFORM_CARD","is_prod":false,"is_daily":false,"chose_seed":false,"campfire_upgraded":1,"win_rate":0,"timestamp":1556478898,"path_taken":["M","M","?","?","M","E","?","R","T","?","?","R","$","E","R","BOSS"],"build_version":"2019-01-23","purchased_purges":1,"victory":false,"max_hp_per_floor":[75,75,69,69,69,69,69,69,69,69,69,69,69,69,69,69],"card_choices":[{"not_picked":["Gash","Conserve Battery"],"picked":"Coolheaded","floor":1},{"not_picked":["Scrape","Lockon"],"picked":"Doom and Gloom","floor":2},{"not_picked":["Doom and Gloom","Stack","Force Field"],"picked":"SKIP","floor":5},{"not_picked":["Auto Shields","Compile Driver"],"picked":"Capacitor","floor":6},{"not_picked":["Gash","Redo"],"picked":"White Noise","floor":7},{"not_picked":["Go for the Eyes","Meteor Strike"],"picked":"Undo","floor":14}],"player_experience":334721,"relics_obtained":[{"floor":6,"key":"Tiny Chest"},{"floor":9,"key":"DataDisk"},{"floor":14,"key":"Potion Belt"}],"event_choices":[{"damage_healed":0,"gold_gain":0,"player_choice":"Lose Max HP","damage_taken":0,"relics_obtained":["Golden Idol"],"max_hp_gain":0,"max_hp_loss":6,"event_name":"Golden Idol","floor":3,"gold_loss":0},{"cards_removed":["Strike_B"],"damage_healed":0,"gold_gain":0,"player_choice":"Card Removal","damage_taken":0,"max_hp_gain":0,"max_hp_loss":0,"event_name":"The Cleric","floor":4,"gold_loss":50},{"damage_healed":0,"gold_gain":0,"player_choice":"Entered Light","damage_taken":14,"max_hp_gain":0,"max_hp_loss":0,"event_name":"Shining Light","floor":10,"gold_loss":0,"cards_upgraded":["Dualcast","Defend_B"]},{"damage_healed":0,"gold_gain":175,"player_choice":"AGREE","damage_taken":0,"max_hp_gain":0,"max_hp_loss":0,"event_name":"Liars Game","floor":11,"gold_loss":0,"cards_obtained":["Doubt"]}],"is_beta":false,"boss_relics":[],"items_purged_floors":[13],"is_endless":false,"potions_floor_spawned":[2,6,14],"killed_by":"Hexaghost","ascension_level":12}