{"gold_per_floor":[115,128,147,22,35,35,46,46,118,128,128,140],"floor_reached":12,"playtime":1099,"items_purged":["Defend_R"],"score":74,"play_id":"0839c697-2a1a-442c-a3e7-fea568432b11","local_time":"20190515224636","is_ascension_mode":false,"campfire_choices":[{"data":"Body Slam","floor":6,"key":"SMITH"},{"data":"Bash","floor":8,"key":"SMITH"}],"neow_cost":"NONE","seed_source_timestamp":83391546711046,"circlet_count":0,"master_deck":["Strike_R","Strike_R","Strike_R","Strike_R","Strike_R","Defend_R","Defend_R","Defend_R","Bash+1","Impervious","Warcry","Whirlwind","Shrug It Off","Body Slam+1","Shockwave"],"relics":["Burning Blood","Mercury Hourglass","StoneCalendar"],"potions_floor_usage":[],"damage_taken":[{"damage":0,"enemies":"Small Slimes","floor":1,"turns":3},{"damage":10,"enemies":"Jaw Worm","floor":2,"turns":4},{"damage":5,"enemies":"2 Louse","floor":3,"turns":4},{"damage":4,"enemies":"Exordium Wildlife","floor":5,"turns":4},{"damage":7,"enemies":"Large Slime","floor":7,"turns":8},{"damage":25,"enemies":"Lots of Slimes","floor":10,"turns":4},{"damage":14,"enemies":"Gremlin Gang","floor":12,"turns":3}],"seed_played":"956280369176563809","potions_obtained":[{"floor":2,"key":"EssenceOfSteel"},{"floor":3,"key":"GamblersBrew"},{"floor":5,"key":"Weak Potion"}],"is_trial":false,"path_per_floor":["M","M","M","$","M","R","M","R","T","M","?","M"],"character_chosen":"IRONCLAD","items_purchased":["Shrug It Off"],"campfire_rested":0,"item_purchase_floors":[4],"current_hp_per_floor":[80,76,77,77,79,79,78,78,78,59,41,33],"gold":140,"neow_bonus":"ONE_RANDOM_RARE_CARD","is_prod":false,"is_daily":false,"chose_seed":false,"campfire_upgraded":2,"win_rate":0,"timestamp":1557985596,"path_taken":["M","M","M","$","M","R","M","R","T","M","?","M"],"build_version":"2019-01-23","purchased_purges":1,"victory":false,"max_hp_per_floor":[80,80,80,80,80,80,80,80,80,80,80,80],"card_choices":[{"not_picked":["Thunderclap","Wild Strike"],"picked":"Warcry","floor":1},{"not_picked":["Flame Barrier","Perfected Strike","Heavy Blade"],"picked":"SKIP","floor":2},{"not_picked":["Dropkick","Rupture"],"picked":"Whirlwind","floor":3},{"not_picked":["Whirlwind","Sword Boomerang"],"picked":"Body Slam","floor":5},{"not_picked":["Clash","Anger","Evolve"],"picked":"SKIP","floor":7},{"not_picked":["Corruption","Clothesline","Anger"],"picked":"SKIP","floor":10},{"not_picked":["Shrug It Off","Power Through"],"picked":"Shockwave","floor":12}],"player_experience":62005,"relics_obtained":[{"floor":9,"key":"Mercury Hourglass"}],"event_choices":[{"damage_healed":0,"gold_gain":0,"player_choice":"Success","damage_taken":18,"relics_obtained":["StoneCalendar"],"max_hp_gain":0,"max_hp_loss":0,"event_name":"Scrap Ooze","floor":11,"gold_loss":0}],"is_beta":false,"boss_relics":[],"items_purged_floors":[4],"is_endless":false,"potions_floor_spawned":[2,3,5,7],"killed_by":"Gremlin Gang","ascension_level":0}