{"gold_per_floor":[116,116,266,108,108,142,162,162,162,162,162,182,210,32,32,107,107,127,145,145,145,145],"floor_reached":22,"playtime":594,"items_purged":["Doubt","Strike_G"],"score":361,"play_id":"311601a2-44a7-4bf0-9886-56ebedb45d3d","local_time":"20190521154511","is_ascension_mode":true,"campfire_choices":[{"data":"Crippling Poison","floor":8.0,"key":"SMITH"},{"floor":10.0,"key":"REST"},{"data":"Noxious Fumes","floor":15.0,"key":"SMITH"}],"neow_cost":"NONE","seed_source_timestamp":34374685869283,"circlet_count":0,"master_deck":["AscendersBane","Defend_G","Defend_G","Defend_G","Defend_G","Defend_G","Strike_G","Strike_G","Strike_G","Survivor","Neutralize","Doppelganger","Flying Knee","Footwork","All Out Attack","Crippling Poison+1","Parasite","Catalyst","Deadly Poison","Noxious Fumes+1","Tools of the Trade","PiercingWail","Riddle With Holes+1"],"special_seed":0,"relics":["Ring of the Snake","Torii","The Specimen","Vajra","Pocketwatch"],"potions_floor_usage":[19,19],"damage_taken":[{"damage":5.0,"enemies":"Small Slimes","floor":1.0,"turns":5.0},{"damage":42.0,"enemies":"3 Sentries","floor":6.0,"turns":18.0},{"damage":1.0,"enemies":"2 Louse","floor":7.0,"turns":3.0},{"damage":8.0,"enemies":"Cultist","floor":12.0,"turns":4.0},{"damage":29.0,"enemies":"Gremlin Nob","floor":13.0,"turns":4.0},{"damage":3.0,"enemies":"Hexaghost","floor":16.0,"turns":8.0},{"damage":15,"enemies":"Chosen","floor":18,"turns":5},{"damage":20,"enemies":"Spheric Guardian","floor":19,"turns":6},{"damage":34,"enemies":"Shelled Parasite and Fungi","floor":22,"turns":3}],"seed_played":"1964195048247163430","potions_obtained":[{"floor":6.0,"key":"EssenceOfSteel"},{"floor":12.0,"key":"PowerPotion"},{"floor":13.0,"key":"EssenceOfSteel"}],"is_trial":false,"path_per_floor":["M","?","?","$","?","E","M","R","T","R","?","M","E","$","R","B",null,"M","M","?","?","M"],"character_chosen":"THE_SILENT","items_purchased":["Footwork","Noxious Fumes"],"campfire_rested":1,"item_purchase_floors":[4,14],"current_hp_per_floor":[54,47,47,47,66,24,23,23,23,42,58,50,21,21,21,18,54,39,19,19,19,0],"gold":145,"neow_bonus":"ONE_RANDOM_RARE_CARD","is_prod":false,"is_daily":false,"chose_seed":false,"campfire_upgraded":2,"win_rate":0,"timestamp":1558471511,"path_taken":["M","?","?","$","?","E","M","R","T","R","?","M","E","?","R","BOSS","M","M","?","?","M"],"build_version":"2019-01-23","purchased_purges":2,"victory":false,"max_hp_per_floor":[66,66,66,66,66,66,66,66,66,66,66,66,66,66,66,66,66,66,66,66,66,66],"card_choices":[{"not_picked":["Caltrops","Slice"],"picked":"Flying Knee","floor":1.0},{"not_picked":["Deflect","Outmaneuver"],"picked":"All Out Attack","floor":6.0},{"not_picked":["Poisoned Stab","Quick Slash"],"picked":"Crippling Poison","floor":7.0},{"not_picked":["Sucker Punch","Bane"],"picked":"Catalyst","floor":12.0},{"not_picked":["Footwork","Glass Knife"],"picked":"Deadly Poison","floor":13.0},{"not_picked":["Doppelganger","Unload"],"picked":"Tools of the Trade","floor":16.0},{"not_picked":["Underhanded Strike","Predator"],"picked":"PiercingWail","floor":18},{"not_picked":["Crippling Poison","Skewer"],"picked":"Riddle With Holes+1","floor":19}],"player_experience":442099,"relics_obtained":[{"floor":6.0,"key":"Torii"},{"floor":9.0,"key":"The Specimen"},{"floor":13.0,"key":"Vajra"}],"event_choices":[{"cards_removed":["Strike_G"],"damage_healed":0.0,"max_hp_gain":0.0,"max_hp_loss":0.0,"gold_gain":0.0,"event_name":"Golden Wing","player_choice":"Card Removal","floor":2.0,"gold_loss":0.0,"damage_taken":7.0},{"damage_healed":0.0,"max_hp_gain":0.0,"max_hp_loss":0.0,"gold_gain":150.0,"event_name":"Liars Game","player_choice":"AGREE","floor":3.0,"gold_loss":0.0,"damage_taken":0.0,"cards_obtained":["Doubt"]},{"damage_healed":22.0,"max_hp_gain":0.0,"max_hp_loss":0.0,"gold_gain":0.0,"event_name":"Big Fish","player_choice":"Banana","floor":5.0,"gold_loss":0.0,"damage_taken":0.0},{"damage_healed":16.0,"max_hp_gain":0.0,"max_hp_loss":0.0,"gold_gain":0.0,"event_name":"Mushrooms","player_choice":"Healed and dodged fight","floor":11.0,"gold_loss":0.0,"damage_taken":0.0,"cards_obtained":["Parasite"]},{"damage_healed":0,"gold_gain":0,"player_choice":"Opened","damage_taken":0,"relics_obtained":["Pocketwatch"],"max_hp_gain":0,"max_hp_loss":0,"event_name":"The Mausoleum","floor":20,"gold_loss":0,"cards_obtained":["Writhe"]},{"cards_removed":["Writhe"],"damage_healed":0,"gold_gain":0,"player_choice":"Purged","damage_taken":0,"max_hp_gain":0,"max_hp_loss":0,"event_name":"Purifier","floor":21,"gold_loss":0}],"is_beta":false,"boss_relics":[{"not_picked":["Coffee Dripper","Pandora\u0027s Box","Runic Pyramid"]}],"items_purged_floors":[4,14],"is_endless":false,"potions_floor_spawned":[6,12,13],"killed_by":"Shelled Parasite and Fungi","ascension_level":18}