{"gold_per_floor":[118,128,128,128,147,147,147,168,168,168],"floor_reached":10,"playtime":467,"items_purged":[],"score":58,"play_id":"99fc0c9e-0cc4-437f-878c-57a8d0bb56e4","local_time":"20190523215915","is_ascension_mode":false,"campfire_choices":[{"data":"Enlightenment","floor":7,"key":"SMITH"}],"neow_cost":"NONE","seed_source_timestamp":298023909914600,"circlet_count":0,"master_deck":["Strike_B","Strike_B","Strike_B","Strike_B","Defend_B","Defend_B","Defend_B","Defend_B","Zap","Dualcast","Multi-Cast","Sweeping Beam","Darkness","Force Field","Barrage","Enlightenment+1","Turbo"],"relics":["Cracked Core","Golden Idol","StoneCalendar"],"potions_floor_usage":[8,10],"damage_taken":[{"damage":17,"enemies":"Small Slimes","floor":1,"turns":3},{"damage":14,"enemies":"2 Louse","floor":2,"turns":2},{"damage":1,"enemies":"Cultist","floor":5,"turns":3},{"damage":21,"enemies":"Gremlin Gang","floor":8,"turns":6},{"damage":11,"enemies":"Lots of Slimes","floor":10,"turns":2}],"seed_played":"-3666249795184745076","potions_obtained":[{"floor":1,"key":"Fire Potion"},{"floor":2,"key":"SpeedPotion"}],"is_trial":false,"path_per_floor":["M","M","?","?","M","?","R","M","T","M"],"character_chosen":"DEFECT","items_purchased":[],"campfire_rested":0,"item_purchase_floors":[],"current_hp_per_floor":[58,44,26,31,30,30,30,9,9,0],"gold":168,"neow_bonus":"ONE_RANDOM_RARE_CARD","is_prod":false,"is_daily":false,"chose_seed":false,"campfire_upgraded":1,"win_rate":0.0,"timestamp":1558663155,"path_taken":["M","M","?","?","M","?","R","?","T","M"],"build_version":"2019-01-23","purchased_purges":0,"victory":false,"max_hp_per_floor":[75,75,75,80,80,80,80,80,80,80],"card_choices":[{"not_picked":["Reprogram","Beam Cell"],"picked":"Sweeping Beam","floor":1},{"not_picked":["Ball Lightning","Scrape"],"picked":"Darkness","floor":2},{"not_picked":["Conserve Battery","Genetic Algorithm"],"picked":"Force Field","floor":5},{"not_picked":["Hologram","Consume"],"picked":"Turbo","floor":8}],"player_experience":13686,"relics_obtained":[{"floor":9,"key":"StoneCalendar"}],"event_choices":[{"damage_healed":0,"gold_gain":0,"player_choice":"Take Damage","damage_taken":18,"relics_obtained":["Golden Idol"],"max_hp_gain":0,"max_hp_loss":0,"event_name":"Golden Idol","floor":3,"gold_loss":0},{"damage_healed":0,"gold_gain":0,"player_choice":"Donut","damage_taken":0,"max_hp_gain":5,"max_hp_loss":0,"event_name":"Big Fish","floor":4,"gold_loss":0},{"damage_healed":0,"gold_gain":0,"player_choice":"2 cards matched","damage_taken":0,"max_hp_gain":0,"max_hp_loss":0,"event_name":"Match and Keep!","floor":6,"gold_loss":0,"cards_obtained":["Barrage","Enlightenment"]}],"is_beta":false,"boss_relics":[],"items_purged_floors":[],"is_endless":false,"potions_floor_spawned":[1,2],"killed_by":"Lots of Slimes","ascension_level":0}