{"gold_per_floor":[110,110,27,44,94,120,136,136,186,214,226,238,275,287,299,384,396,418,430,357,384,93,93,93,93],"floor_reached":25,"playtime":568,"items_purged":["Strike_B"],"score":441,"play_id":"e0621b79-17a2-4282-97d4-25ab376d941c","local_time":"20190515142022","is_ascension_mode":true,"campfire_choices":[{"data":"Sunder","floor":8,"key":"SMITH"},{"data":"Zap","floor":11,"key":"SMITH"},{"data":"Capacitor","floor":15,"key":"SMITH"},{"floor":23,"key":"REST"}],"neow_cost":"NONE","seed_source_timestamp":42514032856177,"circlet_count":0,"master_deck":["AscendersBane","Strike_B+1","Strike_B+1","Defend_B+1","Defend_B+1","Defend_B+1","Defend_B+1","Zap+1","Dualcast+1","Coolheaded","Capacitor+1","Sweeping Beam","Leap","Sunder+1","Self Repair+1","Ball Lightning","Multi-Cast+1","Coolheaded","Static Discharge+1","Conserve Battery"],"relics":["Cracked Core","NeowsBlessing","Juzu Bracelet","MawBank","Happy Flower","Sozu","Frozen Egg 2","War Paint"],"potions_floor_usage":[16,21],"damage_taken":[{"damage":0,"enemies":"Small Slimes","floor":1,"turns":1},{"damage":0,"enemies":"Cultist","floor":4,"turns":1},{"damage":0,"enemies":"3 Sentries","floor":6,"turns":1},{"damage":1,"enemies":"2 Louse","floor":7,"turns":4},{"damage":12,"enemies":"Gremlin Gang","floor":10,"turns":6},{"damage":21,"enemies":"Lagavulin","floor":13,"turns":7},{"damage":36,"enemies":"Hexaghost","floor":16,"turns":10},{"damage":35,"enemies":"Shell Parasite","floor":18,"turns":8},{"damage":31,"enemies":"Chosen","floor":21,"turns":4},{"damage":37,"enemies":"Slavers","floor":25,"turns":3}],"seed_played":"-1442542979339025389","potions_obtained":[{"floor":1,"key":"Energy Potion"},{"floor":10,"key":"Block Potion"},{"floor":16,"key":"Explosive Potion"}],"is_trial":false,"path_per_floor":["M","?","$","M","?","E","M","R","T","M","R","?","E","?","R","B",null,"M","?","?","M","$","R","?","E"],"character_chosen":"DEFECT","items_purchased":["Capacitor","War Paint","Conserve Battery"],"campfire_rested":1,"item_purchase_floors":[3,22,22],"current_hp_per_floor":[64,64,64,64,64,64,63,63,63,51,51,51,40,40,40,14,57,32,32,32,11,11,32,32,0],"gold":93,"neow_bonus":"THREE_ENEMY_KILL","is_prod":false,"is_daily":false,"chose_seed":false,"campfire_upgraded":3,"win_rate":0,"timestamp":1557948022,"path_taken":["M","?","?","M","?","E","M","R","T","M","R","?","E","?","R","BOSS","M","?","?","M","$","R","?","E"],"build_version":"2019-01-23","purchased_purges":1,"victory":false,"max_hp_per_floor":[71,71,71,71,71,71,71,71,71,71,71,71,71,71,71,71,71,71,71,71,71,71,71,71,71],"card_choices":[{"not_picked":["Aggregate","Rebound"],"picked":"Coolheaded","floor":1},{"not_picked":["Conserve Battery","Turbo"],"picked":"Sweeping Beam","floor":4},{"not_picked":["Gash","Beam Cell"],"picked":"Leap","floor":6},{"not_picked":["Streamline","Coolheaded"],"picked":"Sunder","floor":7},{"not_picked":["Stack","Chill"],"picked":"Self Repair","floor":10},{"not_picked":["Rebound","Gash"],"picked":"Ball Lightning","floor":13},{"not_picked":["Meteor Strike","All For One"],"picked":"Multi-Cast","floor":16},{"not_picked":["Melter","Chaos"],"picked":"Coolheaded","floor":18},{"not_picked":["Chaos","Undo"],"picked":"Static Discharge+1","floor":21}],"player_experience":424697,"relics_obtained":[{"floor":6,"key":"Juzu Bracelet"},{"floor":9,"key":"MawBank"},{"floor":13,"key":"Happy Flower"}],"event_choices":[{"cards_removed":["Strike_B"],"damage_healed":0,"gold_gain":0,"player_choice":"Purged","damage_taken":0,"max_hp_gain":0,"max_hp_loss":0,"event_name":"Purifier","floor":2,"gold_loss":0},{"damage_healed":0,"gold_gain":50,"player_choice":"Pray","damage_taken":0,"max_hp_gain":0,"max_hp_loss":0,"event_name":"Golden Shrine","floor":5,"gold_loss":0},{"damage_healed":0,"gold_gain":0,"player_choice":"Grow","damage_taken":0,"max_hp_gain":0,"max_hp_loss":0,"event_name":"Living Wall","floor":12,"gold_loss":0,"cards_upgraded":["Self Repair"]},{"damage_healed":0,"gold_gain":0,"player_choice":"Got Potions","damage_taken":0,"max_hp_gain":0,"max_hp_loss":0,"event_name":"Lab","floor":14,"gold_loss":0},{"damage_healed":0,"gold_gain":0,"player_choice":"Ignored","damage_taken":0,"max_hp_gain":0,"max_hp_loss":0,"event_name":"Cursed Tome","floor":19,"gold_loss":0},{"damage_healed":0,"gold_gain":0,"player_choice":"Obtained Relic","damage_taken":0,"relics_obtained":["Frozen Egg 2"],"max_hp_gain":0,"max_hp_loss":0,"event_name":"Addict","floor":20,"gold_loss":85},{"damage_healed":0,"gold_gain":0,"player_choice":"Simplicity","damage_taken":0,"max_hp_gain":0,"max_hp_loss":0,"event_name":"Back to Basics","floor":24,"gold_loss":0,"cards_upgraded":["Strike_B","Strike_B","Defend_B","Defend_B","Defend_B","Defend_B"]}],"is_beta":false,"boss_relics":[{"not_picked":["Orrery","FrozenCore"],"picked":"Sozu"}],"items_purged_floors":[22],"is_endless":false,"potions_floor_spawned":[1,10,13,16,21],"killed_by":"Slavers","ascension_level":18}