{"gold_per_floor":[113,113,11,286,44,79,79,97,97,126,276,276,294,328,328,328],"floor_reached":16,"playtime":330,"items_purged":["Regret"],"score":268,"play_id":"2f4fdc50-48dd-4ad9-a614-b27ca5d6d6b4","local_time":"20190521155226","is_ascension_mode":true,"campfire_choices":[{"data":"Bullet Time","floor":7,"key":"SMITH"},{"floor":15,"key":"REST"}],"neow_cost":"NONE","seed_source_timestamp":35359661023679,"circlet_count":0,"master_deck":["AscendersBane","Defend_G","Defend_G","Defend_G","Defend_G","Defend_G","Strike_G","Strike_G","Strike_G","Strike_G","Strike_G","Survivor","Neutralize+1","Deflect","Flying Knee","Backflip","Bullet Time+1","Deadly Poison","Poisoned Stab+1","Dagger Spray+1","Doubt","Prepared","Acrobatics"],"relics":["Ring of the Snake","NeowsBlessing","Molten Egg 2","Darkstone Periapt","Blue Candle","Dodecahedron","Mummified Hand"],"potions_floor_usage":[10,16],"damage_taken":[{"damage":0,"enemies":"Cultist","floor":1,"turns":1},{"damage":0,"enemies":"Lagavulin","floor":6,"turns":1},{"damage":0,"enemies":"2 Louse","floor":8,"turns":1},{"damage":30,"enemies":"Gremlin Nob","floor":10,"turns":4},{"damage":0,"enemies":"Jaw Worm","floor":13,"turns":2},{"damage":32,"enemies":"Lagavulin","floor":14,"turns":7},{"damage":30,"enemies":"Slime Boss","floor":16,"turns":8}],"seed_played":"4861932642458520700","potions_obtained":[{"floor":1,"key":"Energy Potion"},{"floor":6,"key":"AttackPotion"},{"floor":13,"key":"GamblersBrew"}],"is_trial":false,"path_per_floor":["M","?","$","?","$","E","R","M","T","E","?","T","M","E","R","B"],"character_chosen":"THE_SILENT","items_purchased":["Flying Knee","Backflip","Bullet Time"],"campfire_rested":1,"item_purchase_floors":[3,3,5],"current_hp_per_floor":[59,59,59,59,59,59,59,59,59,29,35,35,35,3,24,0],"gold":328,"neow_bonus":"THREE_ENEMY_KILL","is_prod":false,"is_daily":false,"chose_seed":false,"campfire_upgraded":1,"win_rate":0,"timestamp":1558471946,"path_taken":["M","?","?","?","$","E","R","?","T","E","?","?","M","E","R","BOSS"],"build_version":"2019-01-23","purchased_purges":1,"victory":false,"max_hp_per_floor":[66,66,66,66,66,66,66,66,66,66,72,72,72,72,72,72],"card_choices":[{"not_picked":["Riddle With Holes","Terror"],"picked":"Deflect","floor":1},{"not_picked":["Dagger Throw","Underhanded Strike"],"picked":"Deadly Poison","floor":6},{"not_picked":["Accuracy","Flechettes+1"],"picked":"Poisoned Stab+1","floor":8},{"not_picked":["Backflip","Cloak And Dagger"],"picked":"Dagger Spray+1","floor":10},{"not_picked":["Blade Dance","Slice+1"],"picked":"Prepared","floor":13},{"not_picked":["Slice+1","Dodge and Roll"],"picked":"Acrobatics","floor":14}],"player_experience":442781,"relics_obtained":[{"floor":6,"key":"Molten Egg 2"},{"floor":9,"key":"Darkstone Periapt"},{"floor":10,"key":"Blue Candle"},{"floor":12,"key":"Dodecahedron"},{"floor":14,"key":"Mummified Hand"}],"event_choices":[{"damage_healed":0,"gold_gain":0,"player_choice":"Upgraded","damage_taken":0,"max_hp_gain":0,"max_hp_loss":0,"event_name":"Upgrade Shrine","floor":2,"gold_loss":0,"cards_upgraded":["Neutralize"]},{"damage_healed":0,"gold_gain":275,"player_choice":"Desecrate","damage_taken":0,"max_hp_gain":0,"max_hp_loss":0,"event_name":"Golden Shrine","floor":4,"gold_loss":0,"cards_obtained":["Regret"]},{"damage_healed":0,"gold_gain":150,"player_choice":"AGREE","damage_taken":0,"max_hp_gain":0,"max_hp_loss":0,"event_name":"Liars Game","floor":11,"gold_loss":0,"cards_obtained":["Doubt"]}],"is_beta":false,"boss_relics":[],"items_purged_floors":[5],"is_endless":false,"potions_floor_spawned":[1,6,13],"killed_by":"Slime Boss","ascension_level":18}