{"gold_per_floor":[109,109,10,21,21,65,65,65,65,106,64,108,108,129,129,223,223,244,118,168,83,39,78,78,118,170,188,203,253,273,296,296,395,395,409,309,324,337,40,40,79,79,79,79,412,92,92,105,105,105],"floor_reached":50,"playtime":1708,"items_purged":["Strike_B","Strike_B","Strike_B"],"score":1273,"play_id":"790c6114-9a9c-4d16-a76d-d89a7cc866ee","local_time":"20190527021702","is_ascension_mode":true,"campfire_choices":[{"data":"Defragment","floor":7.0,"key":"SMITH"},{"floor":8.0,"key":"REST"},{"floor":13.0,"key":"REST"},{"data":"Double Energy","floor":15.0,"key":"SMITH"},{"floor":24.0,"key":"REST"},{"data":"Seek","floor":32.0,"key":"SMITH"},{"data":"Loop","floor":40.0,"key":"SMITH"},{"data":"Consume","floor":42.0,"key":"SMITH"},{"floor":49.0,"key":"REST"}],"neow_cost":"NONE","seed_source_timestamp":503363809415206,"circlet_count":0,"master_deck":["AscendersBane","Defend_B","Defend_B","Defend_B","Defend_B","Zap","Dualcast+1","Steam+1","Defragment+1","Genetic Algorithm","Streamline","Coolheaded","Loop+1","Capacitor+1","Double Energy+1","Electrodynamics+1","Multi-Cast","Tempest","Hologram","Self Repair+1","Seek+1","Coolheaded","Glacier+1","Capacitor+1","Coolheaded","Undo","Seek","Leap+1","Static Discharge+1","Consume+1","Loop+1"],"special_seed":0,"relics":["Cracked Core","Dream Catcher","WingedGreaves","Ice Cream","Incense Burner","Frozen Egg 2","Sozu","Kunai","War Paint","Du-Vu Doll","Oddly Smooth Stone","Nuclear Battery","Juzu Bracelet","Molten Egg 2","Bottled Tornado"],"potions_floor_usage":[],"damage_taken":[{"damage":4.0,"enemies":"Jaw Worm","floor":1.0,"turns":3.0},{"damage":5.0,"enemies":"Small Slimes","floor":4.0,"turns":5.0},{"damage":17.0,"enemies":"3 Sentries","floor":6.0,"turns":12.0},{"damage":6.0,"enemies":"Lagavulin","floor":10.0,"turns":7.0},{"damage":22.0,"enemies":"3 Sentries","floor":12.0,"turns":7.0},{"damage":0.0,"enemies":"2 Louse","floor":14.0,"turns":3.0},{"damage":0.0,"enemies":"The Guardian","floor":16.0,"turns":10.0},{"damage":16.0,"enemies":"3 Byrds","floor":18.0,"turns":4.0},{"damage":26.0,"enemies":"Slavers","floor":23.0,"turns":3.0},{"damage":0.0,"enemies":"Gremlin Leader","floor":25.0,"turns":4.0},{"damage":1.0,"enemies":"Shell Parasite","floor":27.0,"turns":7.0},{"damage":5.0,"enemies":"Centurion and Healer","floor":28.0,"turns":5.0},{"damage":0.0,"enemies":"Sentry and Sphere","floor":30.0,"turns":5.0},{"damage":5.0,"enemies":"Snake Plant","floor":31.0,"turns":5.0},{"damage":20.0,"enemies":"Collector","floor":33.0,"turns":10.0},{"damage":0.0,"enemies":"3 Darklings","floor":35.0,"turns":5.0},{"damage":0.0,"enemies":"3 Shapes","floor":37.0,"turns":4.0},{"damage":15.0,"enemies":"Transient","floor":38.0,"turns":6.0},{"damage":0.0,"enemies":"Nemesis","floor":41.0,"turns":13.0},{"damage":46.0,"enemies":"Jaw Worm Horde","floor":48.0,"turns":3.0},{"damage":44,"enemies":"Awakened One","floor":50,"turns":9}],"seed_played":"3068566011573638424","potions_obtained":[{"floor":6.0,"key":"Regen Potion"},{"floor":14.0,"key":"AttackPotion"}],"is_trial":false,"path_per_floor":["M","?","$","M","?","E","R","R","T","E","$","E","R","M","R","B",null,"M","$","?","?","$","E","R","E","T","M","M","?","M","M","R","B",null,"M","$","M","M","$","R","E","R","T","?","?","$","?","M","R","B"],"character_chosen":"DEFECT","items_purchased":["Cold Snap","Defragment","Loop","Hologram","Self Repair+1","Juzu Bracelet","Bottled Tornado","Loop+1"],"campfire_rested":4,"item_purchase_floors":[3,3,11,19,22,39,46,46],"current_hp_per_floor":[60,53,53,48,48,31,31,50,50,44,44,34,53,53,53,53,61,45,45,45,45,45,29,48,58,58,64,64,64,64,64,64,54,62,64,64,64,59,59,59,64,64,64,64,64,64,61,25,43,0],"gold":105,"neow_bonus":"RANDOM_COMMON_RELIC","is_prod":false,"is_daily":false,"chose_seed":false,"campfire_upgraded":5,"win_rate":0,"timestamp":1558941422,"path_taken":["M","?","$","M","?","E","R","R","T","E","?","E","R","M","R","BOSS","M","$","?","?","?","E","R","E","T","M","?","?","?","M","R","BOSS","M","$","M","M","$","R","E","R","T","?","?","$","?","M","R","BOSS"],"build_version":"2019-01-23","purchased_purges":3,"victory":false,"max_hp_per_floor":[71,71,71,71,64,64,64,64,64,64,64,64,64,64,64,64,64,64,64,64,64,64,64,64,64,64,64,64,64,64,64,64,64,64,64,64,64,64,64,64,64,64,64,64,64,64,61,61,61,61],"card_choices":[{"not_picked":["Stack","Go for the Eyes"],"picked":"Steam","floor":1.0},{"not_picked":["Hologram","Recycle"],"picked":"Genetic Algorithm","floor":4.0},{"not_picked":["Reprogram","FTL"],"picked":"Streamline","floor":6.0},{"not_picked":["Loop","Gash"],"picked":"Coolheaded","floor":8.0},{"not_picked":["Redo","Beam Cell","Skim"],"picked":"SKIP","floor":10.0},{"not_picked":["Darkness","Sweeping Beam"],"picked":"Capacitor","floor":12.0},{"not_picked":["Beam Cell","Rebound"],"picked":"Double Energy","floor":13.0},{"not_picked":["Streamline","Gash"],"picked":"Electrodynamics+1","floor":14.0},{"not_picked":["Core Surge","Hyperbeam"],"picked":"Multi-Cast","floor":16.0},{"not_picked":["Gash","Aggregate"],"picked":"Tempest","floor":18.0},{"not_picked":["Self Repair+1","Cold Snap"],"picked":"Seek","floor":23.0},{"not_picked":["Gash","Rebound"],"picked":"Coolheaded","floor":24.0},{"not_picked":["FTL","Gash"],"picked":"Glacier+1","floor":25.0},{"not_picked":["Ball Lightning+1","Sweeping Beam"],"picked":"Capacitor+1","floor":27.0},{"not_picked":["Turbo","Hello World+1"],"picked":"Coolheaded","floor":28.0},{"not_picked":["Chaos","Barrage","Genetic Algorithm"],"picked":"SKIP","floor":30.0},{"not_picked":["Gash+1","Beam Cell"],"picked":"Undo","floor":31.0},{"not_picked":["Meteor Strike","Reboot"],"picked":"Seek","floor":33.0},{"not_picked":["Stack","Melter+1"],"picked":"Leap+1","floor":35.0},{"not_picked":["Gash+1","Redo"],"picked":"Static Discharge+1","floor":37.0},{"not_picked":["Hologram","Rebound+1"],"picked":"Consume","floor":38.0},{"not_picked":["Compile Driver","Ball Lightning","Undo"],"picked":"SKIP","floor":41.0},{"not_picked":["Aggregate","Conserve Battery+1","Gash+1"],"picked":"SKIP","floor":48.0}],"player_experience":466033,"relics_obtained":[{"floor":6.0,"key":"WingedGreaves"},{"floor":9.0,"key":"Ice Cream"},{"floor":10.0,"key":"Incense Burner"},{"floor":12.0,"key":"Frozen Egg 2"},{"floor":23.0,"key":"War Paint"},{"floor":25.0,"key":"Du-Vu Doll"},{"floor":26.0,"key":"Oddly Smooth Stone"},{"floor":41.0,"key":"Molten Egg 2"}],"event_choices":[{"cards_removed":["Strike_B"],"damage_healed":0.0,"max_hp_gain":0.0,"max_hp_loss":0.0,"gold_gain":0.0,"event_name":"Golden Wing","player_choice":"Card Removal","floor":2.0,"gold_loss":0.0,"damage_taken":7.0},{"damage_healed":0.0,"max_hp_gain":0.0,"max_hp_loss":7.0,"gold_gain":0.0,"event_name":"Golden Idol","player_choice":"Lose Max HP","floor":5.0,"gold_loss":0.0,"damage_taken":0.0,"relics_obtained":["Golden Idol"]},{"damage_healed":0.0,"max_hp_gain":0.0,"max_hp_loss":0.0,"gold_gain":50.0,"event_name":"Nest","player_choice":"Stole From Cult","floor":20.0,"gold_loss":0.0,"damage_taken":0.0},{"damage_healed":0.0,"max_hp_gain":0.0,"max_hp_loss":0.0,"gold_gain":0.0,"event_name":"Addict","player_choice":"Obtained Relic","floor":21.0,"gold_loss":85.0,"damage_taken":0.0,"relics_obtained":["Kunai"]},{"damage_healed":0.0,"max_hp_gain":0.0,"max_hp_loss":0.0,"gold_gain":50.0,"event_name":"Golden Shrine","player_choice":"Pray","floor":29.0,"gold_loss":0.0,"damage_taken":0.0},{"cards_removed":["Cold Snap"],"damage_healed":0.0,"max_hp_gain":0.0,"max_hp_loss":0.0,"gold_gain":0.0,"event_name":"Falling","player_choice":"Removed Attack","floor":44.0,"gold_loss":0.0,"damage_taken":0.0},{"damage_healed":0.0,"max_hp_gain":0.0,"max_hp_loss":0.0,"gold_gain":333.0,"event_name":"The Moai Head","player_choice":"Gave Idol","floor":45.0,"relics_lost":["Golden Idol"],"gold_loss":0.0,"damage_taken":0.0},{"damage_healed":0.0,"max_hp_gain":0.0,"max_hp_loss":3.0,"gold_gain":0.0,"event_name":"Winding Halls","player_choice":"Max HP","floor":47.0,"gold_loss":0.0,"damage_taken":0.0}],"is_beta":false,"boss_relics":[{"not_picked":["Ectoplasm","Tiny House"],"picked":"Sozu"},{"not_picked":["Astrolabe","Velvet Choker"],"picked":"Nuclear Battery"}],"items_purged_floors":[19,36,39],"is_endless":false,"potions_floor_spawned":[6,14,25,27,30,31,35,38,41],"killed_by":"Awakened One","ascension_level":20}