{"gold_per_floor":[112,127,73,92,112,144,144,163,240,251,251,251],"floor_reached":12,"playtime":673,"items_purged":[],"score":94,"play_id":"eb6c0470-ed60-4483-b375-6cadafad9f24","local_time":"20190528192719","is_ascension_mode":true,"campfire_choices":[{"floor":7,"key":"REST"}],"neow_cost":"NONE","seed_source_timestamp":1039622999578405,"circlet_count":0,"master_deck":["Defend_G","Defend_G","Defend_G","Defend_G","Defend_G","Strike_G","Strike_G","Strike_G+1","Strike_G","Strike_G","Survivor","Neutralize","Accuracy","Blade Dance+1","Blade Dance","Footwork","Predator","Flechettes","Endless Agony","Cloak And Dagger","Noxious Fumes","Blade Dance","Footwork","Backflip"],"relics":["Orrery","Art of War"],"potions_floor_usage":[8,10],"damage_taken":[{"damage":6,"enemies":"Cultist","floor":1,"turns":5},{"damage":12,"enemies":"Small Slimes","floor":2,"turns":3},{"damage":1,"enemies":"2 Louse","floor":4,"turns":2},{"damage":2,"enemies":"2 Fungi Beasts","floor":5,"turns":4},{"damage":27,"enemies":"Lagavulin","floor":6,"turns":6},{"damage":10,"enemies":"Gremlin Gang","floor":8,"turns":5},{"damage":1,"enemies":"Red Slaver","floor":10,"turns":3},{"damage":22,"enemies":"Gremlin Nob","floor":12,"turns":3}],"seed_played":"1339484556054851182","potions_obtained":[{"floor":4,"key":"GhostInAJar"},{"floor":5,"key":"Block Potion"}],"is_trial":false,"path_per_floor":["M","M","$","M","M","E","R","M","T","M","?","E"],"character_chosen":"THE_SILENT","items_purchased":["Cloak And Dagger"],"campfire_rested":1,"item_purchase_floors":[3],"current_hp_per_floor":[64,52,52,51,49,22,43,33,33,32,18,0],"gold":251,"neow_bonus":"BOSS_RELIC","is_prod":false,"is_daily":false,"chose_seed":false,"campfire_upgraded":0,"win_rate":0,"timestamp":1559086039,"path_taken":["M","?","$","M","M","E","R","M","T","M","?","E"],"build_version":"2019-01-23","purchased_purges":0,"victory":false,"max_hp_per_floor":[70,70,70,70,70,70,70,70,70,70,70,70],"card_choices":[{"not_picked":["After Image","Acrobatics"],"picked":"Accuracy","floor":0},{"not_picked":["Dagger Spray","Sucker Punch"],"picked":"Blade Dance","floor":0},{"not_picked":["Dodge and Roll","Riddle With Holes"],"picked":"Blade Dance","floor":0},{"not_picked":["Deflect","Setup"],"picked":"Footwork","floor":0},{"not_picked":["Dagger Throw","Reflex"],"picked":"Predator","floor":0},{"not_picked":["Slice","Underhanded Strike"],"picked":"Flechettes","floor":1},{"not_picked":["Acrobatics","Corpse Explosion"],"picked":"Endless Agony","floor":2},{"not_picked":["Dagger Throw","PiercingWail"],"picked":"Noxious Fumes","floor":4},{"not_picked":["All Out Attack","Dagger Spray"],"picked":"Blade Dance","floor":5},{"not_picked":["Acrobatics","Dodge and Roll"],"picked":"Footwork","floor":6},{"not_picked":["Slice","Prepared"],"picked":"Backflip","floor":8},{"not_picked":["PiercingWail","Dash","Concentrate"],"picked":"SKIP","floor":10}],"player_experience":318111,"relics_obtained":[{"floor":6,"key":"Art of War"}],"event_choices":[{"damage_healed":0,"gold_gain":0,"player_choice":"Entered Light","damage_taken":14,"max_hp_gain":0,"max_hp_loss":0,"event_name":"Shining Light","floor":11,"gold_loss":0,"cards_upgraded":["Strike_G","Blade Dance"]}],"is_beta":false,"boss_relics":[],"items_purged_floors":[],"is_endless":false,"potions_floor_spawned":[4,5],"killed_by":"Gremlin Nob","ascension_level":3}