{"gold_per_floor":[115,131,150,2,2,28,38,72,72,35,49,49,49,66,66,169,169,187,13,13,112,131,161,161,178,229,229,248,248,261,273,273,273],"floor_reached":33,"playtime":1537,"items_purged":["Defend_R"],"score":304,"play_id":"a6fdbaf0-6420-4bc3-b33d-e69667f87266","local_time":"20190211021329","is_ascension_mode":false,"campfire_choices":[{"floor":13,"key":"REST"},{"data":"Disarm","floor":15,"key":"SMITH"},{"floor":24,"key":"REST"},{"floor":29,"key":"REST"},{"floor":32,"key":"REST"}],"neow_cost":"NONE","seed_source_timestamp":2158696259311639,"circlet_count":0,"master_deck":["Strike_R","Strike_R","Strike_R","Strike_R","Strike_R","Defend_R","Defend_R","Defend_R","Bash","Combust","Flex+1","Combust","Flex","Inflame","Cleave","Twin Strike","Rupture","Fire Breathing","Clash","Disarm+1","Brutality","Headbutt","Flex+1","Battle Trance","Anger","Flex","Headbutt","Demon Form","Anger","Twin Strike+1","Flex","Demon Form","Bloodletting+1"],"relics":["Black Blood","Dream Catcher","Bird Faced Urn","Red Skull","Happy Flower","Question Card","War Paint","MutagenicStrength"],"potions_floor_usage":[8,8,16,23,33,33],"damage_taken":[{"damage":4,"enemies":"Small Slimes","floor":1,"turns":3},{"damage":3,"enemies":"Cultist","floor":2,"turns":3},{"damage":10,"enemies":"Jaw Worm","floor":3,"turns":3},{"damage":42,"enemies":"Lagavulin","floor":6,"turns":6},{"damage":34,"enemies":"Large Slime","floor":7,"turns":6},{"damage":18,"enemies":"3 Sentries","floor":8,"turns":4},{"damage":9,"enemies":"3 Louse","floor":11,"turns":2},{"damage":8,"enemies":"Blue Slaver","floor":14,"turns":3},{"damage":35,"enemies":"The Guardian","floor":16,"turns":8},{"damage":31,"enemies":"Spheric Guardian","floor":18,"turns":4},{"damage":23,"enemies":"Shell Parasite","floor":22,"turns":5},{"damage":28,"enemies":"Gremlin Leader","floor":23,"turns":5},{"damage":41,"enemies":"Shelled Parasite and Fungi","floor":25,"turns":4},{"damage":38,"enemies":"Sentry and Sphere","floor":28,"turns":4},{"damage":29,"enemies":"Centurion and Healer","floor":30,"turns":4},{"damage":36,"enemies":"Shelled Parasite and Fungi","floor":31,"turns":4},{"damage":103,"enemies":"Automaton","floor":33,"turns":6}],"seed_played":"1539207128126011745","potions_obtained":[{"floor":2,"key":"Energy Potion"},{"floor":6,"key":"Swift Potion"},{"floor":11,"key":"Strength Potion"},{"floor":14,"key":"Weak Potion"},{"floor":23,"key":"SpeedPotion"},{"floor":25,"key":"SkillPotion"},{"floor":30,"key":"SteroidPotion"}],"is_trial":false,"path_per_floor":["M","M","M","$","?","E","M","E","T","$","M","?","R","M","R","B",null,"M","$","?","?","M","E","R","M","T","?","M","R","M","M","R","B"],"character_chosen":"IRONCLAD","items_purchased":["Dream Catcher","Rupture","Flex","Battle Trance"],"campfire_rested":4,"item_purchase_floors":[4,10,19,19],"current_hp_per_floor":[80,80,76,76,76,40,18,12,12,12,11,37,61,63,63,44,80,61,61,46,46,45,39,64,43,43,43,19,44,37,21,46,0],"gold":273,"neow_bonus":"THREE_CARDS","is_prod":false,"is_daily":false,"chose_seed":false,"campfire_upgraded":1,"win_rate":0.0,"timestamp":1549872809,"path_taken":["M","M","M","$","?","E","M","E","T","?","M","?","R","M","R","BOSS","M","$","?","?","M","E","R","M","T","?","M","R","M","M","R","BOSS"],"build_version":"2019-01-23","purchased_purges":1,"victory":false,"max_hp_per_floor":[80,80,80,80,80,80,80,80,80,80,80,80,80,80,80,80,80,80,80,85,85,85,85,85,85,85,85,85,85,85,85,85,85],"card_choices":[{"not_picked":["Iron Wave","Dropkick"],"picked":"Combust","floor":0},{"not_picked":["True Grit","Hemokinesis"],"picked":"Flex","floor":1},{"not_picked":["Dropkick","Burning Pact"],"picked":"Combust","floor":2},{"not_picked":["Havoc","Pommel Strike"],"picked":"Flex","floor":3},{"not_picked":["Searing Blow","Dark Embrace"],"picked":"Inflame","floor":6},{"not_picked":["Warcry","Pommel Strike"],"picked":"Cleave","floor":7},{"not_picked":["Heavy Blade","Burning Pact"],"picked":"Twin Strike","floor":8},{"not_picked":["Heavy Blade","Sword Boomerang"],"picked":"Fire Breathing","floor":11},{"not_picked":["Clothesline","Pummel"],"picked":"Clash","floor":13},{"not_picked":["Havoc","Clothesline"],"picked":"Disarm","floor":14},{"not_picked":["Double Tap","Impervious"],"picked":"Brutality","floor":16},{"not_picked":["Shrug It Off","Body Slam"],"picked":"Headbutt","floor":18},{"not_picked":["Warcry","Dual Wield"],"picked":"Anger","floor":22},{"not_picked":["Heavy Blade","Body Slam"],"picked":"Flex","floor":23},{"not_picked":["Sentinel","Wild Strike","Armaments"],"picked":"Headbutt","floor":24},{"not_picked":["Flex","Burning Pact","Shrug It Off"],"picked":"Demon Form","floor":25},{"not_picked":["Shockwave","Iron Wave","Blood for Blood"],"picked":"Anger","floor":28},{"not_picked":["Cleave","Armaments","Thunderclap"],"picked":"Twin Strike+1","floor":29},{"not_picked":["Cleave","Metallicize","Intimidate"],"picked":"Flex","floor":30},{"not_picked":["Sword Boomerang","Clothesline","Sever Soul+1"],"picked":"Demon Form","floor":31},{"not_picked":["Shrug It Off","Clothesline","Pommel Strike"],"picked":"Bloodletting+1","floor":32}],"player_experience":40244,"relics_obtained":[{"floor":6,"key":"Bird Faced Urn"},{"floor":8,"key":"Red Skull"},{"floor":9,"key":"Happy Flower"},{"floor":23,"key":"Question Card"},{"floor":26,"key":"War Paint"}],"event_choices":[{"damage_healed":0,"gold_gain":0,"player_choice":"Ignored","damage_taken":0,"max_hp_gain":0,"max_hp_loss":0,"event_name":"NoteForYourself","floor":5,"gold_loss":0},{"damage_healed":26,"gold_gain":0,"player_choice":"Banana","damage_taken":0,"max_hp_gain":0,"max_hp_loss":0,"event_name":"Big Fish","floor":12,"gold_loss":0},{"damage_healed":0,"gold_gain":0,"player_choice":"Shed Blood","damage_taken":20,"max_hp_gain":5,"max_hp_loss":0,"event_name":"Forgotten Altar","floor":20,"gold_loss":0},{"damage_healed":0,"gold_gain":99,"player_choice":"Stole From Cult","damage_taken":0,"max_hp_gain":0,"max_hp_loss":0,"event_name":"Nest","floor":21,"gold_loss":0},{"damage_healed":0,"gold_gain":0,"player_choice":"Inject Mutagens","damage_taken":0,"relics_obtained":["MutagenicStrength"],"max_hp_gain":0,"max_hp_loss":0,"event_name":"Drug Dealer","floor":27,"gold_loss":0}],"is_beta":false,"boss_relics":[{"not_picked":["Ectoplasm","White Beast Statue"],"picked":"Black Blood"}],"items_purged_floors":[19],"is_endless":false,"potions_floor_spawned":[2,6,11,14,23,25,30,31],"killed_by":"Automaton","ascension_level":0}