{"gold_per_floor":[110,110,110,10,24,53,53,87,99,111,134,71,84,31,31,31],"floor_reached":16,"playtime":394,"items_purged":["Strike_G"],"score":259,"play_id":"fdcc8b31-5a2f-4b07-b36f-a22910ba3c82","local_time":"20190523233830","is_ascension_mode":true,"campfire_choices":[{"floor":7,"key":"REST"},{"floor":15,"key":"REST"}],"neow_cost":"NONE","seed_source_timestamp":236065883494916,"circlet_count":0,"master_deck":["AscendersBane","Defend_G+1","Defend_G","Defend_G","Defend_G","Defend_G","Strike_G","Strike_G+1","Strike_G","Survivor","Neutralize","Backflip","Sucker Punch","Flying Knee","Leg Sweep","Bullet Time","Crippling Poison","Dagger Throw","Footwork","Cloak And Dagger","Acrobatics","Cloak And Dagger"],"relics":["Ring of the Snake","NeowsBlessing","Prayer Wheel","MawBank","Thread and Needle"],"potions_floor_usage":[8,16],"damage_taken":[{"damage":0,"enemies":"Jaw Worm","floor":1,"turns":1},{"damage":0,"enemies":"Small Slimes","floor":5,"turns":1},{"damage":0,"enemies":"Gremlin Nob","floor":6,"turns":1},{"damage":26,"enemies":"Lagavulin","floor":8,"turns":8},{"damage":0,"enemies":"Cultist","floor":11,"turns":5},{"damage":11,"enemies":"Red Slaver","floor":13,"turns":4},{"damage":37,"enemies":"Hexaghost","floor":16,"turns":18}],"seed_played":"159736630171065077","potions_obtained":[{"floor":6,"key":"FearPotion"},{"floor":11,"key":"Swift Potion"},{"floor":13,"key":"SteroidPotion"}],"is_trial":false,"path_per_floor":["M","?","?","$","M","E","R","E","T","?","M","$","M","$","R","B"],"character_chosen":"THE_SILENT","items_purchased":["Sucker Punch","Footwork","Cloak And Dagger"],"campfire_rested":2,"item_purchase_floors":[4,12,14],"current_hp_per_floor":[59,39,34,34,34,34,53,27,27,27,27,27,16,16,35,0],"gold":31,"neow_bonus":"THREE_ENEMY_KILL","is_prod":false,"is_daily":false,"chose_seed":false,"campfire_upgraded":0,"win_rate":0,"timestamp":1558672710,"path_taken":["M","?","?","$","M","E","R","E","T","?","?","?","?","$","R","BOSS"],"build_version":"2019-01-23","purchased_purges":1,"victory":false,"max_hp_per_floor":[66,66,66,66,66,66,66,66,66,66,66,66,66,66,66,66],"card_choices":[{"not_picked":["Blade Dance","Underhanded Strike"],"picked":"Backflip","floor":1},{"not_picked":["Endless Agony","Bane"],"picked":"Flying Knee","floor":5},{"not_picked":["Caltrops","Endless Agony"],"picked":"Leg Sweep","floor":6},{"not_picked":["Tactician","Reflex"],"picked":"Bullet Time","floor":8},{"not_picked":["All Out Attack","Cloak And Dagger"],"picked":"Crippling Poison","floor":11},{"not_picked":["Acrobatics","Blade Dance"],"picked":"Dagger Throw","floor":11},{"not_picked":["Choke","Masterful Stab"],"picked":"Cloak And Dagger","floor":13},{"not_picked":["Dagger Spray","Sucker Punch"],"picked":"Acrobatics","floor":13}],"player_experience":455585,"relics_obtained":[{"floor":6,"key":"Prayer Wheel"},{"floor":8,"key":"MawBank"},{"floor":9,"key":"Thread and Needle"}],"event_choices":[{"damage_healed":0,"gold_gain":0,"player_choice":"Entered Light","damage_taken":20,"max_hp_gain":0,"max_hp_loss":0,"event_name":"Shining Light","floor":2,"gold_loss":0,"cards_upgraded":["Strike_G","Defend_G"]},{"damage_healed":0,"gold_gain":0,"player_choice":"Fled","damage_taken":5,"max_hp_gain":0,"max_hp_loss":0,"event_name":"Scrap Ooze","floor":3,"gold_loss":0},{"cards_removed":["Strike_G"],"damage_healed":0,"gold_gain":0,"player_choice":"Purged","damage_taken":0,"max_hp_gain":0,"max_hp_loss":0,"event_name":"Purifier","floor":10,"gold_loss":0}],"is_beta":false,"boss_relics":[],"items_purged_floors":[4],"is_endless":false,"potions_floor_spawned":[6,11,13],"killed_by":"Hexaghost","ascension_level":19}