{"gold_per_floor":[109,122,140,140,150,150,177,194,242,269,9,9,9,9,9,9],"floor_reached":16,"playtime":381,"items_purged":["Strike_B"],"score":179,"play_id":"130fc33d-a80a-4e63-bb46-a34847db6f7b","local_time":"20190503233518","is_ascension_mode":true,"campfire_choices":[{"data":"Sunder","floor":6,"key":"SMITH"},{"data":"Zap","floor":12,"key":"SMITH"},{"data":"Loop","floor":15,"key":"SMITH"}],"neow_cost":"NONE","seed_source_timestamp":547187510380669,"circlet_count":0,"master_deck":["AscendersBane","Strike_B","Strike_B","Strike_B","Defend_B","Defend_B","Defend_B","Defend_B","Zap+1","Dualcast","Conserve Battery","Sunder+1","Leap","Loop+1","Turbo","Defragment"],"special_seed":0,"relics":["Cracked Core","Bronze Scales","Potion Belt","MawBank","OrangePellets"],"potions_floor_usage":[16,16],"damage_taken":[{"damage":1,"enemies":"Cultist","floor":1,"turns":3},{"damage":3,"enemies":"2 Louse","floor":2,"turns":2},{"damage":7,"enemies":"Small Slimes","floor":3,"turns":2},{"damage":24,"enemies":"Exordium Thugs","floor":5,"turns":4},{"damage":14,"enemies":"Lagavulin","floor":7,"turns":7},{"damage":7,"enemies":"Large Slime","floor":8,"turns":6},{"damage":0,"enemies":"2 Fungi Beasts","floor":10,"turns":2},{"damage":13,"enemies":"Hexaghost","floor":16,"turns":7}],"seed_played":"510680354724437929","potions_obtained":[{"floor":2,"key":"SteroidPotion"},{"floor":7,"key":"Poison Potion"},{"floor":8,"key":"SkillPotion"}],"is_trial":false,"path_per_floor":["M","M","M","?","M","R","E","M","T","M","$","R","?","$","R","B"],"character_chosen":"DEFECT","items_purchased":["OrangePellets"],"campfire_rested":0,"item_purchase_floors":[11],"current_hp_per_floor":[63,60,53,53,29,29,15,8,8,8,8,8,8,8,8,0],"gold":9,"neow_bonus":"RANDOM_COMMON_RELIC","is_prod":false,"is_daily":false,"chose_seed":false,"campfire_upgraded":3,"win_rate":0,"timestamp":1556944518,"path_taken":["M","M","M","?","M","R","E","M","T","M","$","R","?","$","R","BOSS"],"build_version":"2019-01-23","purchased_purges":1,"victory":false,"max_hp_per_floor":[71,71,71,71,71,71,71,71,71,71,71,71,71,71,71,71],"card_choices":[{"not_picked":["Go for the Eyes","Steam"],"picked":"Conserve Battery","floor":1},{"not_picked":["Double Energy","Ball Lightning"],"picked":"Sunder","floor":2},{"not_picked":["Force Field","Go for the Eyes"],"picked":"Leap","floor":3},{"not_picked":["Tempest","Lockon"],"picked":"Loop","floor":5},{"not_picked":["Redo","Streamline"],"picked":"Turbo","floor":7},{"not_picked":["Fission","Beam Cell"],"picked":"Defragment","floor":8},{"not_picked":["Rebound","Scrape","Conserve Battery"],"picked":"SKIP","floor":10}],"player_experience":378147,"relics_obtained":[{"floor":7,"key":"Potion Belt"},{"floor":9,"key":"MawBank"}],"event_choices":[{"damage_healed":0,"gold_gain":0,"player_choice":"Fled","damage_taken":0,"max_hp_gain":0,"max_hp_loss":0,"event_name":"Scrap Ooze","floor":4,"gold_loss":0},{"damage_healed":0,"gold_gain":0,"player_choice":"Leave","damage_taken":0,"max_hp_gain":0,"max_hp_loss":0,"event_name":"The Cleric","floor":13,"gold_loss":0}],"is_beta":false,"boss_relics":[],"items_purged_floors":[11],"is_endless":false,"potions_floor_spawned":[2,7,8],"killed_by":"Hexaghost","ascension_level":15}