{"gold_per_floor":[115,135,146,116,41,61,61,96,108,138,161,185,217,240,252,264],"floor_reached":16,"playtime":1286,"items_purged":["Defend_G"],"score":110,"play_id":"98e9fd19-46cb-4aa2-b342-1f9344bc281a","local_time":"20190516150435","is_ascension_mode":false,"campfire_choices":[{"data":"Footwork","floor":7,"key":"SMITH"},{"floor":15,"key":"REST"}],"neow_cost":"TEN_PERCENT_HP_LOSS","seed_source_timestamp":106539000652536,"circlet_count":0,"master_deck":["Defend_G","Defend_G","Defend_G","Defend_G","Strike_G","Strike_G","Strike_G","Strike_G","Strike_G","Survivor","Neutralize","Adrenaline","Dagger Spray","Footwork+1","Dodge and Roll","Acrobatics","Backflip","Die Die Die","Caltrops","Phantasmal Killer"],"relics":["Ring of the Snake","MawBank","Dodecahedron"],"potions_floor_usage":[],"damage_taken":[{"damage":1,"enemies":"Cultist","floor":1,"turns":4},{"damage":0,"enemies":"Small Slimes","floor":2,"turns":3},{"damage":0,"enemies":"Jaw Worm","floor":3,"turns":5},{"damage":0,"enemies":"Exordium Thugs","floor":4,"turns":4},{"damage":8,"enemies":"Large Slime","floor":6,"turns":9},{"damage":33,"enemies":"Lagavulin","floor":8,"turns":17},{"damage":0,"enemies":"3 Louse","floor":10,"turns":2},{"damage":0,"enemies":"Blue Slaver","floor":11,"turns":5},{"damage":0,"enemies":"Red Slaver","floor":12,"turns":3},{"damage":0,"enemies":"Exordium Wildlife","floor":13,"turns":4},{"damage":0,"enemies":"Exordium Thugs","floor":14,"turns":4},{"damage":28,"enemies":"Slime Boss","floor":16,"turns":8}],"seed_played":"6157933053293876453","potions_obtained":[{"floor":6,"key":"AttackPotion"},{"floor":12,"key":"AttackPotion"},{"floor":14,"key":"Fruit Juice"}],"is_trial":false,"path_per_floor":["M","M","M","M","$","M","R","E","T","M","M","M","M","M","R","B"],"character_chosen":"THE_SILENT","items_purchased":[],"campfire_rested":1,"item_purchase_floors":[],"current_hp_per_floor":[62,62,62,62,62,54,54,21,21,21,21,21,21,21,39,11],"gold":264,"neow_bonus":"THREE_RARE_CARDS","is_prod":false,"is_daily":false,"chose_seed":false,"campfire_upgraded":1,"win_rate":0.0,"timestamp":1558044275,"path_taken":["M","M","M","?","$","?","R","E","T","M","M","M","M","M","R","BOSS"],"build_version":"2019-01-23","purchased_purges":1,"victory":false,"max_hp_per_floor":[63,63,63,63,63,63,63,63,63,63,63,63,63,63,63,63],"card_choices":[{"not_picked":["Malaise","Corpse Explosion"],"picked":"Adrenaline","floor":0},{"not_picked":["PiercingWail","Underhanded Strike"],"picked":"Dagger Spray","floor":1},{"not_picked":["Deflect","Heel Hook"],"picked":"Footwork","floor":2},{"not_picked":["PiercingWail","Cloak And Dagger"],"picked":"Dodge and Roll","floor":3},{"not_picked":["Slice","Poisoned Stab"],"picked":"Acrobatics","floor":4},{"not_picked":["Outmaneuver","Backstab"],"picked":"Backflip","floor":6},{"not_picked":["Masterful Stab","Slice"],"picked":"Die Die Die","floor":8},{"not_picked":["Flying Knee","Prepared","Deadly Poison"],"picked":"SKIP","floor":10},{"not_picked":["Prepared","Eviscerate","Crippling Poison"],"picked":"SKIP","floor":11},{"not_picked":["Riddle With Holes","Outmaneuver"],"picked":"Caltrops","floor":12},{"not_picked":["Underhanded Strike","Calculated Gamble"],"picked":"Phantasmal Killer","floor":13},{"not_picked":["Dagger Throw","Underhanded Strike","Blade Dance"],"picked":"SKIP","floor":14}],"player_experience":74955,"relics_obtained":[{"floor":8,"key":"MawBank"},{"floor":9,"key":"Dodecahedron"}],"event_choices":[],"is_beta":false,"boss_relics":[],"items_purged_floors":[5],"is_endless":false,"potions_floor_spawned":[6,8,12,14],"killed_by":"Slime Boss","ascension_level":0}