{"gold_per_floor":[118,35,35,53,53,84,84,115,115,115,131,152,152,20,20,20],"floor_reached":16,"playtime":348,"items_purged":["Strike_R"],"score":266,"play_id":"1d813180-e503-4f28-9b14-67e3639f318f","local_time":"20190523115434","is_ascension_mode":true,"campfire_choices":[{"data":"Uppercut","floor":7.0,"key":"SMITH"},{"data":"Whirlwind","floor":15,"key":"SMITH"}],"neow_cost":"NONE","seed_source_timestamp":642297139904700,"circlet_count":0,"master_deck":["AscendersBane","Strike_R","Strike_R","Strike_R","Strike_R","Defend_R","Defend_R","Defend_R","Defend_R","Bash","Uppercut+1","Feel No Pain","Feel No Pain","Spot Weakness","Whirlwind+1","Ghostly Armor","Shrug It Off"],"special_seed":0,"relics":["Burning Blood","NeowsBlessing","Golden Idol","Pantograph","Shuriken","Sundial","FaceOfCleric"],"potions_floor_usage":[16],"damage_taken":[{"damage":0.0,"enemies":"2 Louse","floor":1.0,"turns":2.0},{"damage":0.0,"enemies":"Small Slimes","floor":4.0,"turns":1.0},{"damage":0.0,"enemies":"3 Sentries","floor":6.0,"turns":2.0},{"damage":54.0,"enemies":"Gremlin Nob","floor":8.0,"turns":5.0},{"damage":1.0,"enemies":"Jaw Worm","floor":11.0,"turns":4.0},{"damage":9.0,"enemies":"Looter","floor":12.0,"turns":4.0},{"damage":39,"enemies":"Hexaghost","floor":16,"turns":9}],"seed_played":"2092084814087506711","potions_obtained":[{"floor":1.0,"key":"LiquidBronze"},{"floor":11.0,"key":"Dexterity Potion"}],"is_trial":false,"path_per_floor":["M","$","?","M","?","E","R","E","T","?","M","M","?","$","R","B"],"character_chosen":"IRONCLAD","items_purchased":["Feel No Pain","Shrug It Off"],"campfire_rested":0,"item_purchase_floors":[2,14],"current_hp_per_floor":[74,74,79,80,52,58,58,10,10,10,15,12,12,12,12,0],"gold":20,"neow_bonus":"THREE_ENEMY_KILL","is_prod":false,"is_daily":false,"chose_seed":false,"campfire_upgraded":2,"win_rate":0,"timestamp":1558626874,"path_taken":["M","$","?","M","?","E","R","E","T","?","M","?","?","?","R","BOSS"],"build_version":"2019-01-23","purchased_purges":1,"victory":false,"max_hp_per_floor":[75,75,80,80,80,80,80,80,80,80,80,80,80,80,80,80],"card_choices":[{"not_picked":["Battle Trance","Anger"],"picked":"Uppercut","floor":1.0},{"not_picked":["Flex","Perfected Strike","Sever Soul"],"picked":"SKIP","floor":4.0},{"not_picked":["Dark Embrace","Wild Strike"],"picked":"Feel No Pain","floor":6.0},{"not_picked":["Fire Breathing","Clash"],"picked":"Spot Weakness","floor":8.0},{"not_picked":["Thunderclap","True Grit"],"picked":"Whirlwind","floor":11.0},{"not_picked":["Pommel Strike","Body Slam"],"picked":"Ghostly Armor","floor":12.0}],"player_experience":825078,"relics_obtained":[{"floor":6.0,"key":"Pantograph"},{"floor":8.0,"key":"Shuriken"},{"floor":9.0,"key":"Sundial"}],"event_choices":[{"damage_healed":0.0,"max_hp_gain":5.0,"max_hp_loss":0.0,"gold_gain":0.0,"event_name":"Big Fish","player_choice":"Donut","floor":3.0,"gold_loss":0.0,"damage_taken":0.0},{"damage_healed":0.0,"max_hp_gain":0.0,"max_hp_loss":0.0,"gold_gain":0.0,"event_name":"Golden Idol","player_choice":"Take Damage","floor":5.0,"gold_loss":0.0,"damage_taken":28.0,"relics_obtained":["Golden Idol"]},{"damage_healed":0.0,"max_hp_gain":0.0,"max_hp_loss":0.0,"gold_gain":0.0,"event_name":"Liars Game","player_choice":"Ignored","floor":10.0,"gold_loss":0.0,"damage_taken":0.0},{"damage_healed":0.0,"max_hp_gain":0.0,"max_hp_loss":0.0,"gold_gain":0.0,"event_name":"FaceTrader","player_choice":"Trade","floor":13.0,"gold_loss":0.0,"damage_taken":0.0,"relics_obtained":["FaceOfCleric"]}],"is_beta":false,"boss_relics":[],"items_purged_floors":[14],"is_endless":false,"potions_floor_spawned":[1,11,12],"killed_by":"Hexaghost","ascension_level":20}