{"gold_per_floor":[115,131,141,141,66,96,96,96,96,106,134,134,168,186,186,287,287,299,312,160,171,182,182,213,230,312,325,425,425,435,455,455,554,554,570,590,604,604,328,328,178,178,202,217,234,254,254,268,268,364,364,364],"floor_reached":52,"playtime":3719,"items_purged":["Blood for Blood","Uppercut","Iron Wave","Uppercut"],"score":875,"play_id":"7fdfcf88-c333-4b5f-8a34-cb537bf74217","local_time":"20190518180041","daily_mods":["SealedDeck"],"is_ascension_mode":false,"campfire_choices":[{"data":"Searing Blow+1","floor":8,"key":"SMITH"},{"data":"Searing Blow+2","floor":12,"key":"SMITH"},{"data":"Searing Blow+3","floor":15,"key":"SMITH"},{"floor":23,"key":"REST"},{"data":"Searing Blow+4","floor":29,"key":"SMITH"},{"data":"Searing Blow+5","floor":32,"key":"SMITH"},{"data":"Searing Blow+6","floor":40,"key":"SMITH"},{"data":"Searing Blow+7","floor":42,"key":"SMITH"},{"data":"Searing Blow+8","floor":47,"key":"SMITH"},{"data":"Armaments","floor":49,"key":"SMITH"}],"neow_cost":"","seed_source_timestamp":203097029063511,"circlet_count":0,"master_deck":["Cleave","Flame Barrier","Pommel Strike","Ghostly Armor","Armaments","Searing Blow+9","Flame Barrier","True Grit","Shrug It Off","Body Slam+1","Armaments","Shrug It Off","Offering","Battle Trance","Body Slam+1","Power Through+1","Body Slam+1","Shrug It Off+1","Brutality","Spot Weakness","Armaments+1","Fiend Fire+1","True Grit+1","Double Tap","Demon Form","Reaper+1"],"relics":["Black Blood","Molten Egg 2","Pantograph","Vajra","Nunchaku","Charon\u0027s Ashes","Gremlin Horn","Mark of Pain","Boot","Coffee Dripper"],"potions_floor_usage":[],"damage_taken":[{"damage":0,"enemies":"Cultist","floor":1,"turns":5},{"damage":0,"enemies":"Jaw Worm","floor":2,"turns":5},{"damage":0,"enemies":"Small Slimes","floor":3,"turns":4},{"damage":27,"enemies":"3 Sentries","floor":6,"turns":9},{"damage":0,"enemies":"Red Slaver","floor":10,"turns":5},{"damage":12,"enemies":"Gremlin Nob","floor":11,"turns":4},{"damage":12,"enemies":"3 Sentries","floor":13,"turns":6},{"damage":17,"enemies":"Gremlin Gang","floor":14,"turns":6},{"damage":11,"enemies":"Slime Boss","floor":16,"turns":8},{"damage":6,"enemies":"Chosen","floor":18,"turns":4},{"damage":10,"enemies":"3 Byrds","floor":19,"turns":4},{"damage":6,"enemies":"Snecko","floor":21,"turns":4},{"damage":6,"enemies":"Sentry and Sphere","floor":22,"turns":4},{"damage":11,"enemies":"Slavers","floor":24,"turns":4},{"damage":6,"enemies":"Cultist and Chosen","floor":25,"turns":3},{"damage":22,"enemies":"Snecko","floor":27,"turns":7},{"damage":8,"enemies":"Centurion and Healer","floor":30,"turns":3},{"damage":11,"enemies":"Snake Plant","floor":31,"turns":3},{"damage":38,"enemies":"Automaton","floor":33,"turns":8},{"damage":0,"enemies":"Orb Walker","floor":35,"turns":2},{"damage":8,"enemies":"3 Darklings","floor":36,"turns":3},{"damage":10,"enemies":"Spire Growth","floor":37,"turns":3},{"damage":21,"enemies":"Sphere and 2 Shapes","floor":44,"turns":4},{"damage":13,"enemies":"4 Shapes","floor":45,"turns":3},{"damage":7,"enemies":"Writhing Mass","floor":46,"turns":4},{"damage":0,"enemies":"Sphere and 2 Shapes","floor":48,"turns":3},{"damage":56,"enemies":"Donu and Deca","floor":50,"turns":6},{"damage":0,"enemies":"Jaw Worm","floor":52,"turns":1}],"seed_played":"-4794441406206984234","potions_obtained":[{"floor":1,"key":"Ancient Potion"},{"floor":6,"key":"Fire Potion"},{"floor":10,"key":"SteroidPotion"}],"is_trial":true,"path_per_floor":["M","M","M","?","$","E","?","R","T","M","E","R","E","M","R","B",null,"M","M","$","M","M","R","E","M","T","M","?","R","M","M","R","B",null,"M","M","M","?","$","R","$","R","T","M","M","M","R","M","R","B",null,"M"],"character_chosen":"IRONCLAD","items_purchased":["Body Slam+1","Double Tap"],"campfire_rested":1,"item_purchase_floors":[20,39],"current_hp_per_floor":[80,80,80,80,80,59,59,59,59,65,59,59,53,42,42,62,80,80,80,80,80,80,80,79,80,80,68,68,68,70,69,69,52,80,80,80,80,80,80,80,80,80,80,69,66,69,69,79,79,34,80,80],"gold":364,"neow_bonus":"","is_prod":false,"is_daily":false,"chose_seed":false,"campfire_upgraded":9,"win_rate":0,"timestamp":1558227641,"path_taken":["M","?","M","?","?","E","?","R","T","M","E","R","E","?","R","BOSS","M","M","$","M","?","R","E","M","T","M","?","R","M","M","R","BOSS","M","?","M","?","?","R","$","R","T","M","M","?","R","M","R","BOSS","M"],"build_version":"2019-01-23","purchased_purges":4,"victory":false,"max_hp_per_floor":[80,80,80,80,80,80,80,80,80,80,80,80,80,80,80,80,80,80,80,80,80,80,80,80,80,80,80,80,80,80,80,80,80,80,80,80,80,80,80,80,80,80,80,80,80,80,80,80,80,80,80,80],"card_choices":[{"not_picked":["Bloodletting","Heavy Blade"],"picked":"Flame Barrier","floor":1},{"not_picked":["Sword Boomerang","Flame Barrier"],"picked":"True Grit","floor":2},{"not_picked":["Headbutt","Wild Strike","Blood for Blood"],"picked":"SKIP","floor":3},{"not_picked":["Seeing Red","Bludgeon"],"picked":"Clothesline","floor":6},{"not_picked":["Second Wind","Anger+1"],"picked":"Shrug It Off","floor":10},{"not_picked":["Ghostly Armor","Havoc"],"picked":"Body Slam+1","floor":11},{"not_picked":["Bludgeon+1","Headbutt+1"],"picked":"Armaments","floor":13},{"not_picked":["Iron Wave+1","Power Through"],"picked":"Shrug It Off","floor":14},{"not_picked":["Juggernaut","Dark Embrace"],"picked":"Offering","floor":16},{"not_picked":["Wild Strike+1","Pommel Strike+1"],"picked":"Battle Trance","floor":18},{"not_picked":["Intimidate","Flex+1","Anger+1"],"picked":"SKIP","floor":19},{"not_picked":["Anger+1","Pommel Strike+1"],"picked":"Power Through+1","floor":21},{"not_picked":["Dual Wield","Clash+1"],"picked":"Body Slam+1","floor":22},{"not_picked":["Anger+1","True Grit"],"picked":"Shrug It Off+1","floor":24},{"not_picked":["Twin Strike+1","Shrug It Off","Blood for Blood+1"],"picked":"SKIP","floor":25},{"not_picked":["Havoc","Twin Strike+1"],"picked":"Brutality","floor":27},{"not_picked":["Sword Boomerang+1","True Grit"],"picked":"Spot Weakness","floor":30},{"not_picked":["Ghostly Armor","Havoc"],"picked":"Armaments","floor":31},{"not_picked":["Impervious","Feed+1"],"picked":"Fiend Fire+1","floor":33},{"not_picked":["Cleave+1","Thunderclap+1","Flex"],"picked":"SKIP","floor":35},{"not_picked":["Burning Pact+1","Body Slam+1"],"picked":"True Grit+1","floor":36},{"not_picked":["Headbutt+1","Evolve","Iron Wave+1"],"picked":"SKIP","floor":37},{"not_picked":["Body Slam+1","Havoc+1","Clash+1"],"picked":"SKIP","floor":44},{"not_picked":["Clothesline+1","Havoc+1","Carnage+1"],"picked":"SKIP","floor":45},{"not_picked":["Havoc","Spot Weakness","Twin Strike+1"],"picked":"SKIP","floor":46},{"not_picked":["Pommel Strike+1","Perfected Strike+1"],"picked":"Demon Form","floor":48},{"not_picked":["Bludgeon+1","Immolate+1"],"picked":"Reaper+1","floor":50}],"player_experience":164998,"relics_obtained":[{"floor":6,"key":"Molten Egg 2"},{"floor":9,"key":"Pantograph"},{"floor":11,"key":"Vajra"},{"floor":13,"key":"Nunchaku"},{"floor":24,"key":"Charon\u0027s Ashes"},{"floor":26,"key":"Gremlin Horn"},{"floor":43,"key":"Boot"}],"event_choices":[{"damage_healed":0,"gold_gain":0,"cards_transformed":["Disarm"],"player_choice":"Transformed","damage_taken":0,"max_hp_gain":0,"max_hp_loss":0,"event_name":"Transmorgrifier","floor":4,"gold_loss":0,"cards_obtained":["Uppercut"]},{"damage_healed":0,"gold_gain":0,"player_choice":"Upgraded","damage_taken":0,"max_hp_gain":0,"max_hp_loss":0,"event_name":"Upgrade Shrine","floor":7,"gold_loss":0,"cards_upgraded":["Searing Blow"]},{"damage_healed":0,"gold_gain":100,"player_choice":"Pray","damage_taken":0,"max_hp_gain":0,"max_hp_loss":0,"event_name":"Golden Shrine","floor":28,"gold_loss":0},{"cards_removed":["Clothesline"],"damage_healed":0,"gold_gain":0,"player_choice":"Removed Attack","damage_taken":0,"max_hp_gain":0,"max_hp_loss":0,"event_name":"Falling","floor":38,"gold_loss":0}],"is_beta":false,"boss_relics":[{"not_picked":["Black Star","Cursed Key"],"picked":"Black Blood"},{"not_picked":["Runic Dome","Philosopher\u0027s Stone"],"picked":"Mark of Pain"},{"not_picked":["Empty Cage","Sozu"],"picked":"Coffee Dripper"}],"items_purged_floors":[5,20,39,41],"is_endless":true,"potions_floor_spawned":[1,6,10,16,18,19,21,30,45,48,50],"killed_by":"Jaw Worm","ascension_level":0}