{"gold_per_floor":[119,119,119,134,59,59,85,12,42,42,72,82,82,94,94,192,192,202,22,30,30,44,44,44,44,44,44,76,86,86,86,86,86],"floor_reached":33,"playtime":1841,"items_purged":["Strike_G","Strike_G"],"score":271,"play_id":"bdc7eea8-ec8e-49a5-ad5e-366143fcce8c","local_time":"20190518141454","is_ascension_mode":false,"campfire_choices":[{"data":"Skewer","floor":6,"key":"SMITH"},{"data":"Noxious Fumes","floor":10,"key":"SMITH"},{"data":"Glass Knife","floor":13,"key":"SMITH"},{"floor":15,"key":"REST"},{"data":"Blur","floor":23,"key":"SMITH"},{"floor":27,"key":"REST"},{"floor":32,"key":"REST"}],"neow_cost":"NONE","seed_source_timestamp":197835048677328,"circlet_count":0,"master_deck":["Defend_G+1","Defend_G","Defend_G","Defend_G+1","Defend_G","Strike_G","Strike_G","Survivor","Neutralize","Flechettes","Outmaneuver","Skewer+1","Blur+1","Noxious Fumes+1","Glass Knife+1","Catalyst","Phantasmal Killer","Well Laid Plans","Caltrops","Pain","Bane"],"relics":["Ring of the Snake","Art of War","Tiny Chest","PreservedInsect","Busted Crown","WarpedTongs","Toxic Egg 2","Snake Skull","Nilry\u0027s Codex"],"potions_floor_usage":[],"damage_taken":[{"damage":0,"enemies":"Small Slimes","floor":1,"turns":2},{"damage":0,"enemies":"Cultist","floor":4,"turns":3},{"damage":15,"enemies":"Gremlin Nob","floor":7,"turns":4},{"damage":8,"enemies":"Lagavulin","floor":11,"turns":6},{"damage":0,"enemies":"2 Louse","floor":12,"turns":2},{"damage":0,"enemies":"Exordium Thugs","floor":14,"turns":4},{"damage":11,"enemies":"The Guardian","floor":16,"turns":9},{"damage":0,"enemies":"Spheric Guardian","floor":18,"turns":3},{"damage":11,"enemies":"2 Thieves","floor":20,"turns":4},{"damage":16,"enemies":"Snake Plant","floor":22,"turns":2},{"damage":32,"enemies":"Gremlin Leader","floor":28,"turns":5},{"damage":2,"enemies":"3 Cultists","floor":29,"turns":4},{"damage":47,"enemies":"Automaton","floor":33,"turns":6}],"seed_played":"1594934302390280539","potions_obtained":[{"floor":11,"key":"AttackPotion"},{"floor":16,"key":"FearPotion"},{"floor":22,"key":"GamblersBrew"},{"floor":28,"key":"Poison Potion"}],"is_trial":false,"path_per_floor":["M","?","?","M","$","R","E","$","T","R","E","M","R","M","R","B",null,"M","$","M","?","M","R","$","?","T","R","E","M","?","$","R","B"],"character_chosen":"THE_SILENT","items_purchased":["Noxious Fumes","Well Laid Plans"],"campfire_rested":3,"item_purchase_floors":[8,19],"current_hp_per_floor":[70,56,56,56,56,56,41,41,41,41,33,33,33,33,54,43,70,70,70,59,59,43,43,43,43,43,64,32,30,14,14,35,0],"gold":86,"neow_bonus":"THREE_CARDS","is_prod":false,"is_daily":false,"chose_seed":false,"campfire_upgraded":4,"win_rate":0,"timestamp":1558214094,"path_taken":["M","?","?","?","$","R","E","$","T","R","E","M","R","M","R","BOSS","M","$","M","?","M","R","?","?","T","R","E","?","?","$","R","BOSS"],"build_version":"2019-01-23","purchased_purges":2,"victory":false,"max_hp_per_floor":[70,70,70,70,70,70,70,70,70,70,70,70,70,70,70,70,70,70,70,70,70,70,70,70,70,70,70,70,70,70,70,70,70],"card_choices":[{"not_picked":["Deflect","Underhanded Strike"],"picked":"Flechettes","floor":0},{"not_picked":["Deflect","Underhanded Strike"],"picked":"Outmaneuver","floor":1},{"not_picked":["Bane","Prepared"],"picked":"Skewer","floor":4},{"not_picked":["Flechettes","Quick Slash"],"picked":"Blur","floor":7},{"not_picked":["Dagger Spray","Prepared"],"picked":"Glass Knife","floor":11},{"not_picked":["Prepared","Predator","Deflect"],"picked":"SKIP","floor":12},{"not_picked":["Crippling Poison","Poisoned Stab"],"picked":"Catalyst","floor":14},{"not_picked":["After Image","Envenom"],"picked":"Phantasmal Killer","floor":16},{"not_picked":["Underhanded Strike"],"picked":"SKIP","floor":18},{"not_picked":[],"picked":"Caltrops","floor":20},{"not_picked":["Expertise"],"picked":"SKIP","floor":22},{"not_picked":["Concentrate+1"],"picked":"SKIP","floor":28},{"not_picked":[],"picked":"Bane","floor":29}],"player_experience":153807,"relics_obtained":[{"floor":7,"key":"Art of War"},{"floor":9,"key":"Tiny Chest"},{"floor":11,"key":"PreservedInsect"},{"floor":26,"key":"Toxic Egg 2"},{"floor":28,"key":"Snake Skull"},{"floor":30,"key":"Nilry\u0027s Codex"}],"event_choices":[{"damage_healed":0,"gold_gain":0,"player_choice":"Entered Light","damage_taken":14,"max_hp_gain":0,"max_hp_loss":0,"event_name":"Shining Light","floor":2,"gold_loss":0,"cards_upgraded":["Defend_G","Defend_G"]},{"cards_removed":["Strike_G"],"damage_healed":0,"gold_gain":0,"player_choice":"Purged","damage_taken":0,"max_hp_gain":0,"max_hp_loss":0,"event_name":"Purifier","floor":3,"gold_loss":0},{"damage_healed":0,"gold_gain":0,"player_choice":"Rummage","damage_taken":0,"relics_obtained":["WarpedTongs"],"max_hp_gain":0,"max_hp_loss":0,"event_name":"Accursed Blacksmith","floor":21,"gold_loss":0,"cards_obtained":["Pain"]},{"damage_healed":0,"gold_gain":0,"player_choice":"Ignored","damage_taken":0,"max_hp_gain":0,"max_hp_loss":0,"event_name":"Vampires","floor":25,"gold_loss":0},{"damage_healed":0,"gold_gain":0,"player_choice":"Obtained Book","damage_taken":16,"max_hp_gain":0,"max_hp_loss":0,"event_name":"Cursed Tome","floor":30,"gold_loss":0}],"is_beta":false,"boss_relics":[{"not_picked":["Lizard Tail","Orrery"],"picked":"Busted Crown"}],"items_purged_floors":[5,19],"is_endless":false,"potions_floor_spawned":[11,16,22,28],"killed_by":"Automaton","ascension_level":0}