{"gold_per_floor":[217,231,102,120,133,167,186,196,196,208,233,233,248,262,262,363,363,380,53,53,0,99,125,125,125,150,180,21,31,56,69,69,169,169,187,201,550,550],"floor_reached":38,"playtime":3089,"items_purged":["Strike_B","Defend_B","Strike_B"],"score":473,"play_id":"7b167663-6d36-4e8c-b2f4-4e4e81d4907e","local_time":"20190207180914","is_ascension_mode":false,"campfire_choices":[{"floor":12,"key":"REST"},{"floor":15,"key":"REST"},{"data":"Machine Learning","floor":24,"key":"SMITH"},{"data":"Zap","floor":32,"key":"SMITH"}],"neow_cost":"NONE","seed_source_timestamp":1868883246332162,"circlet_count":0,"master_deck":["Strike_B","Strike_B","Defend_B","Defend_B","Defend_B","Zap+1","Dualcast","Barrage","Sweeping Beam","Cold Snap","Cold Snap","Hologram","Machine Learning+1","Ball Lightning","Self Repair","Meteor Strike","White Noise","Rebound","Machine Learning","Ball Lightning","Hello World","Go for the Eyes","Defragment+1","Capacitor","Hello World+1","Heatsinks","Rebound","Beam Cell","Turbo","Buffer","Skim+1","Sweeping Beam+1","Hello World"],"relics":["Cracked Core","Matryoshka","Bag of Marbles","Girya","Mummified Hand","Inserter","Regal Pillow","Bird Faced Urn","Kunai","Happy Flower","Bronze Scales","Nunchaku","Lantern","Philosopher\u0027s Stone","Old Coin"],"potions_floor_usage":[10,11,11,16,16,33,38],"damage_taken":[{"damage":0,"enemies":"Small Slimes","floor":1,"turns":4},{"damage":6,"enemies":"Jaw Worm","floor":2,"turns":3},{"damage":6,"enemies":"2 Louse","floor":4,"turns":2},{"damage":17,"enemies":"Blue Slaver","floor":5,"turns":3},{"damage":18,"enemies":"Lagavulin","floor":6,"turns":10},{"damage":3,"enemies":"2 Fungi Beasts","floor":7,"turns":3},{"damage":9,"enemies":"Red Slaver","floor":8,"turns":4},{"damage":0,"enemies":"3 Louse","floor":10,"turns":3},{"damage":15,"enemies":"3 Sentries","floor":11,"turns":6},{"damage":8,"enemies":"Large Slime","floor":13,"turns":4},{"damage":0,"enemies":"Blue Slaver","floor":14,"turns":3},{"damage":21,"enemies":"Slime Boss","floor":16,"turns":8},{"damage":27,"enemies":"Shell Parasite","floor":18,"turns":5},{"damage":21,"enemies":"Slavers","floor":23,"turns":3},{"damage":20,"enemies":"Gremlin Leader","floor":27,"turns":6},{"damage":10,"enemies":"Chosen","floor":29,"turns":3},{"damage":31,"enemies":"Book of Stabbing","floor":30,"turns":4},{"damage":3,"enemies":"3 Cultists","floor":31,"turns":4},{"damage":9,"enemies":"Automaton","floor":33,"turns":8},{"damage":4,"enemies":"Orb Walker","floor":35,"turns":3},{"damage":26,"enemies":"3 Darklings","floor":36,"turns":3},{"damage":47,"enemies":"2 Orb Walkers","floor":37,"turns":4},{"damage":58,"enemies":"Writhing Mass","floor":38,"turns":3}],"seed_played":"6589173427814469693","potions_obtained":[{"floor":1,"key":"FocusPotion"},{"floor":5,"key":"Weak Potion"},{"floor":6,"key":"FearPotion"},{"floor":10,"key":"Regen Potion"},{"floor":11,"key":"FearPotion"},{"floor":14,"key":"FocusPotion"},{"floor":23,"key":"SteroidPotion"},{"floor":29,"key":"SpeedPotion"},{"floor":33,"key":"Fire Potion"}],"is_trial":false,"path_per_floor":["M","M","$","M","M","E","M","M","T","M","E","R","M","M","R","B",null,"M","$","?","$","?","E","R","?","T","E","$","M","E","M","R","B",null,"M","M","?","M"],"character_chosen":"DEFECT","items_purchased":["Sweeping Beam","Hello World","Regal Pillow","Go for the Eyes","Heatsinks"],"campfire_rested":2,"item_purchase_floors":[3,19,19,21,28],"current_hp_per_floor":[75,69,69,63,46,28,25,16,16,16,23,45,44,44,66,45,75,55,55,55,55,55,38,38,38,38,39,39,54,46,57,57,64,75,75,70,34,0],"gold":550,"neow_bonus":"HUNDRED_GOLD","is_prod":false,"is_daily":false,"chose_seed":false,"campfire_upgraded":2,"win_rate":0.0,"timestamp":1549584554,"path_taken":["M","M","$","M","M","E","M","M","T","M","E","R","M","M","R","BOSS","M","$","?","$","?","E","R","?","T","E","?","M","E","M","R","BOSS","M","M","?","M"],"build_version":"2019-01-23","purchased_purges":3,"victory":false,"max_hp_per_floor":[75,75,75,75,75,75,75,75,75,75,75,75,75,75,75,75,75,75,75,75,75,75,75,75,75,75,75,75,75,75,75,75,75,75,75,75,75,75],"card_choices":[{"not_picked":["Undo","FTL","Turbo"],"picked":"SKIP","floor":1},{"not_picked":["Redo","Leap"],"picked":"Barrage","floor":2},{"not_picked":["Rebound","Steam Power"],"picked":"Cold Snap","floor":4},{"not_picked":["Steam","Sweeping Beam"],"picked":"Cold Snap","floor":5},{"not_picked":["Scrape","Sweeping Beam"],"picked":"Hologram","floor":6},{"not_picked":["Scrape","Barrage"],"picked":"Machine Learning","floor":7},{"not_picked":["Rebound","Lockon"],"picked":"Ball Lightning","floor":8},{"not_picked":["Compile Driver","Streamline"],"picked":"Self Repair","floor":10},{"not_picked":["Hologram","Ball Lightning"],"picked":"Meteor Strike","floor":11},{"not_picked":["Tempest","Redo"],"picked":"White Noise","floor":13},{"not_picked":["Go for the Eyes","Reprogram"],"picked":"Rebound","floor":14},{"not_picked":["Meteor Strike","Multi-Cast"],"picked":"Machine Learning","floor":16},{"not_picked":["Redo","FTL"],"picked":"Ball Lightning","floor":18},{"not_picked":["Force Field","Hologram+1"],"picked":"Defragment+1","floor":23},{"not_picked":["Amplify","Stack"],"picked":"Hello World+1","floor":27},{"not_picked":["Darkness+1","Undo"],"picked":"Rebound","floor":29},{"not_picked":["Stack","Cold Snap"],"picked":"Beam Cell","floor":30},{"not_picked":["Auto Shields+1","Go for the Eyes+1"],"picked":"Turbo","floor":31},{"not_picked":["Fission","Thunder Strike"],"picked":"Buffer","floor":33},{"not_picked":["BootSequence+1","Beam Cell+1"],"picked":"Skim+1","floor":35},{"not_picked":["Coolheaded","Glacier"],"picked":"Sweeping Beam+1","floor":36},{"not_picked":["Sweeping Beam+1","Stack+1"],"picked":"Hello World","floor":37}],"player_experience":7720,"relics_obtained":[{"floor":6,"key":"Matryoshka"},{"floor":9,"key":"Bag of Marbles"},{"floor":9,"key":"Girya"},{"floor":11,"key":"Mummified Hand"},{"floor":23,"key":"Kunai"},{"floor":26,"key":"Happy Flower"},{"floor":26,"key":"Bronze Scales"},{"floor":27,"key":"Nunchaku"},{"floor":30,"key":"Lantern"},{"floor":37,"key":"Old Coin"}],"event_choices":[{"damage_healed":0,"gold_gain":0,"player_choice":"Opened","damage_taken":0,"relics_obtained":["Bird Faced Urn"],"max_hp_gain":0,"max_hp_loss":0,"event_name":"The Mausoleum","floor":20,"gold_loss":0},{"damage_healed":0,"gold_gain":99,"player_choice":"Stole From Cult","damage_taken":0,"max_hp_gain":0,"max_hp_loss":0,"event_name":"Nest","floor":22,"gold_loss":0},{"damage_healed":0,"gold_gain":0,"player_choice":"Read","damage_taken":0,"max_hp_gain":0,"max_hp_loss":0,"event_name":"The Library","floor":25,"gold_loss":0,"cards_obtained":["Capacitor"]},{"damage_healed":0,"gold_gain":0,"player_choice":"Fight","damage_taken":0,"max_hp_gain":0,"max_hp_loss":0,"event_name":"Mysterious Sphere","floor":37,"gold_loss":0}],"is_beta":false,"boss_relics":[{"not_picked":["Lizard Tail","FrozenCore"],"picked":"Inserter"},{"not_picked":["White Beast Statue","Snecko Eye"],"picked":"Philosopher\u0027s Stone"}],"items_purged_floors":[3,19,28],"is_endless":false,"potions_floor_spawned":[1,5,6,10,11,14,23,29,33,36],"killed_by":"Writhing Mass","ascension_level":0}