{"gold_per_floor":[118,118,132,57,70,70,101,101,124,168,194,206,230,256,268,376,388,420,432,544,377,377,411,411,441,487,6,41,41,68,83,83,179,179,195,215,163,177,177,177,208,218,218,251,212,312,312,332,332,332],"floor_reached":51,"playtime":2708,"items_purged":["Strike_R","Strike_R","Writhe"],"score":928,"play_id":"d35a4d2f-9f66-4c62-8111-01e25620c4d7","local_time":"20190520215012","is_ascension_mode":true,"campfire_choices":[{"data":"Rage","floor":6,"key":"SMITH"},{"data":"Clothesline","floor":8,"key":"SMITH"},{"data":"Armaments","floor":12,"key":"SMITH"},{"data":"Cleave","floor":15,"key":"SMITH"},{"floor":29,"key":"DIG"},{"floor":32,"key":"DIG"},{"floor":40,"key":"DIG"},{"floor":47,"key":"DIG"},{"floor":49,"key":"REST"}],"neow_cost":"NONE","seed_source_timestamp":81651389685471,"circlet_count":0,"master_deck":["Defend_R","Defend_R","Defend_R","Defend_R","Bash+1","Cleave+1","Rage+1","Heavy Blade","Clothesline+1","Armaments+1","Reaper","Uppercut","Disarm","Flame Barrier","Injury","Rampage+1","Rage+1","Battle Trance+1","Spot Weakness+1","Double Tap+1","Flame Barrier+1","Battle Trance+1","Shockwave+1","Shrug It Off+1","Limit Break+1","Regret","Double Tap+1","Parasite"],"relics":["Burning Blood","Anchor","Orichalcum","MawBank","Incense Burner","Cursed Key","WingedGreaves","Singing Bowl","Bag of Preparation","Toxic Egg 2","Molten Egg 2","Blood Vial","Shovel","Strawberry","Question Card","PreservedInsect","Ancient Tea Set","Astrolabe","Pocketwatch","The Courier","Mercury Hourglass","Darkstone Periapt","Oddly Smooth Stone","StoneCalendar","Happy Flower"],"potions_floor_usage":[10,10,28,33,33,46,50],"damage_taken":[{"damage":5,"enemies":"Small Slimes","floor":1,"turns":3},{"damage":1,"enemies":"Jaw Worm","floor":3,"turns":3},{"damage":2,"enemies":"2 Louse","floor":5,"turns":3},{"damage":27,"enemies":"3 Sentries","floor":7,"turns":9},{"damage":16,"enemies":"Lagavulin","floor":10,"turns":4},{"damage":6,"enemies":"Blue Slaver","floor":11,"turns":3},{"damage":0,"enemies":"Gremlin Gang","floor":13,"turns":4},{"damage":0,"enemies":"3 Louse","floor":14,"turns":2},{"damage":32,"enemies":"The Guardian","floor":16,"turns":14},{"damage":0,"enemies":"Chosen","floor":18,"turns":4},{"damage":7,"enemies":"Colosseum Slavers","floor":20,"turns":4},{"damage":26,"enemies":"Colosseum Nobs","floor":20,"turns":6},{"damage":25,"enemies":"Gremlin Leader","floor":23,"turns":10},{"damage":9,"enemies":"Book of Stabbing","floor":25,"turns":8},{"damage":20,"enemies":"Slavers","floor":28,"turns":8},{"damage":17,"enemies":"Book of Stabbing","floor":30,"turns":7},{"damage":0,"enemies":"2 Thieves","floor":31,"turns":4},{"damage":58,"enemies":"Collector","floor":33,"turns":8},{"damage":2,"enemies":"Orb Walker","floor":35,"turns":5},{"damage":6,"enemies":"3 Shapes","floor":36,"turns":5},{"damage":35,"enemies":"Jaw Worm Horde","floor":38,"turns":6},{"damage":19,"enemies":"Nemesis","floor":41,"turns":5},{"damage":24,"enemies":"Spire Growth","floor":42,"turns":5},{"damage":12,"enemies":"Giant Head","floor":44,"turns":7},{"damage":13,"enemies":"Mind Bloom Boss Battle","floor":46,"turns":7},{"damage":7,"enemies":"Writhing Mass","floor":48,"turns":5},{"damage":104,"enemies":"Awakened One","floor":50,"turns":10}],"seed_played":"-7856289420924845102","potions_obtained":[{"floor":1,"key":"Strength Potion"},{"floor":3,"key":"AttackPotion"},{"floor":10,"key":"Swift Potion"},{"floor":23,"key":"FearPotion"},{"floor":25,"key":"Energy Potion"},{"floor":28,"key":"Explosive Potion"},{"floor":33,"key":"SkillPotion"},{"floor":36,"key":"SkillPotion"},{"floor":42,"key":"EssenceOfSteel"}],"is_trial":false,"path_per_floor":["M","?","M","$","M","R","E","R","T","E","M","R","M","M","R","B",null,"M","?","?","$","?","E","T","E","T","$","E","R","E","M","R","B",null,"M","M","$","M","?","R","E","M","T","E","$","?","R","M","R","B",null],"character_chosen":"IRONCLAD","items_purchased":["Disarm","Rampage+1","Shovel","AttackPotion","Strength Potion"],"campfire_rested":1,"item_purchase_floors":[21,27,27,37,45],"current_hp_per_floor":[80,68,73,73,77,77,56,56,56,46,46,46,52,58,58,32,80,80,65,60,60,60,53,53,58,58,58,67,67,63,71,71,37,98,98,100,100,71,71,71,72,58,58,54,54,55,55,64,97,94],"gold":332,"neow_bonus":"UPGRADE_CARD","is_prod":false,"is_daily":false,"chose_seed":false,"campfire_upgraded":4,"win_rate":0,"timestamp":1558410612,"path_taken":["M","?","M","$","M","R","E","R","T","E","M","R","M","M","R","BOSS","M","?","?","$","?","E","?","E","T","$","E","R","E","M","R","BOSS","M","M","$","M","?","R","E","?","T","E","$","?","R","M","R","BOSS"],"build_version":"2019-01-23","purchased_purges":3,"victory":true,"max_hp_per_floor":[80,80,80,80,80,80,80,80,80,80,80,80,80,80,80,80,80,80,85,87,87,87,87,87,89,89,89,96,96,96,96,96,98,98,98,100,100,100,100,100,100,102,102,102,102,104,104,112,112,112],"card_choices":[{"not_picked":["Wild Strike","Bloodletting"],"picked":"Cleave","floor":1},{"not_picked":["True Grit","Shrug It Off"],"picked":"Rage","floor":3},{"not_picked":["Intimidate","Bloodletting"],"picked":"Heavy Blade","floor":5},{"not_picked":["Evolve","Seeing Red"],"picked":"Clothesline","floor":7},{"not_picked":["Thunderclap","Clothesline","Body Slam"],"picked":"SKIP","floor":10},{"not_picked":["Sword Boomerang","Flex"],"picked":"Armaments","floor":11},{"not_picked":["Fiend Fire","Havoc","Cleave"],"picked":"SKIP","floor":13},{"not_picked":["Thunderclap","Iron Wave","Twin Strike"],"picked":"SKIP","floor":14},{"not_picked":["Dark Embrace","Fiend Fire"],"picked":"Reaper","floor":16},{"not_picked":["Clash","Twin Strike"],"picked":"Uppercut","floor":18},{"not_picked":["Iron Wave","Heavy Blade+1","Body Slam"],"picked":"Singing Bowl","floor":20},{"not_picked":["Fire Breathing","Clothesline"],"picked":"Flame Barrier","floor":23},{"not_picked":["Juggernaut","Thunderclap","Twin Strike"],"picked":"Singing Bowl","floor":25},{"not_picked":["Cleave+1","Perfected Strike+1"],"picked":"Rage+1","floor":28},{"not_picked":["Sever Soul+1","Ghostly Armor+1","True Grit+1"],"picked":"Battle Trance+1","floor":30},{"not_picked":["Clash+1","Body Slam+1","Warcry+1"],"picked":"Spot Weakness+1","floor":31},{"not_picked":["Demon Form","Dark Embrace","Exhume+1","Brutality"],"picked":"Singing Bowl","floor":33},{"not_picked":["Clothesline+1","Twin Strike+1","Armaments+1"],"picked":"Shockwave+1","floor":35},{"not_picked":["Dark Embrace","Sentinel+1","Heavy Blade+1","Pommel Strike+1"],"picked":"Singing Bowl","floor":36},{"not_picked":["Perfected Strike+1","Sword Boomerang+1","Flex+1"],"picked":"Shrug It Off+1","floor":38},{"not_picked":["Anger+1","Heavy Blade+1","Blood for Blood+1"],"picked":"Limit Break+1","floor":41},{"not_picked":["Armaments+1","Cleave+1","Sentinel+1","Clash+1"],"picked":"Singing Bowl","floor":42},{"not_picked":["Impervious+1","Whirlwind+1","Bloodletting+1"],"picked":"Double Tap+1","floor":44},{"not_picked":["Thunderclap+1","Feel No Pain+1","Carnage+1","Perfected Strike+1"],"picked":"Singing Bowl","floor":46},{"not_picked":["Pummel+1","Clothesline+1","Second Wind+1","Whirlwind+1"],"picked":"Singing Bowl","floor":48}],"player_experience":277645,"relics_obtained":[{"floor":7,"key":"Orichalcum"},{"floor":9,"key":"MawBank"},{"floor":10,"key":"Incense Burner"},{"floor":20,"key":"WingedGreaves"},{"floor":20,"key":"Singing Bowl"},{"floor":23,"key":"Bag of Preparation"},{"floor":24,"key":"Toxic Egg 2"},{"floor":25,"key":"Molten Egg 2"},{"floor":26,"key":"Blood Vial"},{"floor":28,"key":"Strawberry"},{"floor":29,"key":"Question Card"},{"floor":30,"key":"PreservedInsect"},{"floor":32,"key":"Ancient Tea Set"},{"floor":40,"key":"The Courier"},{"floor":41,"key":"Mercury Hourglass"},{"floor":43,"key":"Darkstone Periapt"},{"floor":44,"key":"Oddly Smooth Stone"},{"floor":46,"key":"StoneCalendar"},{"floor":47,"key":"Happy Flower"}],"event_choices":[{"damage_healed":0,"gold_gain":0,"player_choice":"Success","damage_taken":12,"relics_obtained":["Anchor"],"max_hp_gain":0,"max_hp_loss":0,"event_name":"Scrap Ooze","floor":2,"gold_loss":0},{"damage_healed":0,"gold_gain":0,"player_choice":"Shed Blood","damage_taken":20,"max_hp_gain":5,"max_hp_loss":0,"event_name":"Forgotten Altar","floor":19,"gold_loss":0},{"damage_healed":0,"gold_gain":0,"player_choice":"Fight","damage_taken":0,"max_hp_gain":0,"max_hp_loss":0,"event_name":"Colosseum","floor":20,"gold_loss":0},{"damage_healed":0,"gold_gain":0,"player_choice":"Fought Nobs","damage_taken":0,"max_hp_gain":0,"max_hp_loss":0,"event_name":"Colosseum","floor":20,"gold_loss":0},{"damage_healed":0,"gold_gain":0,"player_choice":"Ignored","damage_taken":0,"max_hp_gain":0,"max_hp_loss":0,"event_name":"Cursed Tome","floor":22,"gold_loss":0},{"damage_healed":0,"gold_gain":0,"player_choice":"Gave Potion","damage_taken":0,"relics_obtained":["Pocketwatch"],"max_hp_gain":0,"max_hp_loss":0,"event_name":"WeMeetAgain","floor":39,"gold_loss":0},{"damage_healed":0,"gold_gain":0,"player_choice":"Fight","damage_taken":0,"max_hp_gain":0,"max_hp_loss":0,"event_name":"MindBloom","floor":46,"gold_loss":0}],"is_beta":false,"boss_relics":[{"not_picked":["Empty Cage","Orrery"],"picked":"Cursed Key"},{"not_picked":["Calling Bell","Pandora\u0027s Box"],"picked":"Astrolabe"}],"items_purged_floors":[4,21,27],"is_endless":false,"potions_floor_spawned":[1,3,10,23,25,28,33,36,42],"ascension_level":1}