{"gold_per_floor":[114,289,239,254,29,56,73,102,102,120,120,120,138,151,151,275,275,299,324,4,18,18,51,77,105,117,0,12,24,3,3],"floor_reached":31,"playtime":930,"items_purged":["Doubt","Strike_G"],"score":460,"play_id":"5c6e2858-7ef6-4173-97ac-f48a4aba5cf9","local_time":"20190410020306","is_ascension_mode":true,"campfire_choices":[{"data":"Noxious Fumes","floor":12.0,"key":"SMITH"},{"floor":15.0,"key":"REST"}],"neow_cost":"NONE","seed_source_timestamp":0,"circlet_count":0,"master_deck":["Defend_G+1","Defend_G+1","Defend_G+1","Defend_G+1","Defend_G+1","Strike_G+1","Strike_G+1","Strike_G+1","Survivor","Neutralize","Noxious Fumes+1","Acrobatics","Bane","Backstab","Adrenaline","Backflip","Deadly Poison","PiercingWail","Corpse Explosion","Calculated Gamble+1","PiercingWail","Tactician","Terror","Bane+1","Blur","Footwork"],"special_seed":0,"relics":["Ring of the Serpent","NeowsBlessing","Bronze Scales","Mercury Hourglass","Bottled Flame","Letter Opener","Golden Idol","Oddly Smooth Stone","MawBank","Sundial"],"potions_floor_usage":[31],"damage_taken":[{"damage":0.0,"enemies":"Small Slimes","floor":1.0,"turns":1.0},{"damage":0.0,"enemies":"2 Louse","floor":4.0,"turns":1.0},{"damage":0.0,"enemies":"3 Sentries","floor":6.0,"turns":1.0},{"damage":0.0,"enemies":"Jaw Worm","floor":7.0,"turns":3.0},{"damage":26.0,"enemies":"Lagavulin","floor":8.0,"turns":7.0},{"damage":0.0,"enemies":"2 Fungi Beasts","floor":10.0,"turns":2.0},{"damage":1.0,"enemies":"Large Slime","floor":13.0,"turns":5.0},{"damage":0.0,"enemies":"Exordium Wildlife","floor":14.0,"turns":1.0},{"damage":18.0,"enemies":"Slime Boss","floor":16.0,"turns":10.0},{"damage":4.0,"enemies":"Spheric Guardian","floor":18.0,"turns":5.0},{"damage":6.0,"enemies":"2 Thieves","floor":19.0,"turns":2.0},{"damage":0.0,"enemies":"Cultist and Chosen","floor":21.0,"turns":4.0},{"damage":21.0,"enemies":"Gremlin Leader","floor":23.0,"turns":6.0},{"damage":18.0,"enemies":"Snecko","floor":24.0,"turns":4.0},{"damage":3.0,"enemies":"Centurion and Healer","floor":25.0,"turns":4.0},{"damage":9,"enemies":"Snake Plant","floor":31,"turns":1}],"seed_played":"2967671533130581728","potions_obtained":[{"floor":4.0,"key":"Block Potion"},{"floor":7.0,"key":"GamblersBrew"},{"floor":8.0,"key":"EssenceOfSteel"},{"floor":16.0,"key":"Energy Potion"},{"floor":23.0,"key":"Energy Potion"},{"floor":25.0,"key":"PowerPotion"}],"is_trial":false,"path_per_floor":["M","?","?","M","$","E","M","E","T","M","?","R","M","M","R","B",null,"M","M","$","M","?","E","M","M","T","?","$","?","$","M"],"character_chosen":"THE_SILENT","items_purchased":["Bronze Scales","Tactician","Oddly Smooth Stone","Footwork"],"campfire_rested":1,"item_purchase_floors":[5,20,20,30],"current_hp_per_floor":[63,63,63,63,63,63,63,37,37,37,37,37,36,36,55,37,58,54,48,48,48,48,27,9,6,6,6,6,6,6,0],"gold":3,"neow_bonus":"THREE_ENEMY_KILL","is_prod":false,"is_daily":false,"chose_seed":false,"campfire_upgraded":1,"win_rate":0,"timestamp":1554879786,"path_taken":["M","?","?","M","$","E","M","E","T","M","?","R","?","M","R","BOSS","M","M","$","M","?","E","M","M","T","?","?","?","$","M"],"build_version":"2019-01-23","purchased_purges":2,"victory":false,"max_hp_per_floor":[70,70,70,70,70,70,70,70,70,70,65,65,65,65,65,65,65,65,65,65,65,65,65,65,65,65,65,65,65,65,65],"card_choices":[{"not_picked":["Backflip","Dagger Spray"],"picked":"Noxious Fumes","floor":1.0},{"not_picked":["Reflex","Dagger Spray"],"picked":"Acrobatics","floor":4.0},{"not_picked":["After Image","Quick Slash"],"picked":"Bane","floor":6.0},{"not_picked":["Dagger Throw","Acrobatics"],"picked":"Backstab","floor":7.0},{"not_picked":["Reflex","Bane"],"picked":"Adrenaline","floor":8.0},{"not_picked":["Choke","Prepared"],"picked":"Backflip","floor":10.0},{"not_picked":["PiercingWail","Dodge and Roll"],"picked":"Deadly Poison","floor":13.0},{"not_picked":["Deflect","Flying Knee"],"picked":"PiercingWail","floor":14.0},{"not_picked":["Tools of the Trade","A Thousand Cuts"],"picked":"Corpse Explosion","floor":16.0},{"not_picked":["Deadly Poison+1","Outmaneuver+1"],"picked":"Calculated Gamble+1","floor":18.0},{"not_picked":["Escape Plan","Deflect"],"picked":"PiercingWail","floor":19.0},{"not_picked":["Dagger Spray+1","Bane+1"],"picked":"Terror","floor":21.0},{"not_picked":["Accuracy","Quick Slash"],"picked":"Bane+1","floor":23.0},{"not_picked":["PiercingWail","Outmaneuver"],"picked":"Blur","floor":24.0},{"not_picked":["Doppelganger","Flying Knee","Underhanded Strike"],"picked":"SKIP","floor":25.0}],"player_experience":306942,"relics_obtained":[{"floor":6.0,"key":"Mercury Hourglass"},{"floor":8.0,"key":"Bottled Flame"},{"floor":9.0,"key":"Letter Opener"},{"floor":23.0,"key":"MawBank"},{"floor":26.0,"key":"Sundial"}],"event_choices":[{"damage_healed":0.0,"max_hp_gain":0.0,"max_hp_loss":0.0,"gold_gain":175.0,"event_name":"Liars Game","player_choice":"AGREE","floor":2.0,"gold_loss":0.0,"damage_taken":0.0,"cards_obtained":["Doubt"]},{"cards_removed":["Strike_G"],"damage_healed":0.0,"max_hp_gain":0.0,"max_hp_loss":0.0,"gold_gain":0.0,"event_name":"The Cleric","player_choice":"Card Removal","floor":3.0,"gold_loss":50.0,"damage_taken":0.0},{"damage_healed":0.0,"max_hp_gain":0.0,"max_hp_loss":5.0,"gold_gain":0.0,"event_name":"Golden Idol","player_choice":"Lose Max HP","floor":11.0,"gold_loss":0.0,"damage_taken":0.0,"relics_obtained":["Golden Idol"]},{"damage_healed":0.0,"max_hp_gain":0.0,"max_hp_loss":0.0,"gold_gain":0.0,"event_name":"Masked Bandits","player_choice":"Paid Fearfully","floor":27.0,"gold_loss":129.0,"damage_taken":0.0},{"damage_healed":0.0,"max_hp_gain":0.0,"max_hp_loss":0.0,"gold_gain":0.0,"event_name":"Back to Basics","player_choice":"Simplicity","floor":29.0,"gold_loss":0.0,"damage_taken":0.0,"cards_upgraded":["Defend_G","Defend_G","Defend_G","Defend_G","Defend_G","Strike_G","Strike_G","Strike_G"]}],"is_beta":false,"boss_relics":[{"not_picked":["WristBlade","Fusion Hammer"],"picked":"Ring of the Serpent"}],"items_purged_floors":[5,20],"is_endless":false,"potions_floor_spawned":[4,7,8,13,16,18,19,23,25],"killed_by":"Snake Plant","ascension_level":9}