{"gold_per_floor":[110,110,35,47,64,99,99,115,193,211,242,257,270,286,286,384,384,396,407,407,19,36,36,51,51,51,71,71,84,102,131,131,131],"floor_reached":33,"playtime":1343,"items_purged":["Regret","Strike_B"],"score":285,"play_id":"31f2b3b9-ec8f-49af-aff6-045b03ffbc48","local_time":"20190220145528","is_ascension_mode":false,"campfire_choices":[{"data":"Zap","floor":7,"key":"SMITH"},{"data":"White Noise","floor":15,"key":"SMITH"},{"data":"Creative AI","floor":23,"key":"SMITH"},{"floor":25,"key":"REST"},{"data":"Heatsinks","floor":28,"key":"SMITH"},{"floor":32,"key":"REST"}],"neow_cost":"NONE","seed_source_timestamp":50230806204935,"circlet_count":0,"master_deck":["Strike_B","Strike_B","Strike_B","Defend_B","Defend_B","Defend_B","Defend_B","Zap+1","Dualcast","Storm","Self Repair","Conserve Battery","Leap","Steam","Melter","Storm","Go for the Eyes","White Noise+1","Static Discharge","Creative AI+1","Storm","Conserve Battery","Heatsinks+1","Steam"],"relics":["Cracked Core","NeowsBlessing","StoneCalendar","Ancient Tea Set","Sundial","Pocketwatch","Philosopher\u0027s Stone","Bottled Tornado","Question Card","Girya"],"potions_floor_usage":[6,11,13,22,24,31,33],"damage_taken":[{"damage":0,"enemies":"Small Slimes","floor":1,"turns":1},{"damage":0,"enemies":"2 Louse","floor":4,"turns":1},{"damage":0,"enemies":"Cultist","floor":5,"turns":1},{"damage":51,"enemies":"Gremlin Nob","floor":6,"turns":5},{"damage":8,"enemies":"Exordium Wildlife","floor":8,"turns":3},{"damage":17,"enemies":"3 Louse","floor":10,"turns":5},{"damage":6,"enemies":"Lagavulin","floor":11,"turns":7},{"damage":0,"enemies":"Large Slime","floor":12,"turns":4},{"damage":0,"enemies":"2 Fungi Beasts","floor":13,"turns":3},{"damage":2,"enemies":"Exordium Wildlife","floor":14,"turns":3},{"damage":7,"enemies":"Hexaghost","floor":16,"turns":8},{"damage":0,"enemies":"Spheric Guardian","floor":18,"turns":3},{"damage":49,"enemies":"3 Byrds","floor":19,"turns":4},{"damage":10,"enemies":"Centurion and Healer","floor":22,"turns":6},{"damage":24,"enemies":"Snake Plant","floor":24,"turns":4},{"damage":5,"enemies":"Cultist and Chosen","floor":27,"turns":3},{"damage":16,"enemies":"Sentry and Sphere","floor":29,"turns":3},{"damage":12,"enemies":"Snake Plant","floor":30,"turns":3},{"damage":17,"enemies":"Gremlin Leader","floor":31,"turns":6},{"damage":35,"enemies":"Collector","floor":33,"turns":7}],"seed_played":"5237665439984895085","potions_obtained":[{"floor":1,"key":"GamblersBrew"},{"floor":6,"key":"Energy Potion"},{"floor":10,"key":"Weak Potion"},{"floor":11,"key":"LiquidBronze"},{"floor":18,"key":"GamblersBrew"},{"floor":22,"key":"SkillPotion"},{"floor":29,"key":"SteroidPotion"},{"floor":31,"key":"SkillPotion"}],"is_trial":false,"path_per_floor":["M","?","$","M","M","E","R","M","T","M","E","M","M","M","R","B",null,"M","M","?","$","M","R","M","R","T","M","R","M","M","E","R","B"],"character_chosen":"DEFECT","items_purchased":["Bottled Tornado","Storm"],"campfire_rested":2,"item_purchase_floors":[21,21],"current_hp_per_floor":[75,75,75,75,75,31,31,30,30,20,21,28,35,40,40,40,75,75,33,33,33,30,30,13,35,35,37,37,28,23,13,35,0],"gold":131,"neow_bonus":"THREE_ENEMY_KILL","is_prod":false,"is_daily":false,"chose_seed":false,"campfire_upgraded":4,"win_rate":0,"timestamp":1550696128,"path_taken":["M","?","$","M","M","E","R","M","T","M","E","M","M","M","R","BOSS","M","M","?","$","M","R","M","R","T","M","R","?","M","E","R","BOSS"],"build_version":"2019-01-23","purchased_purges":2,"victory":false,"max_hp_per_floor":[75,75,75,75,75,75,75,75,75,75,75,75,75,75,75,75,75,75,75,75,75,75,75,75,75,75,75,75,75,75,75,75,75],"card_choices":[{"not_picked":["Self Repair","Defragment"],"picked":"Storm","floor":1},{"not_picked":["Defragment","Chill"],"picked":"Self Repair","floor":4},{"not_picked":["Hologram","Coolheaded"],"picked":"Conserve Battery","floor":5},{"not_picked":["Rebound","Conserve Battery"],"picked":"Leap","floor":6},{"not_picked":["Cold Snap","Stack"],"picked":"Steam","floor":8},{"not_picked":["FTL","Cold Snap"],"picked":"Melter","floor":10},{"not_picked":["Sweeping Beam","Hologram"],"picked":"Storm","floor":11},{"not_picked":["Steam Power","Turbo"],"picked":"Go for the Eyes","floor":12},{"not_picked":["Sweeping Beam","Leap"],"picked":"White Noise","floor":13},{"not_picked":["Streamline","Chaos"],"picked":"Static Discharge","floor":14},{"not_picked":["Amplify","Seek"],"picked":"Creative AI","floor":16},{"not_picked":["Barrage","Chaos","Cold Snap"],"picked":"SKIP","floor":18},{"not_picked":["Beam Cell","Chill","Streamline"],"picked":"SKIP","floor":19},{"not_picked":["Lockon","Rebound","Double Energy"],"picked":"SKIP","floor":22},{"not_picked":["Beam Cell+1","Double Energy"],"picked":"Conserve Battery","floor":24},{"not_picked":["Coolheaded","Core Surge","Streamline+1"],"picked":"Heatsinks","floor":27},{"not_picked":["Streamline","Chaos+1","Redo","Darkness+1"],"picked":"SKIP","floor":29},{"not_picked":["Auto Shields","FTL+1","Steam Power","Coolheaded"],"picked":"SKIP","floor":30},{"not_picked":["Chaos","Compile Driver","Barrage"],"picked":"Steam","floor":31}],"player_experience":66066,"relics_obtained":[{"floor":6,"key":"Ancient Tea Set"},{"floor":9,"key":"Sundial"},{"floor":11,"key":"Pocketwatch"},{"floor":26,"key":"Question Card"},{"floor":31,"key":"Girya"}],"event_choices":[{"damage_healed":0,"gold_gain":0,"player_choice":"Box","damage_taken":0,"relics_obtained":["StoneCalendar"],"max_hp_gain":0,"max_hp_loss":0,"event_name":"Big Fish","floor":2,"gold_loss":0,"cards_obtained":["Regret"]},{"damage_healed":0,"gold_gain":0,"player_choice":"Bought 0 Potions","damage_taken":0,"max_hp_gain":0,"max_hp_loss":0,"event_name":"The Woman in Blue","floor":20,"gold_loss":0}],"is_beta":false,"boss_relics":[{"not_picked":["Empty Cage","FrozenCore"],"picked":"Philosopher\u0027s Stone"}],"items_purged_floors":[3,21],"is_endless":false,"potions_floor_spawned":[1,6,10,11,18,22,29,31],"killed_by":"Collector","ascension_level":0}