{"gold_per_floor":[114,126,144,158,168,195,53,53,53,53,65,65,80,102,102,102],"floor_reached":16,"playtime":866,"items_purged":[],"score":104,"play_id":"118379b5-8aad-4c1b-b924-0aa82829f55a","local_time":"20190520001031","is_ascension_mode":false,"campfire_choices":[{"data":"Footwork","floor":8,"key":"SMITH"},{"floor":10,"key":"REST"},{"data":"Flying Knee","floor":12,"key":"SMITH"},{"floor":15,"key":"REST"}],"neow_cost":"NONE","seed_source_timestamp":258018509339165,"circlet_count":0,"master_deck":["Defend_G","Defend_G","Defend_G","Defend_G","Defend_G","Strike_G","Strike_G","Strike_G","Strike_G","Strike_G","Survivor","Neutralize","Escape Plan","Dagger Spray","Dagger Spray","Backflip","Flying Knee+1","Blur","Footwork+1","Tactician","Malaise","Acrobatics"],"relics":["Ring of the Snake","NeowsBlessing","Letter Opener","Singing Bowl","Odd Mushroom"],"potions_floor_usage":[],"damage_taken":[{"damage":0,"enemies":"Cultist","floor":1,"turns":1},{"damage":0,"enemies":"Small Slimes","floor":2,"turns":1},{"damage":0,"enemies":"Jaw Worm","floor":3,"turns":1},{"damage":6,"enemies":"Gremlin Gang","floor":4,"turns":3},{"damage":8,"enemies":"Blue Slaver","floor":5,"turns":4},{"damage":27,"enemies":"Lagavulin","floor":6,"turns":9},{"damage":0,"enemies":"Red Slaver","floor":11,"turns":6},{"damage":0,"enemies":"3 Louse","floor":13,"turns":3},{"damage":15,"enemies":"The Mushroom Lair","floor":14,"turns":5},{"damage":61,"enemies":"Hexaghost","floor":16,"turns":14}],"seed_played":"-7398834500457102442","potions_obtained":[{"floor":1,"key":"Explosive Potion"},{"floor":4,"key":"EssenceOfSteel"},{"floor":5,"key":"FearPotion"}],"is_trial":false,"path_per_floor":["M","M","M","M","M","E","$","R","T","R","M","R","M","?","R","B"],"character_chosen":"THE_SILENT","items_purchased":["Footwork","Tactician"],"campfire_rested":2,"item_purchase_floors":[7,7],"current_hp_per_floor":[70,70,70,64,56,29,29,29,29,50,52,52,52,37,58,0],"gold":102,"neow_bonus":"THREE_ENEMY_KILL","is_prod":false,"is_daily":false,"chose_seed":false,"campfire_upgraded":2,"win_rate":0,"timestamp":1558336231,"path_taken":["M","M","M","M","M","E","$","R","T","R","M","R","M","?","R","BOSS"],"build_version":"2019-01-23","purchased_purges":0,"victory":false,"max_hp_per_floor":[70,70,70,70,70,70,70,70,70,70,72,72,72,72,72,72],"card_choices":[{"not_picked":["Underhanded Strike","Blade Dance"],"picked":"Escape Plan","floor":1},{"not_picked":["Underhanded Strike","Flechettes"],"picked":"Dagger Spray","floor":2},{"not_picked":["Blade Dance","Cloak And Dagger"],"picked":"Dagger Spray","floor":3},{"not_picked":["Well Laid Plans","Bouncing Flask"],"picked":"Backflip","floor":4},{"not_picked":["Slice","Prepared"],"picked":"Flying Knee","floor":5},{"not_picked":["Dodge and Roll","Blade Dance"],"picked":"Blur","floor":6},{"not_picked":["Bane","Catalyst","Slice"],"picked":"Singing Bowl","floor":11},{"not_picked":["Well Laid Plans","Outmaneuver"],"picked":"Malaise","floor":13},{"not_picked":["Deadly Poison","Eviscerate"],"picked":"Acrobatics","floor":14}],"player_experience":201008,"relics_obtained":[{"floor":6,"key":"Letter Opener"},{"floor":9,"key":"Singing Bowl"},{"floor":14,"key":"Odd Mushroom"}],"event_choices":[{"damage_healed":0,"gold_gain":0,"player_choice":"Fought Mushrooms","damage_taken":0,"max_hp_gain":0,"max_hp_loss":0,"event_name":"Mushrooms","floor":14,"gold_loss":0}],"is_beta":false,"boss_relics":[],"items_purged_floors":[],"is_endless":false,"potions_floor_spawned":[1,4,5,13],"killed_by":"Hexaghost","ascension_level":0}