{"gold_per_floor":[110,127,144,160,172,172,205,205,229,264,283,283,283,301,301,378,378,389,400,416,416,431,431,431],"floor_reached":24,"playtime":733,"items_purged":[],"score":415,"play_id":"6b1c6175-65d8-4a8e-a7d0-f68fd5981295","local_time":"20190510025820","is_ascension_mode":true,"campfire_choices":[{"floor":6,"key":"REST"},{"data":"White Noise","floor":8,"key":"SMITH"},{"data":"Sunder","floor":12,"key":"SMITH"},{"floor":15,"key":"REST"},{"floor":23,"key":"REST"}],"neow_cost":"NONE","seed_source_timestamp":1077462269264804,"circlet_count":0,"master_deck":["AscendersBane","Strike_B","Strike_B","Strike_B","Defend_B","Defend_B+1","Defend_B","Defend_B+1","Zap","Dualcast","Leap","Capacitor","Ball Lightning","White Noise+1","Sweeping Beam","Coolheaded","Static Discharge","Sunder+1","Echo Form","Hologram+1","Conserve Battery","Defragment"],"relics":["Cracked Core","NeowsBlessing","Sundial","War Paint","Bronze Scales","Sozu","MutagenicStrength"],"potions_floor_usage":[5,7,11,16],"damage_taken":[{"damage":0,"enemies":"2 Louse","floor":1,"turns":1},{"damage":0,"enemies":"Cultist","floor":2,"turns":1},{"damage":0,"enemies":"Jaw Worm","floor":3,"turns":1},{"damage":13,"enemies":"3 Louse","floor":4,"turns":4},{"damage":35,"enemies":"Gremlin Gang","floor":5,"turns":4},{"damage":6,"enemies":"3 Sentries","floor":7,"turns":8},{"damage":0,"enemies":"Lagavulin","floor":10,"turns":7},{"damage":10,"enemies":"Lots of Slimes","floor":11,"turns":2},{"damage":8,"enemies":"Exordium Thugs","floor":14,"turns":4},{"damage":18,"enemies":"The Guardian","floor":16,"turns":11},{"damage":7,"enemies":"Shell Parasite","floor":18,"turns":5},{"damage":6,"enemies":"Spheric Guardian","floor":19,"turns":5},{"damage":23,"enemies":"3 Cultists","floor":20,"turns":6},{"damage":14,"enemies":"Snake Plant","floor":22,"turns":5},{"damage":47,"enemies":"Book of Stabbing","floor":24,"turns":3}],"seed_played":"-430933835571414497","potions_obtained":[{"floor":1,"key":"SkillPotion"},{"floor":5,"key":"Block Potion"},{"floor":7,"key":"Weak Potion"},{"floor":10,"key":"Swift Potion"}],"is_trial":false,"path_per_floor":["M","M","M","M","M","R","E","R","T","E","M","R","?","M","R","B",null,"M","M","M","?","M","R","E"],"character_chosen":"DEFECT","items_purchased":[],"campfire_rested":3,"item_purchase_floors":[],"current_hp_per_floor":[64,64,64,51,16,37,31,31,31,31,21,21,21,13,34,16,57,50,44,21,21,7,28,0],"gold":431,"neow_bonus":"THREE_ENEMY_KILL","is_prod":false,"is_daily":false,"chose_seed":false,"campfire_upgraded":2,"win_rate":0,"timestamp":1557475100,"path_taken":["M","M","M","M","M","R","E","R","T","E","M","R","?","?","R","BOSS","M","M","M","?","M","R","E"],"build_version":"2019-01-23","purchased_purges":0,"victory":false,"max_hp_per_floor":[71,71,71,71,71,71,71,71,71,71,71,71,71,71,71,71,71,71,71,71,71,71,71,71],"card_choices":[{"not_picked":["Lockon","Beam Cell"],"picked":"Leap","floor":1},{"not_picked":["Steam Power","Compile Driver"],"picked":"Capacitor","floor":2},{"not_picked":["Go for the Eyes","Self Repair"],"picked":"Ball Lightning","floor":3},{"not_picked":["Ball Lightning","Rebound"],"picked":"White Noise","floor":4},{"not_picked":["Barrage","Darkness"],"picked":"Sweeping Beam","floor":5},{"not_picked":["Gash","Reboot"],"picked":"Coolheaded","floor":7},{"not_picked":["Skim","Turbo"],"picked":"Static Discharge","floor":10},{"not_picked":["Stack","Tempest"],"picked":"Sunder","floor":11},{"not_picked":["Skim","Genetic Algorithm","Reprogram"],"picked":"SKIP","floor":14},{"not_picked":["Creative AI","Hyperbeam"],"picked":"Echo Form","floor":16},{"not_picked":["Compile Driver","Storm"],"picked":"Hologram+1","floor":18},{"not_picked":["Steam Power","Lockon+1"],"picked":"Conserve Battery","floor":19},{"not_picked":["Ball Lightning","Gash"],"picked":"Defragment","floor":20},{"not_picked":["Darkness","Turbo","Cold Snap"],"picked":"SKIP","floor":22}],"player_experience":390678,"relics_obtained":[{"floor":7,"key":"Sundial"},{"floor":9,"key":"War Paint"},{"floor":10,"key":"Bronze Scales"}],"event_choices":[{"cards_removed":["Strike_B"],"damage_healed":0,"gold_gain":0,"player_choice":"Offered Basic","damage_taken":0,"max_hp_gain":0,"max_hp_loss":0,"event_name":"Bonfire Elementals","floor":13,"gold_loss":0},{"damage_healed":0,"gold_gain":0,"player_choice":"Inject Mutagens","damage_taken":0,"relics_obtained":["MutagenicStrength"],"max_hp_gain":0,"max_hp_loss":0,"event_name":"Drug Dealer","floor":21,"gold_loss":0}],"is_beta":false,"boss_relics":[{"not_picked":["Velvet Choker","Runic Dome"],"picked":"Sozu"}],"items_purged_floors":[],"is_endless":false,"potions_floor_spawned":[1,5,7,10,19],"killed_by":"Book of Stabbing","ascension_level":15}