{"gold_per_floor":[213,213,231,241,241,269,269,286,354,371,371,397,362,380,380,483,483,495,327,327,327,0,35,48,105,105,105,121,121,154,80,80,178,178,192,210,210,227,237,237,270,270,270,270,284,301,0,10,10,10],"floor_reached":51,"playtime":2156,"items_purged":["Strike_G"],"score":909,"play_id":"36719ce6-45ed-4d3d-b9a6-fd818f5a0421","local_time":"20190321033638","is_ascension_mode":true,"campfire_choices":[{"data":"Footwork","floor":7,"key":"SMITH"},{"data":"Setup","floor":11,"key":"SMITH"},{"data":"Poisoned Stab","floor":15,"key":"SMITH"},{"floor":27,"key":"REST"},{"data":"Catalyst","floor":29,"key":"SMITH"},{"data":"Bouncing Flask","floor":32,"key":"SMITH"},{"data":"Burst","floor":40,"key":"SMITH"},{"data":"Calculated Gamble","floor":42,"key":"SMITH"},{"data":"Acrobatics","floor":44,"key":"SMITH"},{"data":"Backflip","floor":49,"key":"SMITH"}],"neow_cost":"NONE","seed_source_timestamp":355894055352810,"circlet_count":0,"master_deck":["Defend_G","Defend_G","Defend_G","Defend_G","Defend_G","Strike_G","Strike_G","Strike_G","Survivor","Neutralize+1","Slice","Setup+1","Footwork+1","Cloak And Dagger","Poisoned Stab+1","Grand Finale","Escape Plan","Corpse Explosion","Deflect+1","Bouncing Flask+1","Backflip+1","Acrobatics+1","Sucker Punch","Catalyst+1","Catalyst+1","Calculated Gamble+1","PiercingWail","Deadly Poison","Caltrops+1","Burst+1","Deadly Poison","Outmaneuver+1","Escape Plan+1"],"relics":["Ring of the Snake","Incense Burner","Pear","Potion Belt","Eternal Feather","Frozen Egg 2","Omamori","Tiny Chest","Dead Branch","Lantern","Bag of Marbles","Bottled Flame","Red Mask"],"potions_floor_usage":[12,25,25,32,38,39,50,50],"damage_taken":[{"damage":0,"enemies":"Cultist","floor":1,"turns":3},{"damage":2,"enemies":"Small Slimes","floor":3,"turns":4},{"damage":0,"enemies":"Jaw Worm","floor":4,"turns":4},{"damage":29,"enemies":"Gremlin Nob","floor":6,"turns":6},{"damage":0,"enemies":"Exordium Wildlife","floor":8,"turns":5},{"damage":0,"enemies":"3 Louse","floor":10,"turns":4},{"damage":19,"enemies":"3 Sentries","floor":12,"turns":15},{"damage":6,"enemies":"Blue Slaver","floor":14,"turns":3},{"damage":24,"enemies":"The Guardian","floor":16,"turns":16},{"damage":15,"enemies":"3 Byrds","floor":18,"turns":4},{"damage":0,"enemies":"Slavers","floor":23,"turns":3},{"damage":16,"enemies":"Spheric Guardian","floor":24,"turns":5},{"damage":32,"enemies":"Gremlin Leader","floor":25,"turns":5},{"damage":2,"enemies":"Snecko","floor":28,"turns":4},{"damage":14,"enemies":"Book of Stabbing","floor":30,"turns":4},{"damage":45,"enemies":"Champ","floor":33,"turns":7},{"damage":18,"enemies":"Orb Walker","floor":35,"turns":5},{"damage":0,"enemies":"3 Darklings","floor":36,"turns":2},{"damage":24,"enemies":"4 Shapes","floor":38,"turns":2},{"damage":15,"enemies":"Transient","floor":39,"turns":5},{"damage":7,"enemies":"Giant Head","floor":41,"turns":6},{"damage":12,"enemies":"Spire Growth","floor":45,"turns":3},{"damage":8,"enemies":"Maw","floor":46,"turns":4},{"damage":0,"enemies":"Transient","floor":48,"turns":5},{"damage":58,"enemies":"Awakened One","floor":50,"turns":14}],"seed_played":"989890050902254567","potions_obtained":[{"floor":3,"key":"FairyPotion"},{"floor":6,"key":"SteroidPotion"},{"floor":8,"key":"Swift Potion"},{"floor":14,"key":"Energy Potion"},{"floor":16,"key":"FearPotion"},{"floor":24,"key":"LiquidBronze"},{"floor":25,"key":"SteroidPotion"},{"floor":30,"key":"Fruit Juice"},{"floor":36,"key":"AttackPotion"},{"floor":38,"key":"Fire Potion"},{"floor":45,"key":"Regen Potion"}],"is_trial":false,"path_per_floor":["M","?","M","M","?","E","R","M","T","M","R","E","?","M","R","B",null,"M","$","?","?","$","E","M","E","T","R","M","R","E","$","R","B",null,"M","M","?","M","M","R","E","R","T","R","M","M","?","M","R","B",null],"character_chosen":"THE_SILENT","items_purchased":["Bouncing Flask","Backflip","Frozen Egg 2","Acrobatics","Sucker Punch","Caltrops+1"],"campfire_rested":1,"item_purchase_floors":[19,19,22,22,22,31],"current_hp_per_floor":[70,70,68,68,68,39,39,39,49,49,49,30,50,44,44,20,80,65,65,65,65,65,65,49,17,17,56,54,69,55,55,75,30,85,67,67,67,43,28,46,39,57,57,75,63,55,55,55,73,29],"gold":10,"neow_bonus":"HUNDRED_GOLD","is_prod":false,"is_daily":false,"chose_seed":false,"campfire_upgraded":9,"win_rate":0,"timestamp":1553157398,"path_taken":["M","?","M","M","?","E","R","M","T","?","R","E","?","M","R","BOSS","M","$","?","?","$","E","M","E","T","R","M","R","E","?","R","BOSS","M","?","?","M","M","R","E","R","T","R","M","M","?","M","R","BOSS"],"build_version":"2019-01-23","purchased_purges":1,"victory":true,"max_hp_per_floor":[70,70,70,70,70,70,70,70,80,80,80,80,80,80,80,80,80,80,80,80,80,80,80,80,80,80,80,80,80,80,80,85,85,85,85,85,81,81,81,81,81,81,81,81,81,81,81,81,81,81],"card_choices":[{"not_picked":["Flying Knee","Backflip"],"picked":"Slice","floor":1},{"not_picked":["Deflect","Dagger Throw"],"picked":"Setup","floor":3},{"not_picked":["Well Laid Plans","Acrobatics"],"picked":"Footwork","floor":4},{"not_picked":["Bane","Slice"],"picked":"Cloak And Dagger","floor":6},{"not_picked":["Prepared","Dagger Throw"],"picked":"Poisoned Stab","floor":8},{"not_picked":["Flying Knee","Outmaneuver"],"picked":"Grand Finale","floor":10},{"not_picked":["Bane","Prepared"],"picked":"Escape Plan","floor":12},{"not_picked":["Expertise","Underhanded Strike","Sucker Punch"],"picked":"SKIP","floor":14},{"not_picked":["Tools of the Trade","Phantasmal Killer"],"picked":"Corpse Explosion","floor":16},{"not_picked":["Prepared","Heel Hook"],"picked":"Deflect+1","floor":18},{"not_picked":["Bouncing Flask","Outmaneuver"],"picked":"Catalyst","floor":23},{"not_picked":["Caltrops+1","Finisher"],"picked":"Catalyst+1","floor":24},{"not_picked":["Poisoned Stab","Doppelganger"],"picked":"Calculated Gamble","floor":25},{"not_picked":["Masterful Stab+1","Underhanded Strike"],"picked":"PiercingWail","floor":28},{"not_picked":["Concentrate","Catalyst"],"picked":"Deadly Poison","floor":30},{"not_picked":["Venomology","Die Die Die"],"picked":"Burst","floor":33},{"not_picked":["Dagger Spray+1","Cloak And Dagger+1"],"picked":"Deadly Poison","floor":35},{"not_picked":["Expertise+1","Slice+1","Dodge and Roll"],"picked":"SKIP","floor":36},{"not_picked":["PiercingWail","Backflip"],"picked":"Outmaneuver+1","floor":38},{"not_picked":["Leg Sweep+1","Reflex+1","Slice+1"],"picked":"SKIP","floor":39},{"not_picked":["Distraction","Doppelganger","Choke"],"picked":"SKIP","floor":41},{"not_picked":["Slice+1","Dagger Spray","Predator+1"],"picked":"SKIP","floor":45},{"not_picked":["Setup","Infinite Blades+1"],"picked":"Escape Plan+1","floor":46},{"not_picked":["All Out Attack+1","Poisoned Stab+1","Underhanded Strike"],"picked":"SKIP","floor":48}],"player_experience":239342,"relics_obtained":[{"floor":6,"key":"Incense Burner"},{"floor":9,"key":"Pear"},{"floor":12,"key":"Potion Belt"},{"floor":23,"key":"Omamori"},{"floor":25,"key":"Tiny Chest"},{"floor":26,"key":"Dead Branch"},{"floor":30,"key":"Lantern"},{"floor":41,"key":"Bag of Marbles"},{"floor":43,"key":"Bottled Flame"}],"event_choices":[{"damage_healed":0,"gold_gain":0,"player_choice":"Grow","damage_taken":0,"max_hp_gain":0,"max_hp_loss":0,"event_name":"Living Wall","floor":2,"gold_loss":0,"cards_upgraded":["Neutralize"]},{"cards_removed":["Strike_G"],"damage_healed":0,"gold_gain":0,"player_choice":"Purged","damage_taken":0,"max_hp_gain":0,"max_hp_loss":0,"event_name":"Purifier","floor":5,"gold_loss":0},{"damage_healed":20,"gold_gain":0,"player_choice":"Healed","damage_taken":0,"max_hp_gain":0,"max_hp_loss":0,"event_name":"The Cleric","floor":13,"gold_loss":35},{"damage_healed":0,"gold_gain":0,"player_choice":"Ignored","damage_taken":0,"max_hp_gain":0,"max_hp_loss":0,"event_name":"Vampires","floor":20,"gold_loss":0},{"damage_healed":0,"gold_gain":0,"player_choice":"Ignored","damage_taken":0,"max_hp_gain":0,"max_hp_loss":0,"event_name":"Ghosts","floor":21,"gold_loss":0},{"damage_healed":0,"gold_gain":0,"player_choice":"Max HP","damage_taken":0,"max_hp_gain":0,"max_hp_loss":4,"event_name":"Winding Halls","floor":37,"gold_loss":0},{"damage_healed":0,"gold_gain":0,"player_choice":"Paid","damage_taken":0,"relics_obtained":["Red Mask"],"max_hp_gain":0,"max_hp_loss":0,"event_name":"Tomb of Lord Red Mask","floor":47,"gold_loss":301}],"is_beta":false,"boss_relics":[{"not_picked":["Empty Cage","Philosopher\u0027s Stone"],"picked":"Eternal Feather"},{"not_picked":["Pandora\u0027s Box","HoveringKite","Orrery"]}],"items_purged_floors":[19],"is_endless":false,"potions_floor_spawned":[3,6,8,14,16,24,25,30,36,38,45,48],"ascension_level":3}