{"gold_per_floor":[114,124,140,159,4,38,38,72,148,148,323,40,70,70,70,170,170,182,182,199,23,23,23,23,36,36,36,65,76,92,31,31,131,131,148,148,161,173,12,12,45,63,63,90,90,34,34,4,4,4],"floor_reached":51,"playtime":1469,"items_purged":["Strike_G","Doubt","Strike_G","Pain"],"score":1042,"play_id":"532d8662-b163-4953-8b11-bb089f68b134","local_time":"20190322031859","is_ascension_mode":true,"campfire_choices":[{"data":"Backflip","floor":7,"key":"SMITH"},{"data":"Doppelganger","floor":10,"key":"SMITH"},{"floor":15,"key":"REST"},{"data":"Blade Dance","floor":23,"key":"SMITH"},{"floor":27,"key":"REST"},{"data":"Cloak And Dagger","floor":32,"key":"SMITH"},{"data":"1","floor":40,"key":"LIFT"},{"floor":45,"key":"REST"},{"floor":47,"key":"REST"},{"data":"Blade Dance","floor":49,"key":"SMITH"}],"neow_cost":"NONE","seed_source_timestamp":441928123510722,"circlet_count":0,"master_deck":["Defend_G","Defend_G","Defend_G","Defend_G","Defend_G","Strike_G","Strike_G","Strike_G","Survivor","Neutralize","Endless Agony","Prepared","Dagger Spray","Quick Slash","Backstab","Backflip+1","Doppelganger+1","Blade Dance+1","Underhanded Strike","Envenom+1","Acrobatics","Necronomicurse","Deadly Poison+1","Blade Dance+1","PiercingWail","Catalyst+1","Noxious Fumes+1","Cloak And Dagger+1","Slice","Tools of the Trade+1","Doubt","Parasite","Footwork+1","Catalyst+1","Tactician+1","Prepared+1","Blade Dance+1","Cloak And Dagger+1","Footwork+1","Calculated Gamble+1"],"relics":["Ring of the Snake","Vajra","Shuriken","Ice Cream","Mercury Hourglass","PreservedInsect","Oddly Smooth Stone","Frozen Egg 2","Philosopher\u0027s Stone","Necronomicon","MutagenicStrength","Meat on the Bone","The Courier","Calling Bell","Lantern","Toxic Egg 2","Girya","Calipers","Regal Pillow","Art of War"],"potions_floor_usage":[6,41,41,42,44,50],"damage_taken":[{"damage":0,"enemies":"Jaw Worm","floor":1,"turns":5},{"damage":1,"enemies":"Small Slimes","floor":2,"turns":3},{"damage":0,"enemies":"2 Louse","floor":3,"turns":3},{"damage":0,"enemies":"Blue Slaver","floor":4,"turns":3},{"damage":15,"enemies":"Gremlin Nob","floor":6,"turns":4},{"damage":2,"enemies":"3 Sentries","floor":8,"turns":5},{"damage":2,"enemies":"Lagavulin","floor":13,"turns":3},{"damage":17,"enemies":"The Guardian","floor":16,"turns":13},{"damage":0,"enemies":"Chosen","floor":18,"turns":3},{"damage":0,"enemies":"Spheric Guardian","floor":20,"turns":1},{"damage":2,"enemies":"Cultist and Chosen","floor":25,"turns":3},{"damage":13,"enemies":"Slavers","floor":28,"turns":4},{"damage":0,"enemies":"Snake Plant","floor":29,"turns":2},{"damage":15,"enemies":"Chosen and Byrds","floor":30,"turns":4},{"damage":4,"enemies":"Collector","floor":33,"turns":5},{"damage":17,"enemies":"3 Darklings","floor":35,"turns":3},{"damage":2,"enemies":"Orb Walker","floor":37,"turns":2},{"damage":0,"enemies":"3 Darklings","floor":38,"turns":4},{"damage":0,"enemies":"Reptomancer","floor":41,"turns":2},{"damage":15,"enemies":"Jaw Worm Horde","floor":42,"turns":5},{"damage":44,"enemies":"Nemesis","floor":44,"turns":5},{"damage":63,"enemies":"Awakened One","floor":50,"turns":9}],"seed_played":"3158234560543872122","potions_obtained":[{"floor":1,"key":"Ancient Potion"},{"floor":4,"key":"Weak Potion"},{"floor":8,"key":"FearPotion"},{"floor":16,"key":"FearPotion"},{"floor":20,"key":"Block Potion"},{"floor":28,"key":"Swift Potion"},{"floor":30,"key":"GamblersBrew"},{"floor":41,"key":"Dexterity Potion"},{"floor":42,"key":"Fire Potion"}],"is_trial":false,"path_per_floor":["M","M","M","M","$","E","R","E","T","R","?","$","E","?","R","B",null,"M","?","M","$","?","R","?","M","T","R","E","M","M","$","R","B",null,"M","?","M","M","$","R","E","M","T","E","R","$","R","$","R","B",null],"character_chosen":"THE_SILENT","items_purchased":["Backstab","PreservedInsect","Blade Dance","Blade Dance","Cloak And Dagger","Slice","Prepared+1","Footwork+1","Calculated Gamble+1"],"campfire_rested":4,"item_purchase_floors":[5,12,12,21,31,31,39,46,48],"current_hp_per_floor":[63,62,62,62,62,47,47,45,45,45,45,45,43,18,39,22,58,58,42,42,42,42,42,29,27,27,49,48,48,45,45,45,41,67,50,50,48,48,48,48,48,45,45,13,50,50,75,75,75,24],"gold":4,"neow_bonus":"RANDOM_COMMON_RELIC","is_prod":false,"is_daily":false,"chose_seed":false,"campfire_upgraded":5,"win_rate":0,"timestamp":1553242739,"path_taken":["M","M","M","M","$","E","R","E","T","R","?","$","E","?","R","BOSS","M","?","M","$","?","R","?","M","T","R","E","M","M","$","R","BOSS","M","?","M","M","$","R","E","M","T","E","R","$","R","?","R","BOSS"],"build_version":"2019-01-23","purchased_purges":4,"victory":true,"max_hp_per_floor":[70,70,70,70,70,70,70,70,70,70,70,70,70,70,70,70,70,70,70,70,70,70,70,75,75,75,75,75,75,75,75,75,75,75,75,75,75,75,75,75,75,75,75,75,75,75,75,75,75,75],"card_choices":[{"not_picked":["Skewer","All Out Attack"],"picked":"Endless Agony","floor":1},{"not_picked":["Tactician","Heel Hook"],"picked":"Prepared","floor":2},{"not_picked":["Poisoned Stab","Skewer"],"picked":"Dagger Spray","floor":3},{"not_picked":["Dash","Acrobatics"],"picked":"Quick Slash","floor":4},{"not_picked":["Flechettes","Acrobatics"],"picked":"Backflip","floor":6},{"not_picked":["Dodge and Roll","Dagger Spray"],"picked":"Doppelganger","floor":8},{"not_picked":["Dagger Spray","Masterful Stab"],"picked":"Underhanded Strike","floor":13},{"not_picked":["Doppelganger","Die Die Die"],"picked":"Envenom+1","floor":16},{"not_picked":["Dagger Throw+1","Poisoned Stab"],"picked":"Acrobatics","floor":18},{"not_picked":["Flechettes","Dash"],"picked":"Deadly Poison+1","floor":20},{"not_picked":["Blade Dance","Slice"],"picked":"PiercingWail","floor":25},{"not_picked":["Outmaneuver","Caltrops+1"],"picked":"Catalyst+1","floor":28},{"not_picked":["Dagger Throw","Flying Knee+1","Acrobatics"],"picked":"SKIP","floor":29},{"not_picked":["Expertise","Slice"],"picked":"Noxious Fumes+1","floor":30},{"not_picked":["Bullet Time","Malaise"],"picked":"Tools of the Trade+1","floor":33},{"not_picked":["Bane","Dodge and Roll+1"],"picked":"Footwork+1","floor":35},{"not_picked":["Bane","Quick Slash+1"],"picked":"Catalyst+1","floor":37},{"not_picked":["Dagger Spray","Bane+1"],"picked":"Tactician+1","floor":38},{"not_picked":["Unload","Concentrate+1","Outmaneuver+1"],"picked":"SKIP","floor":41},{"not_picked":["Prepared+1","Choke"],"picked":"Blade Dance+1","floor":42},{"not_picked":["Eviscerate","PiercingWail+1"],"picked":"Cloak And Dagger+1","floor":44}],"player_experience":257138,"relics_obtained":[{"floor":6,"key":"Shuriken"},{"floor":8,"key":"Ice Cream"},{"floor":9,"key":"Mercury Hourglass"},{"floor":13,"key":"Oddly Smooth Stone"},{"floor":19,"key":"Necronomicon"},{"floor":26,"key":"Meat on the Bone"},{"floor":28,"key":"The Courier"},{"floor":34,"key":"Lantern"},{"floor":34,"key":"Toxic Egg 2"},{"floor":34,"key":"Girya"},{"floor":41,"key":"Calipers"},{"floor":43,"key":"Regal Pillow"},{"floor":44,"key":"Art of War"}],"event_choices":[{"damage_healed":0,"gold_gain":175,"player_choice":"AGREE","damage_taken":0,"max_hp_gain":0,"max_hp_loss":0,"event_name":"Liars Game","floor":11,"gold_loss":0,"cards_obtained":["Doubt"]},{"damage_healed":0,"gold_gain":0,"player_choice":"Success","damage_taken":25,"relics_obtained":["Frozen Egg 2"],"max_hp_gain":0,"max_hp_loss":0,"event_name":"Scrap Ooze","floor":14,"gold_loss":0},{"damage_healed":0,"gold_gain":0,"player_choice":"Obtained Book","damage_taken":16,"max_hp_gain":0,"max_hp_loss":0,"event_name":"Cursed Tome","floor":19,"gold_loss":0},{"damage_healed":0,"gold_gain":0,"player_choice":"Inject Mutagens","damage_taken":0,"relics_obtained":["MutagenicStrength"],"max_hp_gain":0,"max_hp_loss":0,"event_name":"Drug Dealer","floor":22,"gold_loss":0},{"damage_healed":0,"gold_gain":0,"player_choice":"Shed Blood","damage_taken":18,"max_hp_gain":5,"max_hp_loss":0,"event_name":"Forgotten Altar","floor":24,"gold_loss":0},{"damage_healed":0,"gold_gain":0,"player_choice":"Ignored","damage_taken":0,"max_hp_gain":0,"max_hp_loss":0,"event_name":"Tomb of Lord Red Mask","floor":36,"gold_loss":0}],"is_beta":false,"boss_relics":[{"not_picked":["Snecko Eye","Coffee Dripper"],"picked":"Philosopher\u0027s Stone"},{"not_picked":["Velvet Choker","Runic Dome"],"picked":"Calling Bell"}],"items_purged_floors":[5,12,21,39],"is_endless":false,"potions_floor_spawned":[1,4,8,16,20,28,30,41,42],"ascension_level":7}