{"gold_per_floor":[114,94,104,115,165,195,206,216,216,216,226,226,237,266,266,339,339,349,46,41,41,61,61,76,76,122,159,171],"floor_reached":28,"playtime":787,"items_purged":["Strike_R"],"score":479,"play_id":"670eb4ac-8aa1-4083-9fa6-320019f4c19c","local_time":"20190517015536","is_ascension_mode":true,"campfire_choices":[{"floor":10,"key":"REST"},{"data":"Armaments","floor":15,"key":"SMITH"},{"floor":23,"key":"REST"},{"data":"Dark Embrace","floor":25,"key":"SMITH"}],"neow_cost":"NONE","seed_source_timestamp":8037148055198,"circlet_count":0,"master_deck":["AscendersBane","Strike_R","Strike_R","Strike_R","Defend_R","Defend_R","Defend_R","Defend_R","Bash","Iron Wave","Wild Strike","Sentinel","Anger","Twin Strike","Impervious","Thunderclap","Corruption","Pommel Strike","Armaments+1","Dark Embrace+1","Battle Trance","Shrug It Off","Cleave","Seeing Red+1","Clothesline+1"],"special_seed":0,"relics":["Burning Blood","Strawberry","Mercury Hourglass","Dodecahedron","Cursed Key","Omamori","MawBank","Matryoshka"],"potions_floor_usage":[16,16],"damage_taken":[{"damage":3.0,"enemies":"2 Louse","floor":1.0,"turns":4.0},{"damage":1,"enemies":"Cultist","floor":3,"turns":3},{"damage":7,"enemies":"Small Slimes","floor":4,"turns":3},{"damage":27,"enemies":"Gremlin Nob","floor":6,"turns":4},{"damage":9,"enemies":"2 Fungi Beasts","floor":7,"turns":4},{"damage":42,"enemies":"Exordium Thugs","floor":8,"turns":7},{"damage":0,"enemies":"Large Slime","floor":11,"turns":4},{"damage":2,"enemies":"2 Fungi Beasts","floor":13,"turns":3},{"damage":24,"enemies":"Lagavulin","floor":14,"turns":6},{"damage":33,"enemies":"Slime Boss","floor":16,"turns":11},{"damage":14,"enemies":"Spheric Guardian","floor":18,"turns":5},{"damage":27,"enemies":"2 Thieves","floor":20,"turns":5},{"damage":11,"enemies":"Snecko","floor":22,"turns":6},{"damage":19,"enemies":"Centurion and Healer","floor":24,"turns":7},{"damage":34,"enemies":"Slavers","floor":27,"turns":5},{"damage":15,"enemies":"Snake Plant","floor":28,"turns":3}],"seed_played":"6119748218364027115","potions_obtained":[{"floor":2.0,"key":"Regen Potion"},{"floor":3,"key":"Dexterity Potion"},{"floor":4,"key":"Explosive Potion"},{"floor":16,"key":"Ancient Potion"},{"floor":18,"key":"SteroidPotion"}],"is_trial":false,"path_per_floor":["M","?","M","M","?","E","M","M","T","R","M","?","M","E","R","B",null,"M","$","M","$","M","R","M","R","T","E","M"],"character_chosen":"IRONCLAD","items_purchased":["Shrug It Off","Omamori"],"campfire_rested":2,"item_purchase_floors":[19,19],"current_hp_per_floor":[71,71,75,74,74,60,57,21,21,45,51,44,48,30,30,12,65,57,57,36,36,31,55,42,42,42,14,0],"gold":171,"neow_bonus":"THREE_CARDS","is_prod":false,"is_daily":false,"chose_seed":false,"campfire_upgraded":2,"win_rate":0,"timestamp":1558076136,"path_taken":["M","?","?","M","?","E","M","M","T","R","?","?","M","E","R","BOSS","M","$","M","$","M","R","M","R","T","E","M"],"build_version":"2019-01-23","purchased_purges":1,"victory":false,"max_hp_per_floor":[75,75,75,75,75,82,82,82,82,82,82,82,82,82,82,82,82,82,82,82,82,82,82,82,82,82,82,82],"card_choices":[{"not_picked":["Armaments","True Grit"],"picked":"Iron Wave","floor":0.0},{"not_picked":["Havoc","Iron Wave"],"picked":"Wild Strike","floor":1.0},{"not_picked":["Corruption","Second Wind"],"picked":"Sentinel","floor":3},{"not_picked":["Intimidate","Headbutt"],"picked":"Anger","floor":4},{"not_picked":["Infernal Blade","Seeing Red"],"picked":"Twin Strike","floor":6},{"not_picked":["Carnage","Evolve"],"picked":"Impervious","floor":7},{"not_picked":["Reckless Charge","Warcry"],"picked":"Thunderclap","floor":8},{"not_picked":["Twin Strike","Burning Pact"],"picked":"Corruption","floor":11},{"not_picked":["Havoc","Searing Blow"],"picked":"Pommel Strike","floor":13},{"not_picked":["Intimidate","Perfected Strike"],"picked":"Armaments","floor":14},{"not_picked":["Barricade","Double Tap"],"picked":"Dark Embrace","floor":16},{"not_picked":["Dropkick","Heavy Blade"],"picked":"Battle Trance","floor":18},{"not_picked":["Warcry","Body Slam"],"picked":"Cleave","floor":20},{"not_picked":["Warcry","Thunderclap"],"picked":"Seeing Red+1","floor":22},{"not_picked":["Headbutt","Thunderclap","Heavy Blade"],"picked":"SKIP","floor":24},{"not_picked":["Havoc","Corruption"],"picked":"Clothesline+1","floor":27}],"player_experience":427597,"relics_obtained":[{"floor":6,"key":"Strawberry"},{"floor":9,"key":"Mercury Hourglass"},{"floor":14,"key":"Dodecahedron"},{"floor":26,"key":"MawBank"},{"floor":27,"key":"Matryoshka"}],"event_choices":[{"damage_healed":0.0,"max_hp_gain":0.0,"max_hp_loss":0.0,"gold_gain":0.0,"event_name":"The Woman in Blue","player_choice":"Bought 1 Potion","floor":2.0,"gold_loss":0.0,"damage_taken":0.0},{"damage_healed":0,"gold_gain":50,"player_choice":"Pray","damage_taken":0,"max_hp_gain":0,"max_hp_loss":0,"event_name":"Golden Shrine","floor":5,"gold_loss":0},{"cards_removed":["Strike_R"],"damage_healed":0,"gold_gain":0,"player_choice":"Card Removal","damage_taken":7,"max_hp_gain":0,"max_hp_loss":0,"event_name":"Golden Wing","floor":12,"gold_loss":0}],"is_beta":false,"boss_relics":[{"not_picked":["Black Blood","Empty Cage"],"picked":"Cursed Key"}],"items_purged_floors":[19],"is_endless":false,"potions_floor_spawned":[3,4,6,13,16,18,22,27],"killed_by":"Snake Plant","ascension_level":18}