{"gold_per_floor":[119,119,136,136,188,188,198,227,227,256,270,49,49,123,123,123],"floor_reached":16,"playtime":447,"items_purged":["Power Through"],"score":113,"play_id":"69697e29-d091-48dc-886b-82195781af33","local_time":"20190520174251","is_ascension_mode":true,"campfire_choices":[{"data":"Bash","floor":6,"key":"SMITH"},{"floor":15,"key":"REST"}],"neow_cost":"NONE","seed_source_timestamp":69080062874320,"circlet_count":0,"master_deck":["Strike_R+1","Strike_R","Strike_R","Strike_R","Defend_R","Defend_R+1","Defend_R","Defend_R","Bash+1","Battle Trance","Iron Wave","Clothesline","Iron Wave","Sword Boomerang"],"relics":["Burning Blood","NeowsBlessing","Dream Catcher","Lantern","Ginger","Paper Frog","PreservedInsect"],"potions_floor_usage":[8,16],"damage_taken":[{"damage":0,"enemies":"Jaw Worm","floor":1,"turns":1},{"damage":0,"enemies":"2 Louse","floor":3,"turns":1},{"damage":0,"enemies":"Small Slimes","floor":7,"turns":1},{"damage":24,"enemies":"Gremlin Nob","floor":8,"turns":5},{"damage":41,"enemies":"3 Sentries","floor":10,"turns":16},{"damage":11,"enemies":"Exordium Thugs","floor":11,"turns":5},{"damage":36,"enemies":"The Guardian","floor":16,"turns":10}],"seed_played":"-3588107594200888122","potions_obtained":[{"floor":1,"key":"FearPotion"},{"floor":3,"key":"Block Potion"},{"floor":10,"key":"LiquidBronze"}],"is_trial":false,"path_per_floor":["M","?","M","?","T","R","M","E","T","E","M","$","?","?","R","B"],"character_chosen":"IRONCLAD","items_purchased":["PreservedInsect"],"campfire_rested":1,"item_purchase_floors":[12],"current_hp_per_floor":[80,80,80,85,85,85,85,67,67,32,27,27,10,10,35,0],"gold":123,"neow_bonus":"THREE_ENEMY_KILL","is_prod":false,"is_daily":false,"chose_seed":false,"campfire_upgraded":1,"win_rate":0,"timestamp":1558395771,"path_taken":["M","?","M","?","?","R","M","E","T","E","M","$","?","?","R","BOSS"],"build_version":"2019-01-23","purchased_purges":1,"victory":false,"max_hp_per_floor":[80,80,80,85,85,85,85,85,85,85,85,85,85,85,85,85],"card_choices":[{"not_picked":["Clash","Combust"],"picked":"Battle Trance","floor":1},{"not_picked":["Burning Pact","Anger","Wild Strike"],"picked":"SKIP","floor":3},{"not_picked":["Ghostly Armor","Wild Strike","Anger"],"picked":"SKIP","floor":7},{"not_picked":["Flex","Anger"],"picked":"Iron Wave","floor":8},{"not_picked":["Clash","Burning Pact"],"picked":"Clothesline","floor":10},{"not_picked":["Headbutt","Perfected Strike"],"picked":"Iron Wave","floor":11},{"not_picked":["Shrug It Off","Fire Breathing"],"picked":"Sword Boomerang","floor":15}],"player_experience":271501,"relics_obtained":[{"floor":5,"key":"Dream Catcher"},{"floor":8,"key":"Lantern"},{"floor":9,"key":"Ginger"},{"floor":10,"key":"Paper Frog"}],"event_choices":[{"damage_healed":0,"gold_gain":0,"cards_transformed":["Strike_R"],"player_choice":"Change","damage_taken":0,"max_hp_gain":0,"max_hp_loss":0,"event_name":"Living Wall","floor":2,"gold_loss":0,"cards_obtained":["Power Through"]},{"damage_healed":0,"gold_gain":0,"player_choice":"Donut","damage_taken":0,"max_hp_gain":5,"max_hp_loss":0,"event_name":"Big Fish","floor":4,"gold_loss":0},{"damage_healed":0,"gold_gain":0,"player_choice":"Entered Light","damage_taken":17,"max_hp_gain":0,"max_hp_loss":0,"event_name":"Shining Light","floor":13,"gold_loss":0,"cards_upgraded":["Strike_R","Defend_R"]},{"damage_healed":0,"gold_gain":74,"player_choice":"Gained Gold","damage_taken":0,"max_hp_gain":0,"max_hp_loss":0,"event_name":"Golden Wing","floor":14,"gold_loss":0}],"is_beta":false,"boss_relics":[],"items_purged_floors":[12],"is_endless":false,"potions_floor_spawned":[1,3,10],"killed_by":"The Guardian","ascension_level":1}