{"gold_per_floor":[117,117,127,52,66,92,92,120,120,120,195,209,209,209,209,307,307,321,356,371,389,488,488,488,488,544,544,544,469,469,481,481,481],"floor_reached":33,"playtime":982,"items_purged":["Regret"],"score":264,"play_id":"32247266-9be5-44b6-b44e-b7f48aad4b99","local_time":"20190221034735","is_ascension_mode":true,"campfire_choices":[{"data":"Zap","floor":7,"key":"SMITH"},{"floor":10,"key":"REST"},{"data":"Hologram","floor":13,"key":"SMITH"},{"floor":15,"key":"REST"},{"floor":23,"key":"REST"},{"floor":25,"key":"REST"},{"data":"Electrodynamics","floor":27,"key":"SMITH"},{"floor":30,"key":"REST"},{"data":"Dualcast","floor":32,"key":"SMITH"}],"neow_cost":"NONE","seed_source_timestamp":96918998470256,"circlet_count":0,"master_deck":["Strike_B","Strike_B","Strike_B","Defend_B","Defend_B","Defend_B","Defend_B","Zap+1","Dualcast+1","Beam Cell","Hologram+1","Leap","Leap","Electrodynamics+1","Chill","Cold Snap+1"],"relics":["Cracked Core","NeowsBlessing","DataDisk","Bird Faced Urn","Smiling Mask","Matryoshka","Philosopher\u0027s Stone","Red Mask","Nilry\u0027s Codex","Tiny Chest","Symbiotic Virus","Dodecahedron"],"potions_floor_usage":[6,6,8,33],"damage_taken":[{"damage":0,"enemies":"Jaw Worm","floor":1,"turns":1},{"damage":0,"enemies":"2 Louse","floor":3,"turns":1},{"damage":0,"enemies":"Small Slimes","floor":5,"turns":1},{"damage":35,"enemies":"3 Sentries","floor":6,"turns":10},{"damage":16,"enemies":"Gremlin Nob","floor":8,"turns":4},{"damage":0,"enemies":"Red Slaver","floor":12,"turns":5},{"damage":42,"enemies":"Slime Boss","floor":16,"turns":11},{"damage":5,"enemies":"Spheric Guardian","floor":18,"turns":4},{"damage":52,"enemies":"Masked Bandits","floor":19,"turns":5},{"damage":16,"enemies":"3 Byrds","floor":20,"turns":4},{"damage":3,"enemies":"3 Cultists","floor":21,"turns":5},{"damage":12,"enemies":"Snake Plant","floor":31,"turns":4},{"damage":74,"enemies":"Champ","floor":33,"turns":13}],"seed_played":"-7397552715094726151","potions_obtained":[{"floor":3,"key":"AttackPotion"},{"floor":5,"key":"EssenceOfSteel"},{"floor":6,"key":"Block Potion"},{"floor":19,"key":"FearPotion"},{"floor":21,"key":"GamblersBrew"}],"is_trial":false,"path_per_floor":["M","?","M","$","M","E","R","E","T","R","?","M","R","?","R","B",null,"M","?","M","M","?","R","?","R","T","R","?","?","R","M","R","B"],"character_chosen":"DEFECT","items_purchased":[],"campfire_rested":5,"item_purchase_floors":[],"current_hp_per_floor":[75,75,75,75,75,40,40,24,24,46,35,35,35,35,57,15,75,70,20,6,5,5,27,11,33,33,33,33,33,55,49,49,0],"gold":481,"neow_bonus":"THREE_ENEMY_KILL","is_prod":false,"is_daily":false,"chose_seed":false,"campfire_upgraded":4,"win_rate":0,"timestamp":1550742455,"path_taken":["M","?","M","$","M","E","R","E","T","R","?","M","R","?","R","BOSS","M","?","M","M","?","R","?","R","T","R","?","?","R","M","R","BOSS"],"build_version":"2019-01-23","purchased_purges":1,"victory":false,"max_hp_per_floor":[75,75,75,75,75,75,75,75,75,75,75,75,75,75,75,75,75,75,75,75,75,75,75,75,75,75,75,75,75,75,75,75,75],"card_choices":[{"not_picked":["Gash","Steam Power"],"picked":"Beam Cell","floor":1},{"not_picked":["Turbo","Lockon","Undo"],"picked":"SKIP","floor":3},{"not_picked":["Ball Lightning","Beam Cell"],"picked":"Hologram","floor":5},{"not_picked":["Conserve Battery","Coolheaded"],"picked":"Leap","floor":6},{"not_picked":["All For One","Sweeping Beam"],"picked":"Leap","floor":8},{"not_picked":["Scrape","Rebound","Stack"],"picked":"SKIP","floor":12},{"not_picked":["Seek","Buffer"],"picked":"Electrodynamics","floor":16},{"not_picked":["Undo","Ball Lightning+1","Genetic Algorithm+1"],"picked":"SKIP","floor":18},{"not_picked":["Ball Lightning","Turbo"],"picked":"Chill","floor":19},{"not_picked":["Rebound","Compile Driver"],"picked":"Cold Snap+1","floor":20},{"not_picked":["Stack+1","Undo","Lockon"],"picked":"SKIP","floor":21},{"not_picked":["Ball Lightning+1","Sweeping Beam","Recycle"],"picked":"SKIP","floor":31}],"player_experience":76372,"relics_obtained":[{"floor":6,"key":"Bird Faced Urn"},{"floor":8,"key":"Smiling Mask"},{"floor":9,"key":"Matryoshka"},{"floor":19,"key":"Red Mask"},{"floor":24,"key":"Nilry\u0027s Codex"},{"floor":26,"key":"Tiny Chest"},{"floor":26,"key":"Symbiotic Virus"}],"event_choices":[{"damage_healed":0,"gold_gain":0,"player_choice":"Box","damage_taken":0,"relics_obtained":["DataDisk"],"max_hp_gain":0,"max_hp_loss":0,"event_name":"Big Fish","floor":2,"gold_loss":0,"cards_obtained":["Regret"]},{"damage_healed":0,"gold_gain":75,"player_choice":"Gather Gold","damage_taken":11,"max_hp_gain":0,"max_hp_loss":0,"event_name":"World of Goop","floor":11,"gold_loss":0},{"damage_healed":0,"gold_gain":0,"player_choice":"Bought 0 Potions","damage_taken":0,"max_hp_gain":0,"max_hp_loss":0,"event_name":"The Woman in Blue","floor":14,"gold_loss":0},{"damage_healed":0,"gold_gain":0,"player_choice":"Fought Bandits","damage_taken":0,"max_hp_gain":0,"max_hp_loss":0,"event_name":"Masked Bandits","floor":19,"gold_loss":0},{"damage_healed":0,"gold_gain":99,"player_choice":"Stole From Cult","damage_taken":0,"max_hp_gain":0,"max_hp_loss":0,"event_name":"Nest","floor":22,"gold_loss":0},{"damage_healed":0,"gold_gain":0,"player_choice":"Obtained Book","damage_taken":16,"max_hp_gain":0,"max_hp_loss":0,"event_name":"Cursed Tome","floor":24,"gold_loss":0},{"damage_healed":0,"gold_gain":0,"player_choice":"Opened","damage_taken":0,"relics_obtained":["Dodecahedron"],"max_hp_gain":0,"max_hp_loss":0,"event_name":"The Mausoleum","floor":28,"gold_loss":0},{"cards_removed":["Strike_B"],"damage_healed":0,"gold_gain":0,"player_choice":"Gave Gold","damage_taken":0,"max_hp_gain":0,"max_hp_loss":0,"event_name":"Beggar","floor":29,"gold_loss":75}],"is_beta":false,"boss_relics":[{"not_picked":["Orrery","Snecko Eye"],"picked":"Philosopher\u0027s Stone"}],"items_purged_floors":[4],"is_endless":false,"potions_floor_spawned":[3,5,6,19,21],"killed_by":"Champ","ascension_level":1}