{"gold_per_floor":[113,113,126,76,151,186,186,217,299,299,319,319,339,350,350,455,455,475,507,507,507,507,507,537,279,353,368,387,402,418,429,429,534,534,544,544,264,283,505,505,522,522,522,551,651,651,664,664,664,664],"floor_reached":50,"playtime":3092,"items_purged":["Strike_R","Second Wind"],"score":855,"play_id":"0b0c1ba4-0a48-4896-b9d0-946313369a9a","local_time":"20190526232415","is_ascension_mode":true,"campfire_choices":[{"data":"1","floor":10.0,"key":"LIFT"},{"data":"2","floor":12.0,"key":"LIFT"},{"data":"3","floor":15.0,"key":"LIFT"},{"data":"True Grit","floor":23.0,"key":"SMITH"},{"data":"Limit Break","floor":32.0,"key":"SMITH"},{"data":"Armaments","floor":40.0,"key":"SMITH"},{"data":"Flame Barrier","floor":42.0,"key":"SMITH"},{"data":"Shockwave","floor":46,"key":"SMITH"},{"floor":49,"key":"RECALL"}],"neow_cost":"NONE","seed_source_timestamp":0,"circlet_count":0,"master_deck":["Bash+1","Flame Barrier+1","Whirlwind","Metallicize","Double Tap","True Grit+1","Twin Strike","Heavy Blade","Fiend Fire","Sword Boomerang+1","Twin Strike","Pummel+1","Rage","Limit Break+1","Shockwave+1","Flex","Twin Strike+1","Exhume","Armaments+1","Immolate+1","Sword Boomerang+1","Impervious","Headbutt+1","Rampage+1","Shrug It Off","Shrug It Off+1","Pain"],"special_seed":0,"relics":["Burning Blood","Vajra","Girya","Dodecahedron","Coffee Dripper","Red Mask","Nloth\u0027s Gift","Molten Egg 2","Meat on the Bone","Empty Cage","Whetstone","Gambling Chip","WarpedTongs"],"potions_floor_usage":[50,50],"damage_taken":[{"damage":0.0,"enemies":"2 Louse","floor":1.0,"turns":1.0},{"damage":0.0,"enemies":"Small Slimes","floor":3.0,"turns":1.0},{"damage":0.0,"enemies":"Lagavulin","floor":6.0,"turns":1.0},{"damage":39.0,"enemies":"3 Sentries","floor":8.0,"turns":9.0},{"damage":2.0,"enemies":"Cultist","floor":11.0,"turns":4.0},{"damage":4.0,"enemies":"Looter","floor":13.0,"turns":3.0},{"damage":0.0,"enemies":"2 Fungi Beasts","floor":14.0,"turns":3.0},{"damage":0.0,"enemies":"Slime Boss","floor":16.0,"turns":7.0},{"damage":0.0,"enemies":"3 Byrds","floor":18.0,"turns":3.0},{"damage":10.0,"enemies":"Masked Bandits","floor":19.0,"turns":3.0},{"damage":16.0,"enemies":"Gremlin Leader","floor":24.0,"turns":5.0},{"damage":8.0,"enemies":"Chosen","floor":27.0,"turns":2.0},{"damage":0.0,"enemies":"Centurion and Healer","floor":28.0,"turns":3.0},{"damage":2.0,"enemies":"Snecko","floor":29.0,"turns":3.0},{"damage":9.0,"enemies":"Snake Plant","floor":30.0,"turns":2.0},{"damage":10.0,"enemies":"Centurion and Healer","floor":31.0,"turns":2.0},{"damage":21.0,"enemies":"Collector","floor":33.0,"turns":4.0},{"damage":0.0,"enemies":"Orb Walker","floor":35.0,"turns":3.0},{"damage":31.0,"enemies":"3 Shapes","floor":38.0,"turns":3.0},{"damage":23.0,"enemies":"Sphere and 2 Shapes","floor":41.0,"turns":2.0},{"damage":18.0,"enemies":"Giant Head","floor":44.0,"turns":6.0},{"damage":32,"enemies":"Jaw Worm Horde","floor":47,"turns":2},{"damage":45,"enemies":"Time Eater","floor":50,"turns":2}],"seed_played":"1490638465685993550","potions_obtained":[{"floor":6.0,"key":"GamblersBrew"},{"floor":14.0,"key":"Strength Potion"},{"floor":16.0,"key":"Regen Potion"},{"floor":19.0,"key":"Energy Potion"},{"floor":24.0,"key":"EssenceOfSteel"},{"floor":33.0,"key":"Fire Potion"},{"floor":41.0,"key":"Dexterity Potion"},{"floor":44.0,"key":"LiquidBronze"}],"is_trial":false,"path_per_floor":["M","?","M","?","?","E","?","E","T","R","M","R","M","M","R","B",null,"M","?","?","?","?","R","E","$","T","M","M","M","M","M","R","B",null,"M","?","$","M","?","R","M","R","T","E","?","R","M","?","R","B"],"character_chosen":"IRONCLAD","items_purchased":["Shockwave","Flex","Twin Strike+1","Rampage+1","Whetstone"],"campfire_rested":0,"item_purchase_floors":[25,25,25,37,37],"current_hp_per_floor":[78,78,80,80,69,75,75,42,42,42,46,46,48,54,54,60,75,80,76,76,76,76,76,75,75,75,73,79,80,77,73,73,58,75,80,80,80,55,55,55,50,50,50,50,50,50,36,36,36,0],"gold":664,"neow_bonus":"THREE_ENEMY_KILL","is_prod":false,"is_daily":false,"chose_seed":false,"campfire_upgraded":5,"win_rate":0,"timestamp":1558927455,"path_taken":["M","?","M","?","?","E","?","E","T","R","M","R","M","M","R","BOSS","M","?","?","?","?","R","E","$","T","M","?","M","M","M","R","BOSS","M","?","$","?","?","R","M","R","T","E","?","R","?","?","R","BOSS"],"build_version":"2019-01-23","purchased_purges":2,"victory":false,"max_hp_per_floor":[80,80,80,80,80,80,80,80,80,80,80,80,80,80,80,80,80,80,80,80,80,80,80,80,80,80,80,80,80,80,80,80,80,80,80,80,80,80,80,80,80,80,80,80,80,80,80,80,80,80],"card_choices":[{"not_picked":["Body Slam","Twin Strike"],"picked":"Flame Barrier","floor":1.0},{"not_picked":["Perfected Strike","Entrench"],"picked":"Whirlwind","floor":3.0},{"not_picked":["Sever Soul","Perfected Strike"],"picked":"Metallicize","floor":6.0},{"not_picked":["Warcry","Dropkick"],"picked":"Double Tap","floor":8.0},{"not_picked":["Rupture","Body Slam"],"picked":"True Grit","floor":11.0},{"not_picked":["Intimidate","Iron Wave"],"picked":"Twin Strike","floor":13.0},{"not_picked":["Armaments","Anger"],"picked":"Heavy Blade","floor":14.0},{"not_picked":["Brutality","Double Tap"],"picked":"Fiend Fire","floor":16.0},{"not_picked":["Seeing Red+1","Rupture+1"],"picked":"Sword Boomerang+1","floor":18.0},{"not_picked":["Burning Pact","Anger+1"],"picked":"Twin Strike","floor":19.0},{"not_picked":["Impervious","Fiend Fire"],"picked":"Limit Break","floor":24.0},{"not_picked":["Thunderclap+1","Pommel Strike+1"],"picked":"Exhume","floor":27.0},{"not_picked":["Perfected Strike+1","True Grit"],"picked":"Armaments","floor":28.0},{"not_picked":["Clash+1","Anger+1"],"picked":"Immolate+1","floor":29.0},{"not_picked":["Perfected Strike+1","Immolate+1"],"picked":"Sword Boomerang+1","floor":30.0},{"not_picked":["Perfected Strike+1","Double Tap","True Grit"],"picked":"SKIP","floor":31.0},{"not_picked":["Double Tap","Limit Break"],"picked":"Impervious","floor":33.0},{"not_picked":["Uppercut+1","Cleave+1"],"picked":"Headbutt+1","floor":35.0},{"not_picked":["Clothesline+1","Cleave+1","Power Through+1"],"picked":"SKIP","floor":38.0},{"not_picked":["Clothesline+1","Cleave+1"],"picked":"Shrug It Off","floor":41.0},{"not_picked":["Fiend Fire+1","Corruption+1"],"picked":"Shrug It Off+1","floor":44.0},{"not_picked":["Infernal Blade+1","Anger+1","Combust+1"],"picked":"SKIP","floor":47}],"player_experience":149117,"relics_obtained":[{"floor":6.0,"key":"Vajra"},{"floor":8.0,"key":"Girya"},{"floor":9.0,"key":"Dodecahedron"},{"floor":19.0,"key":"Red Mask"},{"floor":24.0,"key":"Molten Egg 2"},{"floor":26.0,"key":"Meat on the Bone"},{"floor":44.0,"key":"Gambling Chip"}],"event_choices":[{"damage_healed":0.0,"max_hp_gain":0.0,"max_hp_loss":0.0,"gold_gain":0.0,"cards_transformed":["Strike_R"],"event_name":"Living Wall","player_choice":"Change","floor":2.0,"gold_loss":0.0,"damage_taken":0.0,"cards_obtained":["Second Wind"]},{"cards_removed":["Strike_R"],"damage_healed":0.0,"max_hp_gain":0.0,"max_hp_loss":0.0,"gold_gain":0.0,"event_name":"The Cleric","player_choice":"Card Removal","floor":4.0,"gold_loss":50.0,"damage_taken":0.0},{"damage_healed":0.0,"max_hp_gain":0.0,"max_hp_loss":0.0,"gold_gain":75.0,"event_name":"World of Goop","player_choice":"Gather Gold","floor":5.0,"gold_loss":0.0,"damage_taken":11.0},{"cards_removed":["Defend_R"],"damage_healed":0.0,"max_hp_gain":0.0,"max_hp_loss":0.0,"gold_gain":0.0,"event_name":"Purifier","player_choice":"Purged","floor":7.0,"gold_loss":0.0,"damage_taken":0.0},{"damage_healed":0.0,"max_hp_gain":0.0,"max_hp_loss":0.0,"gold_gain":0.0,"event_name":"Masked Bandits","player_choice":"Fought Bandits","floor":19.0,"gold_loss":0.0,"damage_taken":0.0},{"damage_healed":0.0,"max_hp_gain":0.0,"max_hp_loss":0.0,"gold_gain":0.0,"cards_transformed":["Defend_R","Strike_R"],"event_name":"Drug Dealer","player_choice":"Became Test Subject","floor":20.0,"gold_loss":0.0,"damage_taken":0.0,"cards_obtained":["Pummel","Rage"]},{"damage_healed":0.0,"max_hp_gain":0.0,"max_hp_loss":0.0,"gold_gain":0.0,"event_name":"Vampires","player_choice":"Ignored","floor":21.0,"gold_loss":0.0,"damage_taken":0.0},{"damage_healed":0.0,"max_hp_gain":0.0,"max_hp_loss":0.0,"gold_gain":0.0,"event_name":"N\u0027loth","player_choice":"Traded Relic","floor":22.0,"relics_lost":["NeowsBlessing"],"gold_loss":0.0,"damage_taken":0.0,"relics_obtained":["Nloth\u0027s Gift"]},{"cards_removed":["Defend_R"],"damage_healed":0.0,"max_hp_gain":0.0,"max_hp_loss":0.0,"gold_gain":0.0,"event_name":"Wheel of Change","player_choice":"Card Removal","floor":36.0,"gold_loss":0.0,"damage_taken":0.0},{"damage_healed":0.0,"max_hp_gain":0.0,"max_hp_loss":0.0,"gold_gain":222.0,"event_name":"Tomb of Lord Red Mask","player_choice":"Wore Mask","floor":39.0,"gold_loss":0.0,"damage_taken":0.0},{"damage_healed":0,"gold_gain":100,"player_choice":"Pray","damage_taken":0,"max_hp_gain":0,"max_hp_loss":0,"event_name":"Golden Shrine","floor":45,"gold_loss":0},{"damage_healed":0,"gold_gain":0,"player_choice":"Rummage","damage_taken":0,"relics_obtained":["WarpedTongs"],"max_hp_gain":0,"max_hp_loss":0,"event_name":"Accursed Blacksmith","floor":48,"gold_loss":0,"cards_obtained":["Pain"]}],"is_beta":false,"boss_relics":[{"not_picked":["Mark of Pain","Velvet Choker"],"picked":"Coffee Dripper"},{"not_picked":["Eternal Feather","Lizard Tail"],"picked":"Empty Cage"}],"items_purged_floors":[25,37],"is_endless":false,"potions_floor_spawned":[6,14,16,19,24,28,33,41,44],"killed_by":"Time Eater","ascension_level":8}