{"gold_per_floor":[116,135,135,146,146,146,176,176,206,226,239,269,286,89,89,187,187,201,126,126,49,49,84,99,128,199,298,298,326,326,336,336,436,436,450,450],"floor_reached":36,"playtime":972,"items_purged":[],"score":602,"play_id":"5d307712-e60a-4b32-b1a6-04b7b1dab902","local_time":"20190404193412","is_ascension_mode":true,"campfire_choices":[{"data":"Searing Blow+1","floor":6,"key":"SMITH"},{"data":"Searing Blow+2","floor":8,"key":"SMITH"},{"data":"Searing Blow+3","floor":15,"key":"SMITH"},{"data":"Searing Blow+4","floor":28,"key":"SMITH"},{"floor":30,"key":"REST"},{"data":"Searing Blow+5","floor":32,"key":"SMITH"}],"neow_cost":"NONE","seed_source_timestamp":1624172626214078,"circlet_count":0,"master_deck":["Strike_R+1","Strike_R+1","Strike_R+1","Strike_R+1","Defend_R+1","Defend_R+1","Defend_R+1","Defend_R+1","Bash+1","Searing Blow+6","Sword Boomerang","Anger","Shrug It Off","Thunderclap","Dropkick","Cleave","Warcry","Brutality","Armaments+1","Spot Weakness","Evolve+1","Seeing Red","Anger+1","Demon Form"],"relics":["Burning Blood","Question Card","Tiny Chest","Oddly Smooth Stone","Bag of Marbles","Mark of Pain","Nunchaku","Singing Bowl","Letter Opener","Boot","Black Star"],"potions_floor_usage":[7,23,33,35],"damage_taken":[{"damage":0,"enemies":"Small Slimes","floor":1,"turns":5},{"damage":7,"enemies":"Jaw Worm","floor":2,"turns":6},{"damage":1,"enemies":"Cultist","floor":4,"turns":3},{"damage":14,"enemies":"Gremlin Nob","floor":7,"turns":4},{"damage":20,"enemies":"Lots of Slimes","floor":10,"turns":4},{"damage":0,"enemies":"Blue Slaver","floor":11,"turns":3},{"damage":9,"enemies":"3 Sentries","floor":12,"turns":6},{"damage":0,"enemies":"2 Fungi Beasts","floor":13,"turns":2},{"damage":25,"enemies":"The Guardian","floor":16,"turns":11},{"damage":8,"enemies":"Shell Parasite","floor":18,"turns":2},{"damage":24,"enemies":"Book of Stabbing","floor":23,"turns":4},{"damage":0,"enemies":"Chosen","floor":24,"turns":4},{"damage":21,"enemies":"Gremlin Leader","floor":25,"turns":5},{"damage":23,"enemies":"Slavers","floor":29,"turns":4},{"damage":7,"enemies":"Centurion and Healer","floor":31,"turns":5},{"damage":55,"enemies":"Automaton","floor":33,"turns":8},{"damage":19,"enemies":"3 Darklings","floor":35,"turns":7},{"damage":60,"enemies":"3 Shapes","floor":36,"turns":3}],"seed_played":"-7491694941122929158","potions_obtained":[{"floor":4,"key":"BloodPotion"},{"floor":7,"key":"LiquidBronze"},{"floor":10,"key":"Explosive Potion"},{"floor":12,"key":"FairyPotion"},{"floor":23,"key":"Explosive Potion"},{"floor":25,"key":"PowerPotion"}],"is_trial":false,"path_per_floor":["M","M","?","M","?","R","E","R","T","M","M","E","M","$","R","B",null,"M","?","?","$","$","E","M","E","T","?","R","E","R","M","R","B",null,"M","M"],"character_chosen":"IRONCLAD","items_purchased":["Bag of Marbles","Warcry","Spot Weakness"],"campfire_rested":1,"item_purchase_floors":[14,14,21],"current_hp_per_floor":[78,77,61,66,66,66,66,66,66,52,58,55,61,61,61,42,71,69,69,69,69,69,51,57,42,42,42,42,27,51,50,50,12,65,54,0],"gold":450,"neow_bonus":"UPGRADE_CARD","is_prod":false,"is_daily":false,"chose_seed":false,"campfire_upgraded":5,"win_rate":0,"timestamp":1554424452,"path_taken":["M","M","?","M","?","R","E","R","T","?","M","E","?","$","R","BOSS","M","?","?","?","$","E","M","E","T","?","R","E","R","M","R","BOSS","M","M"],"build_version":"2019-01-23","purchased_purges":0,"victory":false,"max_hp_per_floor":[80,80,80,80,80,80,80,80,80,80,80,80,80,80,80,80,80,80,80,80,80,80,80,80,80,80,80,80,82,82,82,82,82,82,84,84],"card_choices":[{"not_picked":["Warcry","Spot Weakness"],"picked":"Searing Blow","floor":1},{"not_picked":["Flex","Hemokinesis"],"picked":"Sword Boomerang","floor":2},{"not_picked":["Perfected Strike","Sword Boomerang"],"picked":"Anger","floor":4},{"not_picked":["Perfected Strike","Clothesline"],"picked":"Thunderclap","floor":7},{"not_picked":["Feel No Pain","Thunderclap","Carnage"],"picked":"Armaments","floor":10},{"not_picked":["Blood for Blood","Havoc","Exhume"],"picked":"Dropkick","floor":11},{"not_picked":["Sword Boomerang","Heavy Blade","Fire Breathing"],"picked":"Cleave","floor":12},{"not_picked":["Evolve","Clothesline","Combust","Armaments"],"picked":"SKIP","floor":13},{"not_picked":["Berserk","Limit Break","Impervious"],"picked":"Brutality","floor":16},{"not_picked":["Reckless Charge","Battle Trance","Flex"],"picked":"Armaments+1","floor":18},{"not_picked":["Barricade","Pommel Strike","Clash+1","Warcry"],"picked":"SKIP","floor":23},{"not_picked":["Headbutt","Wild Strike","Sword Boomerang"],"picked":"Evolve+1","floor":24},{"not_picked":["Searing Blow","Fire Breathing","Pommel Strike"],"picked":"Seeing Red","floor":25},{"not_picked":["Iron Wave+1","Sword Boomerang","Pommel Strike","Havoc"],"picked":"Singing Bowl","floor":29},{"not_picked":["Armaments+1","Havoc","Headbutt+1"],"picked":"Anger+1","floor":31},{"not_picked":["Limit Break","Immolate","Brutality"],"picked":"Demon Form","floor":33},{"not_picked":["Cleave+1","Headbutt+1","Reckless Charge","Heavy Blade+1"],"picked":"Singing Bowl","floor":35}],"player_experience":283866,"relics_obtained":[{"floor":7,"key":"Question Card"},{"floor":9,"key":"Tiny Chest"},{"floor":12,"key":"Oddly Smooth Stone"},{"floor":23,"key":"Nunchaku"},{"floor":25,"key":"Singing Bowl"},{"floor":26,"key":"Letter Opener"},{"floor":29,"key":"Boot"}],"event_choices":[{"damage_healed":0,"gold_gain":0,"player_choice":"Entered Light","damage_taken":16,"max_hp_gain":0,"max_hp_loss":0,"event_name":"Shining Light","floor":3,"gold_loss":0,"cards_upgraded":["Defend_R","Searing Blow"]},{"damage_healed":0,"gold_gain":0,"cards_transformed":["Strike_R"],"player_choice":"Transformed","damage_taken":0,"max_hp_gain":0,"max_hp_loss":0,"event_name":"Transmorgrifier","floor":5,"gold_loss":0,"cards_obtained":["Shrug It Off"]},{"cards_removed":["Armaments"],"damage_healed":0,"gold_gain":0,"player_choice":"Gave Gold","damage_taken":0,"max_hp_gain":0,"max_hp_loss":0,"event_name":"Beggar","floor":19,"gold_loss":75},{"damage_healed":0,"gold_gain":0,"player_choice":"Simplicity","damage_taken":0,"max_hp_gain":0,"max_hp_loss":0,"event_name":"Back to Basics","floor":20,"gold_loss":0,"cards_upgraded":["Strike_R","Strike_R","Strike_R","Strike_R","Defend_R","Defend_R","Defend_R"]},{"damage_healed":0,"gold_gain":99,"player_choice":"Stole From Cult","damage_taken":0,"max_hp_gain":0,"max_hp_loss":0,"event_name":"Nest","floor":27,"gold_loss":0}],"is_beta":false,"boss_relics":[{"not_picked":["Runic Pyramid","Coffee Dripper"],"picked":"Mark of Pain"},{"not_picked":["Tiny House","Astrolabe"],"picked":"Black Star"}],"items_purged_floors":[],"is_endless":false,"potions_floor_spawned":[4,7,10,12,23,25,31],"killed_by":"3 Shapes","ascension_level":8}