{"gold_per_floor":[10,10,22,38,50,50,50,50,76,108,108,121,155,155,155,229,229,240,255,255,255,273,273,273],"floor_reached":24,"playtime":907,"items_purged":[],"score":437,"play_id":"ac385bc5-3d67-40e4-a7da-7234a03d4922","local_time":"20190516154147","is_ascension_mode":true,"campfire_choices":[{"data":"Sunder","floor":6.0,"key":"SMITH"},{"data":"Dualcast","floor":8.0,"key":"SMITH"},{"data":"Hologram","floor":15.0,"key":"SMITH"},{"floor":23,"key":"REST"}],"neow_cost":"NO_GOLD","seed_source_timestamp":50546801703800,"circlet_count":0,"master_deck":["AscendersBane","Strike_B","Strike_B","Strike_B","Defend_B","Defend_B","Defend_B","Defend_B","Zap+1","Dualcast+1","Genetic Algorithm","Sunder+1","Doom and Gloom","Conserve Battery","Ball Lightning","Hologram+1","Electrodynamics","Genetic Algorithm","Decay","FTL"],"special_seed":0,"relics":["FrozenCore","DataDisk","Happy Flower","Orichalcum","The Courier"],"potions_floor_usage":[22],"damage_taken":[{"damage":5.0,"enemies":"Small Slimes","floor":1.0,"turns":3.0},{"damage":1.0,"enemies":"Cultist","floor":3.0,"turns":4.0},{"damage":5.0,"enemies":"2 Louse","floor":4.0,"turns":3.0},{"damage":1.0,"enemies":"2 Fungi Beasts","floor":5.0,"turns":3.0},{"damage":11.0,"enemies":"Gremlin Nob","floor":10.0,"turns":3.0},{"damage":7.0,"enemies":"Lots of Slimes","floor":12.0,"turns":4.0},{"damage":16.0,"enemies":"Lagavulin","floor":13.0,"turns":5.0},{"damage":33.0,"enemies":"The Guardian","floor":16.0,"turns":10.0},{"damage":16.0,"enemies":"3 Byrds","floor":18.0,"turns":3.0},{"damage":25,"enemies":"Shell Parasite","floor":19,"turns":5},{"damage":15,"enemies":"Snecko","floor":22,"turns":5},{"damage":65,"enemies":"Gremlin Leader","floor":24,"turns":4}],"seed_played":"1562728290584813484","potions_obtained":[{"floor":1.0,"key":"Energy Potion"},{"floor":4.0,"key":"SkillPotion"},{"floor":10.0,"key":"Fire Potion"},{"floor":14.0,"key":"FairyPotion"},{"floor":16.0,"key":"Block Potion"}],"is_trial":false,"path_per_floor":["M","?","M","M","M","R","?","R","T","E","?","M","E","?","R","B",null,"M","M","?","T","M","R","E"],"character_chosen":"DEFECT","items_purchased":[],"campfire_rested":1,"item_purchase_floors":[],"current_hp_per_floor":[73,73,72,67,66,66,66,66,66,55,60,53,37,37,37,4,69,53,28,28,28,13,40,0],"gold":273,"neow_bonus":"TWENTY_PERCENT_HP_BONUS","is_prod":false,"is_daily":false,"chose_seed":false,"campfire_upgraded":3,"win_rate":0,"timestamp":1558035707,"path_taken":["M","?","M","M","?","R","?","R","T","E","?","M","E","?","R","BOSS","M","?","?","?","M","R","E"],"build_version":"2019-01-23","purchased_purges":0,"victory":false,"max_hp_per_floor":[85,85,85,85,85,85,85,85,85,85,90,90,90,90,90,90,90,90,90,90,90,90,90,90],"card_choices":[{"not_picked":["Scrape","Storm"],"picked":"Genetic Algorithm","floor":1.0},{"not_picked":["Storm","Barrage","Redo"],"picked":"SKIP","floor":3.0},{"not_picked":["Steam","Darkness"],"picked":"Sunder","floor":4.0},{"not_picked":["Gash","Stack"],"picked":"Doom and Gloom","floor":5.0},{"not_picked":["Hologram","Rip and Tear"],"picked":"Conserve Battery","floor":10.0},{"not_picked":["Sweeping Beam","Cold Snap"],"picked":"Ball Lightning","floor":12.0},{"not_picked":["Stack","Turbo"],"picked":"Hologram","floor":13.0},{"not_picked":["Fission","Seek"],"picked":"Electrodynamics","floor":16.0},{"not_picked":["Sweeping Beam","Double Energy","Barrage"],"picked":"SKIP","floor":18.0},{"not_picked":["Coolheaded","Stack"],"picked":"Genetic Algorithm","floor":19},{"not_picked":["Rip and Tear","Streamline"],"picked":"FTL","floor":22}],"player_experience":810763,"relics_obtained":[{"floor":9.0,"key":"DataDisk"},{"floor":10.0,"key":"Happy Flower"},{"floor":13.0,"key":"Orichalcum"},{"floor":21,"key":"The Courier"}],"event_choices":[{"damage_healed":0.0,"max_hp_gain":0.0,"max_hp_loss":0.0,"gold_gain":0.0,"event_name":"Accursed Blacksmith","player_choice":"Forge","floor":2.0,"gold_loss":0.0,"damage_taken":0.0,"cards_upgraded":["Zap"]},{"cards_removed":["Strike_B"],"damage_healed":0.0,"max_hp_gain":0.0,"max_hp_loss":0.0,"gold_gain":0.0,"event_name":"Living Wall","player_choice":"Forget","floor":7.0,"gold_loss":0.0,"damage_taken":0.0},{"damage_healed":0.0,"max_hp_gain":5.0,"max_hp_loss":0.0,"gold_gain":0.0,"event_name":"Big Fish","player_choice":"Donut","floor":11.0,"gold_loss":0.0,"damage_taken":0.0},{"damage_healed":0.0,"max_hp_gain":0.0,"max_hp_loss":0.0,"gold_gain":0.0,"event_name":"Lab","player_choice":"Got Potions","floor":14.0,"gold_loss":0.0,"damage_taken":0.0},{"damage_healed":0,"gold_gain":0,"player_choice":"Smashed Altar","damage_taken":0,"max_hp_gain":0,"max_hp_loss":0,"event_name":"Forgotten Altar","floor":20,"gold_loss":0,"cards_obtained":["Decay"]}],"is_beta":false,"boss_relics":[{"not_picked":["Black Star","Tiny House"],"picked":"FrozenCore"}],"items_purged_floors":[],"is_endless":false,"potions_floor_spawned":[1,4,10,16,19],"killed_by":"Gremlin Leader","ascension_level":20}