{"gold_per_floor":[115,33,45,45,45,75,75,91,91,91,124,124,142,468,468,468],"floor_reached":16,"playtime":277,"items_purged":[],"score":250,"play_id":"6b2f7f51-bfa2-4457-88f8-016b14196ec6","local_time":"20190503232809","is_ascension_mode":true,"campfire_choices":[{"data":"Static Discharge","floor":7.0,"key":"SMITH"},{"data":"Zap","floor":10,"key":"SMITH"},{"floor":15,"key":"REST"}],"neow_cost":"NONE","seed_source_timestamp":546890038961253,"circlet_count":0,"master_deck":["AscendersBane","Strike_B","Strike_B","Strike_B","Defend_B","Defend_B","Defend_B","Defend_B","Zap+1","Dualcast","Loop","Capacitor","Genetic Algorithm","Static Discharge+1","BootSequence","Steam Power","Cold Snap","Core Surge"],"special_seed":0,"relics":["Cracked Core","NeowsBlessing","The Courier","Happy Flower","Lantern","Old Coin"],"potions_floor_usage":[14],"damage_taken":[{"damage":0.0,"enemies":"Cultist","floor":1.0,"turns":1.0},{"damage":0.0,"enemies":"Small Slimes","floor":3.0,"turns":1.0},{"damage":0.0,"enemies":"3 Sentries","floor":6.0,"turns":1.0},{"damage":9.0,"enemies":"Jaw Worm","floor":8.0,"turns":4.0},{"damage":22,"enemies":"Lagavulin","floor":11,"turns":8},{"damage":2,"enemies":"Large Slime","floor":13,"turns":6},{"damage":21,"enemies":"Gremlin Nob","floor":14,"turns":5},{"damage":26,"enemies":"Slime Boss","floor":16,"turns":3}],"seed_played":"7178816721673545674","potions_obtained":[{"floor":1.0,"key":"SpeedPotion"},{"floor":6.0,"key":"Fire Potion"}],"is_trial":false,"path_per_floor":["M","$","M","T","?","E","R","M","T","R","E","?","M","E","R","B"],"character_chosen":"DEFECT","items_purchased":["Capacitor"],"campfire_rested":1,"item_purchase_floors":[2],"current_hp_per_floor":[64,64,64,64,64,64,64,55,55,55,33,26,24,3,24,0],"gold":468,"neow_bonus":"THREE_ENEMY_KILL","is_prod":false,"is_daily":false,"chose_seed":false,"campfire_upgraded":2,"win_rate":0,"timestamp":1556944089,"path_taken":["M","$","M","?","?","E","R","M","T","R","E","?","M","E","R","BOSS"],"build_version":"2019-01-23","purchased_purges":0,"victory":false,"max_hp_per_floor":[71,71,71,71,71,71,71,71,71,71,71,71,71,71,71,71],"card_choices":[{"not_picked":["White Noise","Reprogram"],"picked":"Loop","floor":1.0},{"not_picked":["Gash","Steam"],"picked":"Genetic Algorithm","floor":3.0},{"not_picked":["Compile Driver","Beam Cell"],"picked":"Static Discharge","floor":6.0},{"not_picked":["Genetic Algorithm","Capacitor"],"picked":"BootSequence","floor":8.0},{"not_picked":["Loop","Force Field"],"picked":"Steam Power","floor":11},{"not_picked":["Capacitor","Conserve Battery"],"picked":"Cold Snap","floor":13},{"not_picked":["Reinforced Body","Leap"],"picked":"Core Surge","floor":14}],"player_experience":377870,"relics_obtained":[{"floor":4.0,"key":"The Courier"},{"floor":6.0,"key":"Happy Flower"},{"floor":11,"key":"Lantern"},{"floor":14,"key":"Old Coin"}],"event_choices":[{"damage_healed":0.0,"max_hp_gain":0.0,"max_hp_loss":0.0,"gold_gain":0.0,"event_name":"Liars Game","player_choice":"Ignored","floor":5.0,"gold_loss":0.0,"damage_taken":0.0},{"cards_removed":["Strike_B"],"damage_healed":0,"gold_gain":0,"player_choice":"Card Removal","damage_taken":7,"max_hp_gain":0,"max_hp_loss":0,"event_name":"Golden Wing","floor":12,"gold_loss":0}],"is_beta":false,"boss_relics":[],"items_purged_floors":[],"is_endless":false,"potions_floor_spawned":[1,6,11],"killed_by":"Slime Boss","ascension_level":15}