{"gold_per_floor":[117,292,8,19,94,125,125,152,178,178,192,206,249,267,267,387,387,407,407,431,431,452,452,452],"floor_reached":24,"playtime":527,"items_purged":["Doubt"],"score":386,"play_id":"a0eb8a27-e6c2-4143-88c4-ef39f08925ae","local_time":"20190428142946","is_ascension_mode":true,"campfire_choices":[{"data":"Electrodynamics","floor":7,"key":"SMITH"},{"data":"Double Energy","floor":15,"key":"SMITH"},{"floor":23,"key":"REST"}],"neow_cost":"NONE","seed_source_timestamp":82332437439075,"circlet_count":0,"master_deck":["AscendersBane","Strike_B","Strike_B","Strike_B","Strike_B","Defend_B","Defend_B","Defend_B","Defend_B","Zap+1","Dualcast","Ball Lightning","Hologram+1","Go for the Eyes","Electrodynamics+1","Tempest","Double Energy+1","Hologram","Echo Form","Amplify","Leap","Leap"],"relics":["Cracked Core","NeowsBlessing","DataDisk","Strawberry","Pen Nib","War Paint","Golden Idol","Cables","Inserter"],"potions_floor_usage":[13,20,24],"damage_taken":[{"damage":0,"enemies":"2 Louse","floor":1,"turns":1},{"damage":0,"enemies":"Jaw Worm","floor":4,"turns":1},{"damage":0,"enemies":"3 Sentries","floor":6,"turns":1},{"damage":8,"enemies":"Gremlin Nob","floor":8,"turns":3},{"damage":14,"enemies":"Small Slimes","floor":11,"turns":2},{"damage":0,"enemies":"2 Fungi Beasts","floor":12,"turns":1},{"damage":15,"enemies":"3 Sentries","floor":13,"turns":3},{"damage":8,"enemies":"Blue Slaver","floor":14,"turns":3},{"damage":11,"enemies":"Hexaghost","floor":16,"turns":7},{"damage":39,"enemies":"Shell Parasite","floor":18,"turns":5},{"damage":18,"enemies":"3 Byrds","floor":20,"turns":3},{"damage":0,"enemies":"Centurion and Healer","floor":22,"turns":6},{"damage":28,"enemies":"Slavers","floor":24,"turns":2}],"seed_played":"4755477470174266228","potions_obtained":[{"floor":6,"key":"Strength Potion"},{"floor":8,"key":"Regen Potion"},{"floor":13,"key":"Explosive Potion"},{"floor":16,"key":"Fire Potion"},{"floor":20,"key":"SpeedPotion"}],"is_trial":false,"path_per_floor":["M","?","$","M","?","E","R","E","T","?","M","M","E","M","R","B",null,"M","?","M","?","M","R","E"],"character_chosen":"DEFECT","items_purchased":["DataDisk","Hologram"],"campfire_rested":1,"item_purchase_floors":[3,3],"current_hp_per_floor":[68,68,68,68,57,64,64,56,56,56,42,42,36,28,28,17,61,22,22,4,4,4,26,0],"gold":452,"neow_bonus":"THREE_ENEMY_KILL","is_prod":false,"is_daily":false,"chose_seed":false,"campfire_upgraded":2,"win_rate":0,"timestamp":1556479786,"path_taken":["M","?","$","M","?","E","R","E","T","?","M","M","E","M","R","BOSS","M","?","M","?","?","R","E"],"build_version":"2019-01-23","purchased_purges":1,"victory":false,"max_hp_per_floor":[75,75,75,75,75,82,82,82,82,76,76,76,76,76,76,76,76,76,76,76,76,76,76,76],"card_choices":[{"not_picked":["Force Field","Reprogram"],"picked":"Ball Lightning","floor":1},{"not_picked":["Ball Lightning","Redo"],"picked":"Go for the Eyes","floor":4},{"not_picked":["Lockon","Leap"],"picked":"Electrodynamics","floor":6},{"not_picked":["Aggregate","Rebound"],"picked":"Tempest","floor":8},{"not_picked":["Redo","Blizzard"],"picked":"Double Energy","floor":11},{"not_picked":["Barrage","Steam"],"picked":"Hologram","floor":12},{"not_picked":["Rebound","Stack"],"picked":"Echo Form","floor":13},{"not_picked":["Compile Driver","Hologram","Lockon"],"picked":"SKIP","floor":14},{"not_picked":["Multi-Cast","All For One"],"picked":"Amplify","floor":16},{"not_picked":["Compile Driver","Steam"],"picked":"Leap","floor":18},{"not_picked":["Streamline","Beam Cell","Gash"],"picked":"SKIP","floor":20},{"not_picked":["Barrage","Sweeping Beam","Chaos"],"picked":"SKIP","floor":22}],"player_experience":335361,"relics_obtained":[{"floor":6,"key":"Strawberry"},{"floor":8,"key":"Pen Nib"},{"floor":9,"key":"War Paint"},{"floor":13,"key":"Cables"}],"event_choices":[{"damage_healed":0,"gold_gain":175,"player_choice":"AGREE","damage_taken":0,"max_hp_gain":0,"max_hp_loss":0,"event_name":"Liars Game","floor":2,"gold_loss":0,"cards_obtained":["Doubt"]},{"damage_healed":0,"gold_gain":75,"player_choice":"Gather Gold","damage_taken":11,"max_hp_gain":0,"max_hp_loss":0,"event_name":"World of Goop","floor":5,"gold_loss":0},{"damage_healed":0,"gold_gain":0,"player_choice":"Lose Max HP","damage_taken":0,"relics_obtained":["Golden Idol"],"max_hp_gain":0,"max_hp_loss":6,"event_name":"Golden Idol","floor":10,"gold_loss":0},{"damage_healed":0,"gold_gain":0,"player_choice":"Ignored","damage_taken":0,"max_hp_gain":0,"max_hp_loss":0,"event_name":"Cursed Tome","floor":19,"gold_loss":0},{"damage_healed":0,"gold_gain":0,"player_choice":"Copied","damage_taken":0,"max_hp_gain":0,"max_hp_loss":0,"event_name":"Duplicator","floor":21,"gold_loss":0,"cards_obtained":["Leap"]}],"is_beta":false,"boss_relics":[{"not_picked":["Velvet Choker","Coffee Dripper"],"picked":"Inserter"}],"items_purged_floors":[3],"is_endless":false,"potions_floor_spawned":[6,8,13,16,18,20],"killed_by":"Slavers","ascension_level":12}