{"gold_per_floor":[111,121,121,46,121,148,161,176,176,205,218,252,252,262,262,337,337,351,58,71,71,88,88,120,134,187,187,216,226,126,142,142,216,216,230,249,249,249,124,124,124,124,179,41,56,56,74,74,74,74,74],"floor_reached":52,"playtime":2228,"items_purged":["Strike_B","Strike_B","Strike_B","Decay"],"score":2049,"play_id":"e9866316-9574-4a20-8c4f-c249db9026d2","local_time":"20190528201608","is_ascension_mode":true,"campfire_choices":[{"data":"Defragment","floor":15,"key":"SMITH"},{"floor":23,"key":"REST"},{"floor":27,"key":"REST"},{"data":"Seek","floor":32,"key":"SMITH"},{"data":"Capacitor","floor":40,"key":"SMITH"},{"data":"Defragment","floor":42,"key":"SMITH"},{"data":"Buffer","floor":46,"key":"SMITH"},{"data":"Capacitor","floor":49,"key":"SMITH"}],"neow_cost":"NONE","seed_source_timestamp":654086371039119,"circlet_count":0,"master_deck":["AscendersBane","Defend_B","Defend_B","Defend_B","Zap","Dualcast","Coolheaded","Sweeping Beam","Self Repair","Ball Lightning","Conserve Battery","Ball Lightning","Leap","Rebound","Rainbow","Biased Cognition","Redo","Defragment+1","Seek+1","Loop+1","Capacitor+1","Doom and Gloom","Finesse","Cold Snap","Steam","Biased Cognition","Glacier","Coolheaded+1","Defragment+1","Buffer+1","Creative AI","Defragment","Hologram","Parasite","Capacitor+1","Loop+1"],"special_seed":0,"relics":["Cracked Core","NeowsBlessing","DataDisk","Shuriken","Thread and Needle","Question Card","Nuclear Battery","Bronze Scales","Dream Catcher","Calipers","Lizard Tail","MawBank"],"potions_floor_usage":[24,25,50,51],"damage_taken":[{"damage":0.0,"enemies":"Jaw Worm","floor":1.0,"turns":1.0},{"damage":0.0,"enemies":"Cultist","floor":2.0,"turns":1.0},{"damage":0.0,"enemies":"Lagavulin","floor":6.0,"turns":1.0},{"damage":7.0,"enemies":"Small Slimes","floor":7.0,"turns":3.0},{"damage":1.0,"enemies":"Looter","floor":8.0,"turns":3.0},{"damage":22.0,"enemies":"3 Sentries","floor":10.0,"turns":6.0},{"damage":4.0,"enemies":"Exordium Wildlife","floor":11.0,"turns":4.0},{"damage":0.0,"enemies":"Gremlin Nob","floor":12.0,"turns":2.0},{"damage":0.0,"enemies":"Large Slime","floor":14.0,"turns":3.0},{"damage":26,"enemies":"Slime Boss","floor":16,"turns":4},{"damage":8,"enemies":"3 Byrds","floor":18,"turns":5},{"damage":27,"enemies":"Chosen","floor":20,"turns":4},{"damage":14,"enemies":"Sentry and Sphere","floor":22,"turns":5},{"damage":20,"enemies":"Gremlin Leader","floor":24,"turns":6},{"damage":1,"enemies":"Snake Plant","floor":25,"turns":4},{"damage":11,"enemies":"Slavers","floor":28,"turns":7},{"damage":0,"enemies":"Centurion and Healer","floor":29,"turns":6},{"damage":0,"enemies":"Chosen and Byrds","floor":31,"turns":5},{"damage":0,"enemies":"Champ","floor":33,"turns":23},{"damage":1,"enemies":"3 Darklings","floor":35,"turns":4},{"damage":14,"enemies":"3 Shapes","floor":36,"turns":5},{"damage":0,"enemies":"Writhing Mass","floor":45,"turns":7},{"damage":0,"enemies":"Spire Growth","floor":47,"turns":7},{"damage":9,"enemies":"Time Eater","floor":50,"turns":29},{"damage":65,"enemies":"Awakened One","floor":51,"turns":28}],"seed_played":"-3684346394749718871","potions_obtained":[{"floor":1.0,"key":"Dexterity Potion"},{"floor":7.0,"key":"FearPotion"},{"floor":11.0,"key":"AttackPotion"},{"floor":14,"key":"FocusPotion"},{"floor":18,"key":"SpeedPotion"},{"floor":24,"key":"SkillPotion"},{"floor":28,"key":"Block Potion"},{"floor":47,"key":"FocusPotion"}],"is_trial":false,"path_per_floor":["M","M","?","$","?","E","M","M","T","E","M","E","?","M","R","B",null,"M","$","M","?","M","R","E","M","T","R","E","M","$","M","R","B",null,"M","M","?","?","$","R","?","R","T","$","M","R","M","$","R","B","B",null],"character_chosen":"DEFECT","items_purchased":["Self Repair","Capacitor","Doom and Gloom","Finesse"],"campfire_rested":2,"item_purchase_floors":[4,19,19,19],"current_hp_per_floor":[64,64,57,57,46,46,46,52,52,37,40,40,40,40,40,21,59,58,58,31,31,24,45,32,38,38,59,48,55,55,62,62,69,71,70,56,56,56,56,56,56,56,56,56,63,63,70,70,70,68,10],"gold":74,"neow_bonus":"THREE_ENEMY_KILL","is_prod":false,"is_daily":false,"chose_seed":false,"campfire_upgraded":6,"win_rate":0,"timestamp":1559092568,"path_taken":["M","M","?","$","?","E","?","M","T","E","M","E","?","?","R","BOSS","M","$","M","?","M","R","E","M","T","R","E","M","$","M","R","BOSS","M","M","?","?","?","R","?","R","T","$","M","R","M","$","R","BOSS","BOSS"],"build_version":"2019-01-23","purchased_purges":4,"victory":true,"max_hp_per_floor":[71,71,71,71,71,71,71,71,71,71,71,71,71,71,71,71,71,71,71,71,71,71,71,71,71,71,71,71,71,71,71,71,71,71,71,71,71,71,71,71,71,71,71,71,71,71,71,71,71,71,71],"card_choices":[{"not_picked":["Reinforced Body","Storm"],"picked":"Coolheaded","floor":1.0},{"not_picked":["Tempest","Double Energy"],"picked":"Sweeping Beam","floor":2.0},{"not_picked":["Force Field","Hologram"],"picked":"Ball Lightning","floor":6.0},{"not_picked":["Heatsinks","Loop"],"picked":"Conserve Battery","floor":7.0},{"not_picked":["Turbo","Heatsinks"],"picked":"Ball Lightning","floor":8.0},{"not_picked":["Aggregate","Sweeping Beam"],"picked":"Leap","floor":10.0},{"not_picked":["Aggregate","Sweeping Beam"],"picked":"Rebound","floor":11.0},{"not_picked":["Go for the Eyes","Rebound"],"picked":"Rainbow","floor":12.0},{"not_picked":["Beam Cell","Melter","Recycle"],"picked":"Defragment","floor":14},{"not_picked":["Multi-Cast","Rainbow","Biased Cognition"],"picked":"Seek","floor":16},{"not_picked":["Stack+1","Cold Snap","Beam Cell"],"picked":"Loop+1","floor":18},{"not_picked":["Consume","Ball Lightning","Darkness+1"],"picked":"Cold Snap","floor":20},{"not_picked":["Stack+1","Chaos","Meteor Strike"],"picked":"Steam","floor":22},{"not_picked":["Skim","Steam","Sweeping Beam","Turbo"],"picked":"SKIP","floor":24},{"not_picked":["Go for the Eyes","White Noise","Rebound"],"picked":"Biased Cognition","floor":25},{"not_picked":["Cold Snap","Gash","Redo"],"picked":"Glacier","floor":27},{"not_picked":["Ball Lightning","Barrage","Go for the Eyes"],"picked":"Coolheaded+1","floor":28},{"not_picked":["Coolheaded","BootSequence","Loop"],"picked":"Defragment","floor":29},{"not_picked":["Turbo+1","Conserve Battery","Sweeping Beam"],"picked":"Buffer","floor":31},{"not_picked":["Rainbow","Hyperbeam","Fission"],"picked":"Creative AI","floor":33},{"not_picked":["Undo","Darkness","Barrage"],"picked":"Defragment","floor":35},{"not_picked":["Sweeping Beam","Beam Cell","Rebound+1"],"picked":"Hologram","floor":36},{"not_picked":["Rebound+1","Genetic Algorithm","Hello World+1"],"picked":"Capacitor","floor":45},{"not_picked":["Reprogram","Lockon","Leap"],"picked":"Loop+1","floor":47}],"player_experience":473815,"relics_obtained":[{"floor":6.0,"key":"DataDisk"},{"floor":9.0,"key":"Shuriken"},{"floor":10.0,"key":"Thread and Needle"},{"floor":12.0,"key":"Question Card"},{"floor":24,"key":"Bronze Scales"},{"floor":26,"key":"Dream Catcher"},{"floor":28,"key":"Calipers"},{"floor":43,"key":"MawBank"}],"event_choices":[{"cards_removed":["Strike_B"],"damage_healed":0.0,"max_hp_gain":0.0,"max_hp_loss":0.0,"gold_gain":0.0,"event_name":"Golden Wing","player_choice":"Card Removal","floor":3.0,"gold_loss":0.0,"damage_taken":7.0},{"damage_healed":0.0,"max_hp_gain":0.0,"max_hp_loss":0.0,"gold_gain":75.0,"event_name":"World of Goop","player_choice":"Gather Gold","floor":5.0,"gold_loss":0.0,"damage_taken":11.0},{"damage_healed":0.0,"max_hp_gain":0.0,"max_hp_loss":0.0,"gold_gain":0.0,"event_name":"Match and Keep!","player_choice":"2 cards matched","floor":13.0,"gold_loss":0.0,"damage_taken":0.0,"cards_obtained":["Biased Cognition","Redo"]},{"damage_healed":0,"gold_gain":0,"player_choice":"Smashed Altar","damage_taken":0,"max_hp_gain":0,"max_hp_loss":0,"event_name":"Forgotten Altar","floor":21,"gold_loss":0,"cards_obtained":["Decay"]},{"damage_healed":0,"gold_gain":0,"player_choice":"Ignored","damage_taken":0,"max_hp_gain":0,"max_hp_loss":0,"event_name":"Tomb of Lord Red Mask","floor":37,"gold_loss":0},{"damage_healed":0,"gold_gain":0,"player_choice":"Ignored","damage_taken":0,"max_hp_gain":0,"max_hp_loss":0,"event_name":"Mysterious Sphere","floor":38,"gold_loss":0},{"cards_removed":["Defend_B"],"damage_healed":0,"gold_gain":0,"player_choice":"Removed Skill","damage_taken":0,"max_hp_gain":0,"max_hp_loss":0,"event_name":"Falling","floor":41,"gold_loss":0}],"is_beta":false,"boss_relics":[{"not_picked":["Black Star","Orrery"],"picked":"Nuclear Battery"},{"not_picked":["FrozenCore","Runic Dome"],"picked":"Lizard Tail"}],"items_purged_floors":[19,30,39,44],"is_endless":false,"potions_floor_spawned":[1,7,10,11,14,18,22,24,28,45,47],"ascension_level":20}