{"gold_per_floor":[118,68,80,96,106,135,135,162,162,191,205,205,26,26,26,103,103,114,134,134,146,56,56,83,83,108,141,157,157,177,205,205,282,282,294,294,304,404,404,436,436,468,495,527,539,539,617,628,628,628],"floor_reached":51,"playtime":2790,"items_purged":["Strike_G"],"score":1309,"play_id":"754c60ae-1092-4310-9c3b-ae88338f0f21","local_time":"20190502022530","is_ascension_mode":true,"campfire_choices":[{"data":"Cloak And Dagger","floor":7,"key":"SMITH"},{"data":"Neutralize","floor":15,"key":"SMITH"},{"data":"Envenom","floor":23,"key":"SMITH"},{"floor":29,"key":"REST"},{"floor":32,"key":"REST"},{"floor":41,"key":"REST"},{"floor":46,"key":"REST"},{"data":"After Image","floor":49,"key":"SMITH"}],"neow_cost":"NONE","seed_source_timestamp":382212206643150,"circlet_count":0,"master_deck":["AscendersBane","Defend_G+1","Defend_G+1","Defend_G+1","Defend_G+1","Defend_G+1","Strike_G+1","Strike_G+1","Strike_G+1","Survivor","Neutralize+1","Unload","Deflect","Backflip","Cloak And Dagger+1","Die Die Die","Backstab","Unload","PiercingWail","Well Laid Plans","Slice","Envenom+1","Backstab","Deflect","Cloak And Dagger","Underhanded Strike","Escape Plan","Terror","After Image","Backstab","Bandage Up","Deflect+1","After Image+1","Calculated Gamble","Blade Dance+1"],"relics":["Ring of the Snake","Boot","Paper Crane","Mango","Unceasing Top","White Beast Statue","Bird Faced Urn","Pen Nib","Kunai","Regal Pillow","WristBlade","The Specimen","Letter Opener","Orichalcum","Anchor","Snake Skull","Toxic Egg 2"],"potions_floor_usage":[16,16,21,24,33,33,44,50],"damage_taken":[{"damage":0,"enemies":"Small Slimes","floor":1,"turns":3},{"damage":0,"enemies":"Jaw Worm","floor":3,"turns":4},{"damage":6,"enemies":"2 Louse","floor":4,"turns":4},{"damage":0,"enemies":"Exordium Wildlife","floor":5,"turns":5},{"damage":12,"enemies":"3 Sentries","floor":6,"turns":10},{"damage":15,"enemies":"Gremlin Nob","floor":8,"turns":4},{"damage":23,"enemies":"Lagavulin","floor":10,"turns":6},{"damage":7,"enemies":"Large Slime","floor":11,"turns":4},{"damage":26,"enemies":"Slime Boss","floor":16,"turns":10},{"damage":0,"enemies":"3 Byrds","floor":18,"turns":4},{"damage":16,"enemies":"Spheric Guardian","floor":19,"turns":4},{"damage":9,"enemies":"3 Cultists","floor":21,"turns":6},{"damage":29,"enemies":"Book of Stabbing","floor":24,"turns":7},{"damage":38,"enemies":"Gremlin Leader","floor":27,"turns":11},{"damage":16,"enemies":"Cultist and Chosen","floor":28,"turns":5},{"damage":5,"enemies":"Shelled Parasite and Fungi","floor":30,"turns":7},{"damage":5,"enemies":"Slavers","floor":31,"turns":8},{"damage":44,"enemies":"Champ","floor":33,"turns":11},{"damage":0,"enemies":"3 Shapes","floor":35,"turns":5},{"damage":20,"enemies":"3 Darklings","floor":37,"turns":6},{"damage":0,"enemies":"Mind Bloom Boss Battle","floor":38,"turns":8},{"damage":40,"enemies":"Nemesis","floor":40,"turns":7},{"damage":64,"enemies":"Giant Head","floor":42,"turns":11},{"damage":34,"enemies":"Reptomancer","floor":44,"turns":9},{"damage":0,"enemies":"Spire Growth","floor":45,"turns":7},{"damage":1,"enemies":"4 Shapes","floor":48,"turns":5},{"damage":7,"enemies":"Donu and Deca","floor":50,"turns":14}],"seed_played":"-7415168083970546832","potions_obtained":[{"floor":3,"key":"Dexterity Potion"},{"floor":5,"key":"Energy Potion"},{"floor":16,"key":"Ancient Potion"},{"floor":18,"key":"Block Potion"},{"floor":21,"key":"Swift Potion"},{"floor":24,"key":"Ancient Potion"},{"floor":27,"key":"Fire Potion"},{"floor":28,"key":"Strength Potion"},{"floor":31,"key":"Swift Potion"},{"floor":33,"key":"SteroidPotion"},{"floor":35,"key":"Dexterity Potion"},{"floor":42,"key":"Regen Potion"},{"floor":44,"key":"Energy Potion"}],"is_trial":false,"path_per_floor":["M","?","M","M","M","E","R","E","T","E","M","?","$","?","R","B",null,"M","M","?","M","$","R","E","?","T","E","M","R","M","E","R","B",null,"M","?","M","?","?","E","R","E","T","E","M","R","T","M","R","B",null],"character_chosen":"THE_SILENT","items_purchased":["Well Laid Plans","Slice","Swift Strike"],"campfire_rested":4,"item_purchase_floors":[13,13,22],"current_hp_per_floor":[63,63,63,57,57,45,45,30,44,21,14,7,7,35,35,9,65,65,49,49,40,40,40,11,84,84,46,32,57,56,55,84,42,74,80,80,70,80,80,46,80,17,17,10,22,61,61,68,68,73],"gold":628,"neow_bonus":"ONE_RANDOM_RARE_CARD","is_prod":false,"is_daily":false,"chose_seed":false,"campfire_upgraded":4,"win_rate":0,"timestamp":1556781930,"path_taken":["M","?","M","M","M","E","R","E","T","E","M","?","$","?","R","BOSS","M","M","?","M","$","R","E","?","T","E","?","R","M","E","R","BOSS","M","?","M","?","?","E","R","E","T","E","M","R","?","M","R","BOSS"],"build_version":"2019-01-23","purchased_purges":1,"victory":true,"max_hp_per_floor":[70,70,70,70,70,70,70,70,84,84,84,84,84,84,84,84,84,84,84,84,84,84,84,84,84,84,84,84,84,84,84,84,84,84,84,84,84,84,80,80,80,80,80,80,80,80,80,80,80,80],"card_choices":[{"not_picked":["Acrobatics","Skewer"],"picked":"Deflect","floor":1},{"not_picked":["Underhanded Strike","Accuracy"],"picked":"Backflip","floor":3},{"not_picked":["Escape Plan","Dodge and Roll"],"picked":"Cloak And Dagger","floor":4},{"not_picked":["Prepared","Flying Knee"],"picked":"Die Die Die","floor":5},{"not_picked":["Poisoned Stab","Dagger Throw"],"picked":"Backstab","floor":6},{"not_picked":["Distraction","Outmaneuver"],"picked":"Unload","floor":8},{"not_picked":["Flying Knee","Dagger Throw","Flechettes"],"picked":"SKIP","floor":10},{"not_picked":["Eviscerate","Terror"],"picked":"PiercingWail","floor":11},{"not_picked":["Malaise","Burst"],"picked":"Envenom","floor":16},{"not_picked":["Quick Slash","Backflip"],"picked":"Backstab","floor":18},{"not_picked":["All Out Attack","Bane"],"picked":"Deflect","floor":19},{"not_picked":["Dagger Spray","Prepared"],"picked":"Cloak And Dagger","floor":21},{"not_picked":["Deadly Poison","Concentrate"],"picked":"Underhanded Strike","floor":24},{"not_picked":["Reflex","Expertise"],"picked":"Escape Plan","floor":27},{"not_picked":["Slice","Catalyst","Choke"],"picked":"SKIP","floor":28},{"not_picked":["Bane","Heel Hook","Acrobatics"],"picked":"SKIP","floor":30},{"not_picked":["Dagger Throw","Die Die Die"],"picked":"Terror","floor":31},{"not_picked":["Doppelganger","Adrenaline"],"picked":"After Image","floor":33},{"not_picked":["Deflect","Caltrops"],"picked":"Backstab","floor":35},{"not_picked":["Panacea","Purity"],"picked":"Bandage Up","floor":36},{"not_picked":["Underhanded Strike","Escape Plan"],"picked":"Deflect+1","floor":37},{"not_picked":["Caltrops","Deadly Poison+1"],"picked":"After Image","floor":40},{"not_picked":["Outmaneuver","Blade Dance","Concentrate"],"picked":"SKIP","floor":42},{"not_picked":["Endless Agony","Underhanded Strike","Dash+1"],"picked":"SKIP","floor":44},{"not_picked":["Deflect","Outmaneuver+1"],"picked":"Calculated Gamble","floor":45},{"not_picked":["Dodge and Roll+1","Poisoned Stab"],"picked":"Blade Dance+1","floor":48}],"player_experience":362473,"relics_obtained":[{"floor":6,"key":"Boot"},{"floor":8,"key":"Paper Crane"},{"floor":9,"key":"Mango"},{"floor":10,"key":"Unceasing Top"},{"floor":24,"key":"Bird Faced Urn"},{"floor":26,"key":"Pen Nib"},{"floor":27,"key":"Kunai"},{"floor":31,"key":"Regal Pillow"},{"floor":38,"key":"The Specimen"},{"floor":40,"key":"Letter Opener"},{"floor":42,"key":"Orichalcum"},{"floor":43,"key":"Anchor"},{"floor":44,"key":"Snake Skull"},{"floor":47,"key":"Toxic Egg 2"}],"event_choices":[{"cards_removed":["Strike_G"],"damage_healed":0,"gold_gain":0,"player_choice":"Card Removal","damage_taken":0,"max_hp_gain":0,"max_hp_loss":0,"event_name":"The Cleric","floor":2,"gold_loss":50},{"damage_healed":0,"gold_gain":0,"player_choice":"Fled","damage_taken":7,"max_hp_gain":0,"max_hp_loss":0,"event_name":"Scrap Ooze","floor":12,"gold_loss":0},{"damage_healed":28,"gold_gain":0,"player_choice":"Banana","damage_taken":0,"max_hp_gain":0,"max_hp_loss":0,"event_name":"Big Fish","floor":14,"gold_loss":0},{"damage_healed":0,"gold_gain":0,"player_choice":"Simplicity","damage_taken":0,"max_hp_gain":0,"max_hp_loss":0,"event_name":"Back to Basics","floor":20,"gold_loss":0,"cards_upgraded":["Defend_G","Defend_G","Defend_G","Defend_G","Defend_G","Strike_G","Strike_G","Strike_G"]},{"cards_removed":["Swift Strike"],"damage_healed":73,"gold_gain":0,"player_choice":"Offered Uncommon","damage_taken":0,"max_hp_gain":0,"max_hp_loss":0,"event_name":"Bonfire Elementals","floor":25,"gold_loss":0},{"damage_healed":0,"gold_gain":0,"player_choice":"Memory 1","damage_taken":0,"max_hp_gain":0,"max_hp_loss":0,"event_name":"SensoryStone","floor":36,"gold_loss":0},{"damage_healed":0,"gold_gain":0,"player_choice":"Fight","damage_taken":0,"max_hp_gain":0,"max_hp_loss":0,"event_name":"MindBloom","floor":38,"gold_loss":0},{"damage_healed":0,"gold_gain":0,"player_choice":"Max HP","damage_taken":0,"max_hp_gain":0,"max_hp_loss":4,"event_name":"Winding Halls","floor":39,"gold_loss":0}],"is_beta":false,"boss_relics":[{"not_picked":["Snecko Eye","Runic Dome"],"picked":"White Beast Statue"},{"not_picked":["Sozu","Orrery"],"picked":"WristBlade"}],"items_purged_floors":[13],"is_endless":false,"potions_floor_spawned":[3,5,10,11,16,18,19,21,24,27,28,30,31,33,35,37,38,40,42,44,45,48],"ascension_level":13}