{"gold_per_floor":[111,61,236,336,349,349,376,376,376,392,317,330,359,13,13,86,86,102,0,0,0,0,0,20,20,20,20],"floor_reached":27,"playtime":821,"items_purged":["Doubt","Strike_B"],"score":399,"play_id":"d5736325-897a-47a6-a100-c940f7149fba","local_time":"20190428182945","is_ascension_mode":true,"campfire_choices":[{"data":"Zap","floor":6,"key":"SMITH"},{"data":"Defragment","floor":8,"key":"SMITH"},{"floor":15,"key":"REST"},{"floor":23,"key":"REST"},{"data":"Fission","floor":25,"key":"SMITH"}],"neow_cost":"NONE","seed_source_timestamp":96438456722724,"circlet_count":0,"master_deck":["AscendersBane","Strike_B","Defend_B","Defend_B","Defend_B","Defend_B","Zap+1","Dualcast","Redo","Compile Driver","Defragment+1","Consume","Coolheaded","Static Discharge","Glacier","Cold Snap","Steam","Fission+1","Chaos"],"relics":["Cracked Core","NeowsBlessing","Vajra","Dodecahedron","Turnip","Membership Card","Snecko Eye","Pantograph"],"potions_floor_usage":[16,16,27],"damage_taken":[{"damage":0,"enemies":"2 Louse","floor":1,"turns":1},{"damage":0,"enemies":"Cultist","floor":5,"turns":1},{"damage":0,"enemies":"Lagavulin","floor":7,"turns":1},{"damage":0,"enemies":"Small Slimes","floor":10,"turns":2},{"damage":25,"enemies":"Exordium Thugs","floor":12,"turns":5},{"damage":19,"enemies":"3 Sentries","floor":13,"turns":8},{"damage":37,"enemies":"Slime Boss","floor":16,"turns":15},{"damage":19,"enemies":"3 Byrds","floor":18,"turns":3},{"damage":13,"enemies":"2 Thieves","floor":21,"turns":4},{"damage":23,"enemies":"Centurion and Healer","floor":24,"turns":15},{"damage":28,"enemies":"3 Cultists","floor":27,"turns":3}],"seed_played":"-5913483781986156339","potions_obtained":[{"floor":1,"key":"Block Potion"},{"floor":10,"key":"EssenceOfSteel"},{"floor":16,"key":"FocusPotion"},{"floor":24,"key":"Strength Potion"}],"is_trial":false,"path_per_floor":["M","?","?","?","M","R","E","R","T","M","$","M","E","$","R","B",null,"M","?","?","M","$","R","M","R","T","M"],"character_chosen":"DEFECT","items_purchased":["Membership Card","Glacier","Cold Snap","Steam"],"campfire_rested":2,"item_purchase_floors":[14,14,14,14],"current_hp_per_floor":[68,68,68,68,68,68,68,68,68,68,68,43,24,24,46,9,59,40,40,40,27,27,49,26,26,26,0],"gold":20,"neow_bonus":"THREE_ENEMY_KILL","is_prod":false,"is_daily":false,"chose_seed":false,"campfire_upgraded":3,"win_rate":0,"timestamp":1556494185,"path_taken":["M","?","?","?","?","R","E","R","T","M","$","M","E","$","R","BOSS","M","?","?","M","$","R","?","R","T","M"],"build_version":"2019-01-23","purchased_purges":2,"victory":false,"max_hp_per_floor":[75,75,75,75,75,75,75,75,75,75,75,75,75,75,75,75,75,75,75,75,75,75,75,75,75,75,75],"card_choices":[{"not_picked":["Lockon","Aggregate"],"picked":"Redo","floor":1},{"not_picked":["Streamline","Turbo"],"picked":"Compile Driver","floor":5},{"not_picked":["Barrage","Steam Power"],"picked":"Defragment","floor":7},{"not_picked":["Redo","Streamline"],"picked":"Consume","floor":10},{"not_picked":["Tempest","Auto Shields"],"picked":"Coolheaded","floor":12},{"not_picked":["Go for the Eyes","Melter"],"picked":"Static Discharge","floor":13},{"not_picked":["Thunder Strike","Amplify"],"picked":"Fission","floor":16},{"not_picked":["Lockon+1","Beam Cell","Gash"],"picked":"SKIP","floor":18},{"not_picked":["Steam","Self Repair"],"picked":"Chaos","floor":21},{"not_picked":["Streamline","Beam Cell","Cold Snap"],"picked":"SKIP","floor":24}],"player_experience":340545,"relics_obtained":[{"floor":7,"key":"Vajra"},{"floor":9,"key":"Dodecahedron"},{"floor":13,"key":"Turnip"},{"floor":26,"key":"Pantograph"}],"event_choices":[{"cards_removed":["Strike_B"],"damage_healed":0,"gold_gain":0,"player_choice":"Card Removal","damage_taken":0,"max_hp_gain":0,"max_hp_loss":0,"event_name":"The Cleric","floor":2,"gold_loss":50},{"damage_healed":0,"gold_gain":175,"player_choice":"AGREE","damage_taken":0,"max_hp_gain":0,"max_hp_loss":0,"event_name":"Liars Game","floor":3,"gold_loss":0,"cards_obtained":["Doubt"]},{"damage_healed":0,"gold_gain":100,"player_choice":"Pray","damage_taken":0,"max_hp_gain":0,"max_hp_loss":0,"event_name":"Golden Shrine","floor":4,"gold_loss":0},{"damage_healed":0,"gold_gain":0,"player_choice":"Paid Fearfully","damage_taken":0,"max_hp_gain":0,"max_hp_loss":0,"event_name":"Masked Bandits","floor":19,"gold_loss":102},{"cards_removed":["Strike_B"],"damage_healed":0,"gold_gain":0,"player_choice":"Purged","damage_taken":0,"max_hp_gain":0,"max_hp_loss":0,"event_name":"Purifier","floor":20,"gold_loss":0}],"is_beta":false,"boss_relics":[{"not_picked":["White Beast Statue","FrozenCore"],"picked":"Snecko Eye"}],"items_purged_floors":[11,14],"is_endless":false,"potions_floor_spawned":[1,10,16,24],"killed_by":"3 Cultists","ascension_level":13}