{"gold_per_floor":[115,3,78,78,27,27,62,74,111,123,153,179,191,234,246,363,375,397,436,498,528,540,552,564],"floor_reached":24,"playtime":691,"items_purged":["Strike_B"],"score":227,"play_id":"0d891646-e00e-4748-a3dd-fbef04beefc4","local_time":"20190218185225","is_ascension_mode":false,"campfire_choices":[{"data":"Defragment","floor":6,"key":"SMITH"},{"data":"Zap","floor":8,"key":"SMITH"},{"data":"Ball Lightning","floor":10,"key":"SMITH"},{"floor":13,"key":"REST"},{"data":"Loop","floor":15,"key":"SMITH"},{"floor":23,"key":"REST"}],"neow_cost":"NONE","seed_source_timestamp":447486970627145,"circlet_count":0,"master_deck":["Strike_B","Strike_B","Strike_B","Defend_B","Defend_B+1","Defend_B","Defend_B","Zap+1","Dualcast","Melter+1","Defragment+1","Ball Lightning+1","Barrage","Conserve Battery","Loop+1","Creative AI","Go for the Eyes","Turbo"],"relics":["Cracked Core","NeowsBlessing","MawBank","Omamori","PreservedInsect","Philosopher\u0027s Stone","Happy Flower"],"potions_floor_usage":[16,18,22,22],"damage_taken":[{"damage":0,"enemies":"Cultist","floor":1,"turns":1},{"damage":0,"enemies":"Gremlin Nob","floor":7,"turns":1},{"damage":0,"enemies":"Jaw Worm","floor":11,"turns":1},{"damage":0,"enemies":"2 Louse","floor":12,"turns":3},{"damage":16,"enemies":"Lagavulin","floor":14,"turns":4},{"damage":3,"enemies":"Slime Boss","floor":16,"turns":6},{"damage":44,"enemies":"2 Thieves","floor":18,"turns":4},{"damage":11,"enemies":"Shell Parasite","floor":21,"turns":4},{"damage":5,"enemies":"Snake Plant","floor":22,"turns":2},{"damage":26,"enemies":"Slavers","floor":24,"turns":2}],"seed_played":"8111980340823527762","potions_obtained":[{"floor":1,"key":"SmokeBomb"},{"floor":7,"key":"Poison Potion"},{"floor":12,"key":"PowerPotion"},{"floor":18,"key":"AttackPotion"}],"is_trial":false,"path_per_floor":["M","$","?","?","$","R","E","R","T","R","M","M","R","E","R","B",null,"M","T","?","M","M","R","E"],"character_chosen":"DEFECT","items_purchased":["Defragment","Ball Lightning"],"campfire_rested":2,"item_purchase_floors":[2,5],"current_hp_per_floor":[75,75,64,49,49,49,49,49,49,49,49,49,71,55,55,52,75,31,31,31,20,15,37,11],"gold":564,"neow_bonus":"THREE_ENEMY_KILL","is_prod":false,"is_daily":false,"chose_seed":false,"campfire_upgraded":4,"win_rate":0,"timestamp":1550537545,"path_taken":["M","$","?","?","?","R","E","R","T","R","M","M","R","E","R","BOSS","M","?","?","M","M","R","E"],"build_version":"2019-01-23","purchased_purges":1,"victory":false,"max_hp_per_floor":[75,75,75,75,75,75,75,75,75,75,75,75,75,75,75,75,75,75,75,75,75,75,75,75],"card_choices":[{"not_picked":["Genetic Algorithm","Double Energy"],"picked":"Melter","floor":1},{"not_picked":["Genetic Algorithm","Streamline","Scrape"],"picked":"SKIP","floor":7},{"not_picked":["Reprogram","Streamline"],"picked":"Barrage","floor":11},{"not_picked":["Tempest","Undo"],"picked":"Conserve Battery","floor":12},{"not_picked":["Gash","Hologram"],"picked":"Loop","floor":14},{"not_picked":["Core Surge","All For One"],"picked":"Creative AI","floor":16},{"not_picked":["Sweeping Beam+1","Recycle"],"picked":"Go for the Eyes","floor":18},{"not_picked":["Force Field","Fusion"],"picked":"Turbo","floor":21}],"player_experience":63129,"relics_obtained":[{"floor":7,"key":"MawBank"},{"floor":9,"key":"Omamori"},{"floor":14,"key":"PreservedInsect"},{"floor":19,"key":"Happy Flower"}],"event_choices":[{"damage_healed":0,"gold_gain":75,"player_choice":"Gather Gold","damage_taken":11,"max_hp_gain":0,"max_hp_loss":0,"event_name":"World of Goop","floor":3,"gold_loss":0},{"damage_healed":0,"gold_gain":0,"player_choice":"Entered Light","damage_taken":15,"max_hp_gain":0,"max_hp_loss":0,"event_name":"Shining Light","floor":4,"gold_loss":0,"cards_upgraded":["Defend_B","Melter"]},{"damage_healed":0,"gold_gain":100,"player_choice":"Bet on Murderer","damage_taken":0,"max_hp_gain":0,"max_hp_loss":0,"event_name":"The Joust","floor":20,"gold_loss":50}],"is_beta":false,"boss_relics":[{"not_picked":["Busted Crown","Pandora\u0027s Box"],"picked":"Philosopher\u0027s Stone"}],"items_purged_floors":[2],"is_endless":false,"potions_floor_spawned":[1,7,12,18],"killed_by":"Slavers","ascension_level":0}