{"gold_per_floor":[118,136,150,166,178,178,178,178,178,23,53,53,83,8,8,113,113,130,45,0,11,11,11,11],"floor_reached":24,"playtime":1351,"items_purged":["Regret"],"score":184,"play_id":"1e6e4003-0dfc-4441-b345-816d00e3cb3d","local_time":"20190526154132","is_ascension_mode":false,"campfire_choices":[{"data":"Setup","floor":6,"key":"SMITH"},{"data":"Prepared","floor":8,"key":"SMITH"},{"data":"Terror","floor":12,"key":"SMITH"},{"floor":15,"key":"REST"},{"data":"Accuracy","floor":23,"key":"SMITH"}],"neow_cost":"","seed_source_timestamp":22066686983431,"circlet_count":0,"master_deck":["Defend_G","Defend_G","Defend_G","Defend_G","Defend_G","Strike_G","Strike_G+1","Strike_G","Strike_G","Survivor","Neutralize","Prepared+1","Heel Hook+1","Flying Knee","Setup+1","Terror+1","Storm of Steel","Expertise","Leg Sweep","Flying Knee","Backflip","Cloak And Dagger","Dagger Spray+1","Accuracy+1"],"relics":["Unceasing Top","Ancient Tea Set","Whetstone","Odd Mushroom","Tiny Chest","Orrery","Kunai"],"potions_floor_usage":[],"damage_taken":[{"damage":1,"enemies":"2 Louse","floor":1,"turns":4},{"damage":0,"enemies":"Small Slimes","floor":2,"turns":4},{"damage":0,"enemies":"Jaw Worm","floor":3,"turns":4},{"damage":0,"enemies":"Large Slime","floor":4,"turns":6},{"damage":8,"enemies":"2 Fungi Beasts","floor":5,"turns":4},{"damage":17,"enemies":"The Mushroom Lair","floor":11,"turns":6},{"damage":44,"enemies":"The Guardian","floor":16,"turns":12},{"damage":13,"enemies":"3 Byrds","floor":18,"turns":7},{"damage":28,"enemies":"Spheric Guardian","floor":21,"turns":8},{"damage":4,"enemies":"3 Cultists","floor":24,"turns":2}],"seed_played":"6061925476439316995","potions_obtained":[{"floor":2,"key":"GhostInAJar"},{"floor":3,"key":"SkillPotion"},{"floor":4,"key":"Fire Potion"}],"is_trial":true,"path_per_floor":["M","M","M","M","M","R","?","R","T","$","?","R","?","$","R","B",null,"M","?","?","M","?","R","M"],"character_chosen":"THE_SILENT","items_purchased":["Whetstone"],"campfire_rested":1,"item_purchase_floors":[10],"current_hp_per_floor":[69,69,69,69,61,61,54,54,54,54,37,37,37,37,58,14,70,57,57,57,29,29,29,25],"gold":11,"neow_bonus":"","is_prod":false,"is_daily":false,"chose_seed":false,"campfire_upgraded":4,"win_rate":0,"timestamp":1558910492,"path_taken":["M","M","M","M","M","R","?","R","T","$","?","R","?","?","R","BOSS","M","?","?","M","?","R","M"],"build_version":"2019-01-23","purchased_purges":1,"victory":false,"max_hp_per_floor":[70,70,70,70,70,70,70,70,70,70,70,70,70,70,70,70,70,70,70,70,70,70,70,70],"card_choices":[{"not_picked":["Dodge and Roll","Backflip"],"picked":"Prepared","floor":1},{"not_picked":["Eviscerate","Blade Dance"],"picked":"Heel Hook","floor":2},{"not_picked":["Catalyst","Skewer"],"picked":"Flying Knee","floor":3},{"not_picked":["Backflip","PiercingWail","Poisoned Stab"],"picked":"SKIP","floor":4},{"not_picked":["Prepared","Bane"],"picked":"Setup","floor":5},{"not_picked":["PiercingWail","Underhanded Strike"],"picked":"Terror","floor":11},{"not_picked":["A Thousand Cuts","Glass Knife"],"picked":"Storm of Steel","floor":16},{"not_picked":["Backflip","Prepared"],"picked":"Expertise","floor":17},{"not_picked":["Dodge and Roll","Underhanded Strike"],"picked":"Leg Sweep","floor":17},{"not_picked":["Unload","Blade Dance"],"picked":"Flying Knee","floor":17},{"not_picked":["Deadly Poison","Quick Slash"],"picked":"Backflip","floor":17},{"not_picked":["Reflex","Dagger Spray"],"picked":"Cloak And Dagger","floor":17},{"not_picked":["Caltrops","Blade Dance"],"picked":"Dagger Spray+1","floor":18},{"not_picked":["Blade Dance","Setup"],"picked":"Accuracy","floor":21}],"player_experience":331344,"relics_obtained":[{"floor":9,"key":"Ancient Tea Set"},{"floor":11,"key":"Odd Mushroom"}],"event_choices":[{"cards_removed":["Strike_G"],"damage_healed":0,"gold_gain":0,"player_choice":"Card Removal","damage_taken":7,"max_hp_gain":0,"max_hp_loss":0,"event_name":"Golden Wing","floor":7,"gold_loss":0},{"damage_healed":0,"gold_gain":0,"player_choice":"Fought Mushrooms","damage_taken":0,"max_hp_gain":0,"max_hp_loss":0,"event_name":"Mushrooms","floor":11,"gold_loss":0},{"damage_healed":0,"gold_gain":0,"player_choice":"Box","damage_taken":0,"relics_obtained":["Tiny Chest"],"max_hp_gain":0,"max_hp_loss":0,"event_name":"Big Fish","floor":13,"gold_loss":0,"cards_obtained":["Regret"]},{"damage_healed":0,"gold_gain":0,"player_choice":"Obtained Relic","damage_taken":0,"relics_obtained":["Kunai"],"max_hp_gain":0,"max_hp_loss":0,"event_name":"Addict","floor":19,"gold_loss":85},{"damage_healed":0,"gold_gain":0,"player_choice":"Paid Fearfully","damage_taken":0,"max_hp_gain":0,"max_hp_loss":0,"event_name":"Masked Bandits","floor":20,"gold_loss":45},{"damage_healed":0,"gold_gain":0,"player_choice":"Ignored","damage_taken":0,"max_hp_gain":0,"max_hp_loss":0,"event_name":"Beggar","floor":22,"gold_loss":0}],"is_beta":false,"boss_relics":[{"not_picked":["Pandora\u0027s Box","White Beast Statue"],"picked":"Orrery"}],"items_purged_floors":[14],"is_endless":false,"potions_floor_spawned":[2,3,4,21],"killed_by":"3 Cultists","ascension_level":0}