{"gold_per_floor":[114,125,125,139,157,157,192,212,259,279,302,70,95,118,118,247,247,272,291,304,317,108,108,129,150,150,150,163,262,262,262,262,262],"floor_reached":33,"playtime":2163,"items_purged":["Strike_B","Strike_B"],"score":257,"play_id":"d5e7f560-8df9-49c7-9e36-cff9ffc74908","local_time":"20190524191109","is_ascension_mode":false,"campfire_choices":[{"floor":6,"key":"REST"},{"floor":15,"key":"REST"},{"floor":23,"key":"REST"},{"data":"Creative AI","floor":27,"key":"SMITH"},{"floor":32,"key":"REST"}],"neow_cost":"NONE","seed_source_timestamp":372627047659200,"circlet_count":0,"master_deck":["Defend_B","Defend_B","Defend_B","Defend_B","Zap","Dualcast","Multi-Cast","Sweeping Beam","Doom and Gloom","Coolheaded","Rainbow","Auto Shields","Go for the Eyes","Conserve Battery","Ball Lightning","Genetic Algorithm","Beam Cell","Buffer","FTL","Redo","Creative AI+1","Tempest","Sunder","Chill","Defragment","Reinforced Body+1","Turbo+1","Fission","Lockon+1"],"special_seed":0,"relics":["Cracked Core","Golden Idol","Gremlin Horn","Bronze Scales","Regal Pillow","Eternal Feather","Molten Egg 2"],"potions_floor_usage":[16,16,21,31,33],"damage_taken":[{"damage":0,"enemies":"Cultist","floor":1,"turns":3},{"damage":6,"enemies":"Jaw Worm","floor":2,"turns":4},{"damage":1,"enemies":"2 Louse","floor":4,"turns":2},{"damage":10,"enemies":"Looter","floor":5,"turns":3},{"damage":17,"enemies":"Gremlin Nob","floor":7,"turns":4},{"damage":7,"enemies":"2 Fungi Beasts","floor":8,"turns":4},{"damage":15,"enemies":"Exordium Thugs","floor":10,"turns":3},{"damage":3,"enemies":"Looter","floor":11,"turns":3},{"damage":13,"enemies":"2 Fungi Beasts","floor":13,"turns":3},{"damage":5,"enemies":"Blue Slaver","floor":14,"turns":3},{"damage":19,"enemies":"The Guardian","floor":16,"turns":9},{"damage":9,"enemies":"3 Byrds","floor":18,"turns":3},{"damage":3,"enemies":"Chosen","floor":19,"turns":5},{"damage":40,"enemies":"3 Cultists","floor":20,"turns":6},{"damage":18,"enemies":"Shelled Parasite and Fungi","floor":21,"turns":5},{"damage":13,"enemies":"Sentry and Sphere","floor":24,"turns":5},{"damage":19,"enemies":"Centurion and Healer","floor":25,"turns":7},{"damage":14,"enemies":"Shelled Parasite and Fungi","floor":28,"turns":6},{"damage":25,"enemies":"Colosseum Slavers","floor":31,"turns":5},{"damage":54,"enemies":"Champ","floor":33,"turns":11}],"seed_played":"-3746116674280767428","potions_obtained":[{"floor":1,"key":"SpeedPotion"},{"floor":7,"key":"Ancient Potion"},{"floor":8,"key":"Energy Potion"},{"floor":11,"key":"SkillPotion"},{"floor":13,"key":"Weak Potion"},{"floor":20,"key":"AttackPotion"},{"floor":24,"key":"Weak Potion"}],"is_trial":false,"path_per_floor":["M","M","?","M","M","R","E","M","T","M","M","$","M","M","R","B",null,"M","M","M","M","$","R","M","M","T","R","M","?","?","?","R","B"],"character_chosen":"DEFECT","items_purchased":["Regal Pillow","Sunder","Chill"],"campfire_rested":4,"item_purchase_floors":[12,22,22],"current_hp_per_floor":[75,69,51,50,40,62,45,38,38,23,20,20,7,2,39,20,75,66,63,23,5,5,57,44,25,25,40,26,26,26,1,53,0],"gold":262,"neow_bonus":"ONE_RANDOM_RARE_CARD","is_prod":false,"is_daily":false,"chose_seed":false,"campfire_upgraded":1,"win_rate":0.0,"timestamp":1558739469,"path_taken":["M","?","?","M","M","R","E","M","T","M","M","$","M","M","R","BOSS","M","M","M","M","$","R","M","M","T","R","M","?","?","?","R","BOSS"],"build_version":"2019-01-23","purchased_purges":2,"victory":false,"max_hp_per_floor":[75,75,75,75,75,75,75,75,75,75,75,75,75,75,75,75,75,75,75,75,75,75,75,75,75,75,75,75,75,75,75,75,75],"card_choices":[{"not_picked":["Double Energy","Barrage"],"picked":"Sweeping Beam","floor":1},{"not_picked":["Tempest","Stack"],"picked":"Doom and Gloom","floor":2},{"not_picked":["Steam","Cold Snap"],"picked":"Coolheaded","floor":4},{"not_picked":["Self Repair","Reprogram"],"picked":"Rainbow","floor":5},{"not_picked":["Turbo","Thunder Strike"],"picked":"Auto Shields","floor":7},{"not_picked":["Rebound","Self Repair"],"picked":"Go for the Eyes","floor":8},{"not_picked":["Coolheaded","Gash"],"picked":"Conserve Battery","floor":10},{"not_picked":["Gash","Barrage"],"picked":"Ball Lightning","floor":11},{"not_picked":["Rebound","Force Field"],"picked":"Genetic Algorithm","floor":13},{"not_picked":["Darkness","Barrage"],"picked":"Beam Cell","floor":14},{"not_picked":["Hyperbeam","Biased Cognition"],"picked":"Buffer","floor":16},{"not_picked":["Rebound","Beam Cell"],"picked":"FTL","floor":18},{"not_picked":["Barrage","Rip and Tear"],"picked":"Redo","floor":19},{"not_picked":["Doom and Gloom","Auto Shields+1"],"picked":"Creative AI","floor":20},{"not_picked":["Scrape","Stack"],"picked":"Tempest","floor":21},{"not_picked":["Chill","White Noise"],"picked":"Defragment","floor":24},{"not_picked":["Compile Driver","Steam"],"picked":"Reinforced Body+1","floor":25},{"not_picked":["Coolheaded","Self Repair+1"],"picked":"Turbo+1","floor":28}],"player_experience":26372,"relics_obtained":[{"floor":7,"key":"Gremlin Horn"},{"floor":9,"key":"Bronze Scales"},{"floor":26,"key":"Molten Egg 2"}],"event_choices":[{"damage_healed":0,"gold_gain":0,"player_choice":"Take Damage","damage_taken":18,"relics_obtained":["Golden Idol"],"max_hp_gain":0,"max_hp_loss":0,"event_name":"Golden Idol","floor":3,"gold_loss":0},{"damage_healed":0,"gold_gain":99,"player_choice":"Stole From Cult","damage_taken":0,"max_hp_gain":0,"max_hp_loss":0,"event_name":"Nest","floor":29,"gold_loss":0},{"damage_healed":0,"gold_gain":0,"cards_transformed":["Strike_B","Strike_B"],"player_choice":"Became Test Subject","damage_taken":0,"max_hp_gain":0,"max_hp_loss":0,"event_name":"Drug Dealer","floor":30,"gold_loss":0,"cards_obtained":["Fission","Lockon"]},{"damage_healed":0,"gold_gain":0,"player_choice":"Fight","damage_taken":0,"max_hp_gain":0,"max_hp_loss":0,"event_name":"Colosseum","floor":31,"gold_loss":0},{"damage_healed":0,"gold_gain":0,"player_choice":"Fled From Nobs","damage_taken":0,"max_hp_gain":0,"max_hp_loss":0,"event_name":"Colosseum","floor":31,"gold_loss":0}],"is_beta":false,"boss_relics":[{"not_picked":["Ectoplasm","White Beast Statue"],"picked":"Eternal Feather"}],"items_purged_floors":[12,22],"is_endless":false,"potions_floor_spawned":[1,7,8,11,13,14,20,24,31],"killed_by":"Champ","ascension_level":0}