{"gold_per_floor":[112,112,124,74,89,122,122,7,79,79,110,110,143,0,0,105,105,123,143,143,160,4,4,39,39,39,53,53,83,97,22,22,118,118,129,129,54,74,74,74,99,99,154,187,201,230,50,60,60,60],"floor_reached":51,"playtime":2094,"items_purged":["Defend_B","Defend_B"],"score":1309,"play_id":"8ce591b5-903e-4d9b-81cc-35ddad0c6fef","local_time":"20190312155047","is_ascension_mode":true,"campfire_choices":[{"data":"Zap","floor":7,"key":"SMITH"},{"data":"Rip and Tear","floor":10,"key":"SMITH"},{"data":"Genetic Algorithm","floor":15,"key":"SMITH"},{"data":"Chill","floor":23,"key":"SMITH"},{"floor":25,"key":"REST"},{"data":"Loop","floor":28,"key":"SMITH"},{"floor":32,"key":"REST"},{"data":"Fission","floor":40,"key":"SMITH"},{"data":"Defragment","floor":42,"key":"SMITH"},{"data":"Capacitor","floor":49,"key":"SMITH"}],"neow_cost":"NONE","seed_source_timestamp":1777192699146182,"circlet_count":0,"master_deck":["AscendersBane","Defend_B","Defend_B+1","Zap+1","Dualcast+1","Sweeping Beam","Cold Snap","Barrage","Capacitor+1","Self Repair","Rip and Tear+1","Conserve Battery","Genetic Algorithm+1","Machine Learning","Cold Snap+1","Loop+1","Rainbow","Steam+1","Defragment+1","Chill+1","Storm+1","Turbo+1","Coolheaded+1","Compile Driver+1","Fission+1","Panacea","Doom and Gloom+1","Hologram+1","Leap+1","Loop+1","BootSequence","Glacier","Darkness"],"relics":["Cracked Core","Potion Belt","Bag of Marbles","Mummified Hand","Symbiotic Virus","Sundial","Anchor","Runic Pyramid","Frozen Egg 2","Bronze Scales","Torii","Eternal Feather","Pen Nib","War Paint","Oddly Smooth Stone","Mercury Hourglass"],"potions_floor_usage":[6,13,19,21,33,41,46,50,50,50,50,50,50,50,50],"damage_taken":[{"damage":2,"enemies":"Jaw Worm","floor":1,"turns":3},{"damage":1,"enemies":"Cultist","floor":3,"turns":4},{"damage":0,"enemies":"2 Louse","floor":5,"turns":3},{"damage":25,"enemies":"3 Sentries","floor":6,"turns":6},{"damage":31,"enemies":"Gremlin Nob","floor":11,"turns":4},{"damage":20,"enemies":"Lagavulin","floor":13,"turns":7},{"damage":30,"enemies":"Hexaghost","floor":16,"turns":8},{"damage":17,"enemies":"3 Byrds","floor":18,"turns":4},{"damage":9,"enemies":"Chosen","floor":19,"turns":5},{"damage":6,"enemies":"Centurion and Healer","floor":21,"turns":5},{"damage":30,"enemies":"Gremlin Leader","floor":24,"turns":8},{"damage":5,"enemies":"Snake Plant","floor":27,"turns":3},{"damage":7,"enemies":"Book of Stabbing","floor":29,"turns":4},{"damage":8,"enemies":"Shelled Parasite and Fungi","floor":30,"turns":4},{"damage":9,"enemies":"Collector","floor":33,"turns":12},{"damage":0,"enemies":"3 Shapes","floor":35,"turns":3},{"damage":6,"enemies":"Orb Walker","floor":38,"turns":3},{"damage":15,"enemies":"Giant Head","floor":41,"turns":8},{"damage":0,"enemies":"Reptomancer","floor":44,"turns":6},{"damage":9,"enemies":"Spire Growth","floor":45,"turns":4},{"damage":0,"enemies":"Giant Head","floor":46,"turns":7},{"damage":1,"enemies":"Writhing Mass","floor":48,"turns":5},{"damage":0,"enemies":"Donu and Deca","floor":50,"turns":7}],"seed_played":"-6641596774024474415","potions_obtained":[{"floor":1,"key":"SkillPotion"},{"floor":6,"key":"Regen Potion"},{"floor":13,"key":"Weak Potion"},{"floor":19,"key":"AttackPotion"},{"floor":24,"key":"GamblersBrew"},{"floor":29,"key":"Weak Potion"},{"floor":33,"key":"SpeedPotion"},{"floor":35,"key":"PowerPotion"},{"floor":39,"key":"Energy Potion"},{"floor":39,"key":"SkillPotion"},{"floor":41,"key":"SpeedPotion"},{"floor":46,"key":"Fire Potion"},{"floor":48,"key":"EntropicBrew"}],"is_trial":false,"path_per_floor":["M","?","M","?","M","E","R","$","T","R","E","?","E","$","R","B",null,"M","M","?","M","$","R","E","R","T","M","R","E","M","?","R","B",null,"M","?","$","M","?","R","E","R","T","E","M","E","$","M","R","B",null],"character_chosen":"DEFECT","items_purchased":["Self Repair","Rip and Tear","Anchor","Defragment","Chill","Glacier"],"campfire_rested":2,"item_purchase_floors":[8,8,14,22,22,47],"current_hp_per_floor":[66,66,65,65,65,40,40,40,40,40,16,41,40,40,40,17,61,51,49,49,50,50,50,27,49,49,51,51,51,43,43,65,63,72,72,72,72,66,66,75,67,75,75,75,66,73,73,75,75,75],"gold":60,"neow_bonus":"RANDOM_COMMON_RELIC","is_prod":false,"is_daily":false,"chose_seed":false,"campfire_upgraded":8,"win_rate":0,"timestamp":1552423847,"path_taken":["M","?","?","?","M","E","R","?","T","R","E","?","E","?","R","BOSS","M","M","?","?","$","R","E","R","T","M","R","E","M","?","R","BOSS","M","?","$","M","?","R","E","R","T","E","?","E","?","M","R","BOSS"],"build_version":"2019-01-23","purchased_purges":2,"victory":true,"max_hp_per_floor":[75,75,75,75,75,75,75,75,75,75,75,75,75,75,75,75,75,75,75,75,75,75,75,75,75,75,75,75,75,75,75,75,75,75,75,75,75,75,75,75,75,75,75,75,75,75,75,75,75,75],"card_choices":[{"not_picked":["Recycle","Beam Cell"],"picked":"Sweeping Beam","floor":1},{"not_picked":["Streamline","Tempest"],"picked":"Cold Snap","floor":3},{"not_picked":["Turbo","Static Discharge"],"picked":"Barrage","floor":5},{"not_picked":["Sweeping Beam","Defragment"],"picked":"Capacitor","floor":6},{"not_picked":["Multi-Cast","Chaos"],"picked":"Conserve Battery","floor":11},{"not_picked":["Reprogram","Barrage"],"picked":"Genetic Algorithm","floor":13},{"not_picked":["All For One","Multi-Cast"],"picked":"Machine Learning","floor":16},{"not_picked":["Barrage+1","Streamline"],"picked":"Cold Snap+1","floor":18},{"not_picked":["Undo+1","Gash"],"picked":"Loop","floor":19},{"not_picked":["Hologram","Stack"],"picked":"Steam+1","floor":21},{"not_picked":["Gash","Sweeping Beam"],"picked":"Storm","floor":24},{"not_picked":["Double Energy","Ball Lightning"],"picked":"Turbo+1","floor":27},{"not_picked":["Redo","Sunder"],"picked":"Coolheaded+1","floor":29},{"not_picked":["Conserve Battery","Streamline"],"picked":"Compile Driver+1","floor":30},{"not_picked":["Thunder Strike","Seek"],"picked":"Fission","floor":33},{"not_picked":["Rip and Tear","Go for the Eyes+1","Melter"],"picked":"SKIP","floor":35},{"not_picked":["Impatience","Swift Strike"],"picked":"Panacea","floor":36},{"not_picked":["Coolheaded","Turbo+1"],"picked":"Doom and Gloom+1","floor":38},{"not_picked":["Steam+1","Leap+1"],"picked":"Hologram+1","floor":41},{"not_picked":["Rebound+1","Doom and Gloom+1"],"picked":"Leap+1","floor":44},{"not_picked":["Hyperbeam","Ball Lightning"],"picked":"Loop+1","floor":45},{"not_picked":["FTL+1","Rebound"],"picked":"BootSequence","floor":46},{"not_picked":["Barrage","Sweeping Beam"],"picked":"Darkness","floor":48}],"player_experience":188186,"relics_obtained":[{"floor":6,"key":"Bag of Marbles"},{"floor":9,"key":"Mummified Hand"},{"floor":11,"key":"Symbiotic Virus"},{"floor":13,"key":"Sundial"},{"floor":24,"key":"Frozen Egg 2"},{"floor":26,"key":"Bronze Scales"},{"floor":29,"key":"Torii"},{"floor":41,"key":"Pen Nib"},{"floor":43,"key":"War Paint"},{"floor":44,"key":"Oddly Smooth Stone"},{"floor":46,"key":"Mercury Hourglass"}],"event_choices":[{"cards_removed":["Strike_B"],"damage_healed":0,"gold_gain":0,"player_choice":"Offered Basic","damage_taken":0,"max_hp_gain":0,"max_hp_loss":0,"event_name":"Bonfire Elementals","floor":2,"gold_loss":0},{"cards_removed":["Strike_B"],"damage_healed":0,"gold_gain":0,"player_choice":"Card Removal","damage_taken":0,"max_hp_gain":0,"max_hp_loss":0,"event_name":"The Cleric","floor":4,"gold_loss":50},{"damage_healed":25,"gold_gain":0,"player_choice":"Banana","damage_taken":0,"max_hp_gain":0,"max_hp_loss":0,"event_name":"Big Fish","floor":12,"gold_loss":0},{"damage_healed":0,"gold_gain":0,"cards_transformed":["Strike_B"],"player_choice":"Transformed","damage_taken":0,"max_hp_gain":0,"max_hp_loss":0,"event_name":"Transmorgrifier","floor":20,"gold_loss":0,"cards_obtained":["Rainbow"]},{"cards_removed":["Strike_B"],"damage_healed":0,"gold_gain":0,"player_choice":"Gave Gold","damage_taken":0,"max_hp_gain":0,"max_hp_loss":0,"event_name":"Beggar","floor":31,"gold_loss":75},{"damage_healed":0,"gold_gain":0,"player_choice":"Memory 1","damage_taken":0,"max_hp_gain":0,"max_hp_loss":0,"event_name":"SensoryStone","floor":36,"gold_loss":0},{"damage_healed":0,"gold_gain":0,"player_choice":"Got Potions","damage_taken":0,"max_hp_gain":0,"max_hp_loss":0,"event_name":"Lab","floor":39,"gold_loss":0}],"is_beta":false,"boss_relics":[{"not_picked":["Ectoplasm","Runic Dome"],"picked":"Runic Pyramid"},{"not_picked":["FrozenCore","Astrolabe"],"picked":"Eternal Feather"}],"items_purged_floors":[37,47],"is_endless":false,"potions_floor_spawned":[1,6,13,19,24,29,33,35,41,46,48],"ascension_level":10}