{"gold_per_floor":[114,114,134,134,134,159,159,177,177,177,211,222,237,249,249,354,354,340,350,350,82,101,101,135,146,198,198],"floor_reached":27,"playtime":1628,"items_purged":["Strike_G"],"score":245,"play_id":"a2d82a97-ea28-4f61-b6df-787b07ec19e2","local_time":"20190520023319","is_ascension_mode":false,"campfire_choices":[{"floor":7,"key":"REST"},{"floor":10,"key":"REST"},{"floor":15,"key":"REST"},{"floor":23,"key":"REST"}],"neow_cost":"NONE","seed_source_timestamp":265823965429836,"circlet_count":0,"master_deck":["Defend_G","Defend_G","Defend_G","Defend_G","Defend_G","Strike_G","Strike_G","Strike_G","Survivor","Neutralize","Sucker Punch","Flechettes+1","Dagger Spray","Unload","Noxious Fumes","Predator","Escape Plan","Acrobatics","After Image","Footwork","RitualDagger","Escape Plan","Footwork","Masterful Stab+1"],"relics":["Ring of the Serpent","FossilizedHelix","Turnip","Centennial Puzzle","PreservedInsect","Bottled Lightning","Blood Vial"],"potions_floor_usage":[],"damage_taken":[{"damage":0,"enemies":"Cultist","floor":1,"turns":4},{"damage":0,"enemies":"Small Slimes","floor":3,"turns":4},{"damage":50,"enemies":"3 Sentries","floor":6,"turns":12},{"damage":0,"enemies":"2 Louse","floor":8,"turns":2},{"damage":21,"enemies":"Gremlin Nob","floor":11,"turns":5},{"damage":0,"enemies":"2 Fungi Beasts","floor":12,"turns":2},{"damage":5,"enemies":"Blue Slaver","floor":13,"turns":4},{"damage":0,"enemies":"Gremlin Gang","floor":14,"turns":3},{"damage":34,"enemies":"Hexaghost","floor":16,"turns":10},{"damage":17,"enemies":"2 Thieves","floor":18,"turns":4},{"damage":11,"enemies":"3 Byrds","floor":19,"turns":5},{"damage":4,"enemies":"Snecko","floor":22,"turns":6},{"damage":26,"enemies":"Book of Stabbing","floor":24,"turns":7},{"damage":0,"enemies":"Centurion and Healer","floor":25,"turns":8},{"damage":47,"enemies":"Slavers","floor":27,"turns":5}],"seed_played":"2624016811461386022","potions_obtained":[{"floor":1,"key":"SneckoOil"},{"floor":3,"key":"SteroidPotion"},{"floor":13,"key":"Explosive Potion"}],"is_trial":false,"path_per_floor":["M","$","M","?","?","E","R","M","T","R","E","M","M","M","R","B",null,"M","M","?","$","M","R","E","M","T","E"],"character_chosen":"THE_SILENT","items_purchased":["PreservedInsect","Escape Plan"],"campfire_rested":4,"item_purchase_floors":[21,21],"current_hp_per_floor":[77,77,77,77,70,20,43,43,43,66,45,45,40,40,63,29,77,60,49,43,43,39,62,36,36,36,0],"gold":198,"neow_bonus":"TEN_PERCENT_HP_BONUS","is_prod":false,"is_daily":false,"chose_seed":false,"campfire_upgraded":0,"win_rate":0,"timestamp":1558344799,"path_taken":["M","$","M","?","?","E","R","M","T","R","E","M","M","M","R","BOSS","M","M","?","$","M","R","E","M","T","E"],"build_version":"2019-01-23","purchased_purges":1,"victory":false,"max_hp_per_floor":[77,77,77,77,77,77,77,77,77,77,77,77,77,77,77,77,77,77,77,77,77,77,77,77,77,77,77],"card_choices":[{"not_picked":["Bane","Underhanded Strike"],"picked":"Sucker Punch","floor":1},{"not_picked":["Choke","Dagger Throw"],"picked":"Flechettes","floor":3},{"not_picked":["Deadly Poison","Dagger Throw"],"picked":"Dagger Spray","floor":6},{"not_picked":["Blur","Expertise"],"picked":"Unload","floor":8},{"not_picked":["Poisoned Stab","All Out Attack"],"picked":"Noxious Fumes","floor":11},{"not_picked":["Poisoned Stab","Reflex"],"picked":"Predator","floor":12},{"not_picked":["Expertise","Slice"],"picked":"Escape Plan","floor":13},{"not_picked":["Dagger Throw","Dodge and Roll"],"picked":"Acrobatics","floor":14},{"not_picked":["Grand Finale","Glass Knife"],"picked":"After Image","floor":16},{"not_picked":["Poisoned Stab+1","Cloak And Dagger","Acrobatics"],"picked":"SKIP","floor":18},{"not_picked":["Underhanded Strike","Bouncing Flask+1"],"picked":"Footwork","floor":19},{"not_picked":["Sucker Punch+1","Flechettes","Dodge and Roll"],"picked":"SKIP","floor":22},{"not_picked":["Poisoned Stab+1","Expertise"],"picked":"Footwork","floor":24},{"not_picked":["Slice","Well Laid Plans"],"picked":"Masterful Stab+1","floor":25}],"player_experience":208597,"relics_obtained":[{"floor":6,"key":"FossilizedHelix"},{"floor":9,"key":"Turnip"},{"floor":11,"key":"Centennial Puzzle"},{"floor":24,"key":"Bottled Lightning"},{"floor":26,"key":"Blood Vial"}],"event_choices":[{"damage_healed":0,"gold_gain":0,"player_choice":"Grow","damage_taken":0,"max_hp_gain":0,"max_hp_loss":0,"event_name":"Living Wall","floor":4,"gold_loss":0,"cards_upgraded":["Flechettes"]},{"cards_removed":["Strike_G"],"damage_healed":0,"gold_gain":0,"player_choice":"Card Removal","damage_taken":7,"max_hp_gain":0,"max_hp_loss":0,"event_name":"Golden Wing","floor":5,"gold_loss":0},{"damage_healed":0,"gold_gain":0,"player_choice":"Joined the Cult","damage_taken":6,"max_hp_gain":0,"max_hp_loss":0,"event_name":"Nest","floor":20,"gold_loss":0,"cards_obtained":["RitualDagger"]}],"is_beta":false,"boss_relics":[{"not_picked":["Snecko Eye","Runic Dome"],"picked":"Ring of the Serpent"}],"items_purged_floors":[21],"is_endless":false,"potions_floor_spawned":[1,3,13,16,19,22,24,25],"killed_by":"Slavers","ascension_level":0}