{"gold_per_floor":[116,133,147,158,172,202,202,236,261,261,271,287,304,378,378,378],"floor_reached":16,"playtime":436,"items_purged":[],"score":180,"play_id":"cd49e3e9-e40d-41c3-8fb8-8c1fe2ee7a35","local_time":"20190318190002","is_ascension_mode":true,"campfire_choices":[{"floor":7,"key":"REST"},{"data":"Creative AI","floor":10,"key":"SMITH"},{"floor":15,"key":"REST"}],"neow_cost":"NONE","seed_source_timestamp":153823068266569,"circlet_count":0,"master_deck":["AscendersBane","Strike_B","Strike_B","Strike_B","Strike_B","Defend_B","Defend_B","Defend_B","Defend_B","Zap","Dualcast","Doom and Gloom","Ball Lightning","Coolheaded","Creative AI+1","Blizzard","Compile Driver","Seek","Capacitor","BootSequence","Defragment"],"relics":["Cracked Core","NeowsBlessing","Omamori","Lantern","Blood Vial"],"potions_floor_usage":[6,8],"damage_taken":[{"damage":0,"enemies":"Jaw Worm","floor":1,"turns":1},{"damage":0,"enemies":"2 Louse","floor":2,"turns":1},{"damage":0,"enemies":"Cultist","floor":3,"turns":1},{"damage":9,"enemies":"2 Fungi Beasts","floor":4,"turns":3},{"damage":14,"enemies":"Red Slaver","floor":5,"turns":3},{"damage":13,"enemies":"Gremlin Nob","floor":6,"turns":3},{"damage":19,"enemies":"Lagavulin","floor":8,"turns":6},{"damage":12,"enemies":"Blue Slaver","floor":11,"turns":3},{"damage":0,"enemies":"2 Fungi Beasts","floor":12,"turns":4},{"damage":12,"enemies":"Lots of Slimes","floor":13,"turns":3},{"damage":43,"enemies":"Hexaghost","floor":16,"turns":9}],"seed_played":"2218400349262493282","potions_obtained":[{"floor":3,"key":"Poison Potion"},{"floor":4,"key":"SkillPotion"},{"floor":8,"key":"Ancient Potion"}],"is_trial":false,"path_per_floor":["M","M","M","M","M","E","R","E","T","R","M","M","M","?","R","B"],"character_chosen":"DEFECT","items_purchased":[],"campfire_rested":2,"item_purchase_floors":[],"current_hp_per_floor":[68,68,68,59,45,32,54,35,35,35,25,27,17,17,39,0],"gold":378,"neow_bonus":"THREE_ENEMY_KILL","is_prod":false,"is_daily":false,"chose_seed":false,"campfire_upgraded":1,"win_rate":0,"timestamp":1552953602,"path_taken":["M","M","M","M","M","E","R","E","T","R","M","M","M","?","R","BOSS"],"build_version":"2019-01-23","purchased_purges":0,"victory":false,"max_hp_per_floor":[75,75,75,75,75,75,75,75,75,75,75,75,75,75,75,75],"card_choices":[{"not_picked":["Hologram","Go for the Eyes"],"picked":"Doom and Gloom","floor":1},{"not_picked":["Beam Cell","Reinforced Body"],"picked":"Ball Lightning","floor":2},{"not_picked":["Genetic Algorithm","Sweeping Beam"],"picked":"Coolheaded","floor":3},{"not_picked":["Rebound","Turbo"],"picked":"Creative AI","floor":4},{"not_picked":["Stack","Ball Lightning"],"picked":"Blizzard","floor":5},{"not_picked":["Barrage","Steam"],"picked":"Compile Driver","floor":6},{"not_picked":["Tempest","Go for the Eyes"],"picked":"Seek","floor":8},{"not_picked":["Ball Lightning","Lockon"],"picked":"Capacitor","floor":11},{"not_picked":["Steam","Redo"],"picked":"BootSequence","floor":12},{"not_picked":["Stack","Force Field"],"picked":"Defragment","floor":13}],"player_experience":220399,"relics_obtained":[{"floor":6,"key":"Omamori"},{"floor":8,"key":"Lantern"},{"floor":9,"key":"Blood Vial"}],"event_choices":[{"damage_healed":0,"gold_gain":74,"player_choice":"Gained Gold","damage_taken":0,"max_hp_gain":0,"max_hp_loss":0,"event_name":"Golden Wing","floor":14,"gold_loss":0}],"is_beta":false,"boss_relics":[],"items_purged_floors":[],"is_endless":false,"potions_floor_spawned":[3,4,5,8],"killed_by":"Hexaghost","ascension_level":11}