{"gold_per_floor":[365,385,88,105,105,134,134,152,204,239,239,254,219,219,219,316,316,327,327,80,94,108,108,138,138,192,192,192,212,212,230,230,329,329,348,402,402,20,44,44,73,87,87,105,105,118,118,132,132,132,132,132,59,94,94],"floor_reached":55,"playtime":3361,"items_purged":["Decay","Strike_B"],"score":925,"play_id":"f85cfee3-984b-466a-8338-4cbb86050013","local_time":"20190517154612","is_ascension_mode":false,"campfire_choices":[{"data":"Reboot","floor":7,"key":"SMITH"},{"floor":15,"key":"REST"},{"floor":23,"key":"REST"},{"floor":25,"key":"REST"},{"floor":28,"key":"REST"},{"floor":32,"key":"REST"},{"floor":40,"key":"RECALL"},{"floor":45,"key":"REST"},{"floor":47,"key":"REST"},{"floor":49,"key":"REST"},{"floor":52,"key":"REST"}],"neow_cost":"CURSE","seed_source_timestamp":156226782428466,"circlet_count":0,"master_deck":["Strike_B","Strike_B","Defend_B","Defend_B","Defend_B","Defend_B","Zap","Dualcast","Ball Lightning","Gash","FTL","Reboot+1","Cold Snap","Gash","Gash","Gash","Buffer","Coolheaded","Ghostly","Ghostly","Ghostly","Ghostly","Ghostly","Hologram+1","Coolheaded","Gash","Gash+1","Blizzard","Hologram","Coolheaded","All For One+1","Coolheaded+1","Stack+1","Glacier","Scrape","Streamline+1","Capacitor"],"relics":["FrozenCore","Omamori","Bottled Flame","Oddly Smooth Stone","Dream Catcher","Anchor","Fusion Hammer","Vajra","Bag of Marbles","Ginger","Thread and Needle","Incense Burner","Bronze Scales","Whetstone","Centennial Puzzle","Blood Vial"],"potions_floor_usage":[6,10,48,50,50],"damage_taken":[{"damage":7,"enemies":"2 Louse","floor":1,"turns":3},{"damage":4,"enemies":"Small Slimes","floor":2,"turns":3},{"damage":1,"enemies":"Jaw Worm","floor":4,"turns":2},{"damage":19,"enemies":"3 Sentries","floor":6,"turns":8},{"damage":9,"enemies":"Exordium Wildlife","floor":8,"turns":3},{"damage":8,"enemies":"Gremlin Nob","floor":10,"turns":3},{"damage":0,"enemies":"Exordium Thugs","floor":12,"turns":3},{"damage":33,"enemies":"Hexaghost","floor":16,"turns":7},{"damage":0,"enemies":"Spheric Guardian","floor":18,"turns":3},{"damage":0,"enemies":"Shell Parasite","floor":21,"turns":4},{"damage":0,"enemies":"Centurion and Healer","floor":22,"turns":6},{"damage":0,"enemies":"Book of Stabbing","floor":24,"turns":5},{"damage":3,"enemies":"Snake Plant","floor":29,"turns":4},{"damage":6,"enemies":"Shelled Parasite and Fungi","floor":31,"turns":3},{"damage":0,"enemies":"Champ","floor":33,"turns":9},{"damage":0,"enemies":"3 Darklings","floor":35,"turns":4},{"damage":0,"enemies":"2 Orb Walkers","floor":36,"turns":5},{"damage":0,"enemies":"Reptomancer","floor":41,"turns":5},{"damage":0,"enemies":"3 Shapes","floor":42,"turns":5},{"damage":0,"enemies":"Sphere and 2 Shapes","floor":44,"turns":4},{"damage":0,"enemies":"Transient","floor":46,"turns":5},{"damage":0,"enemies":"Jaw Worm Horde","floor":48,"turns":3},{"damage":15,"enemies":"Awakened One","floor":50,"turns":14},{"damage":0,"enemies":"Shield and Spear","floor":54,"turns":9},{"damage":69,"enemies":"The Heart","floor":55,"turns":8}],"seed_played":"6412946580716597529","potions_obtained":[{"floor":2,"key":"EssenceOfSteel"},{"floor":6,"key":"SpeedPotion"},{"floor":8,"key":"Explosive Potion"},{"floor":12,"key":"SkillPotion"},{"floor":16,"key":"Poison Potion"},{"floor":24,"key":"Regen Potion"},{"floor":41,"key":"Dexterity Potion"},{"floor":46,"key":"LiquidBronze"},{"floor":48,"key":"LiquidBronze"},{"floor":54,"key":"SpeedPotion"}],"is_trial":false,"path_per_floor":["M","M","$","M","?","E","R","M","T","E","?","M","?","?","R","B",null,"M","?","$","M","M","R","E","R","T","?","R","M","?","M","R","B",null,"M","?","T","$","T","R","E","M","T","M","R","M","R","M","R","B",null,"R","$","E","B"],"character_chosen":"DEFECT","items_purchased":["Omamori","FTL","Vajra","Incense Burner","Glacier","FocusPotion"],"campfire_rested":9,"item_purchase_floors":[3,3,20,38,38,53],"current_hp_per_floor":[68,64,64,63,56,37,37,28,28,20,20,20,38,38,60,27,75,75,37,37,37,37,37,37,37,37,37,37,34,34,28,37,37,37,37,37,37,37,37,37,37,37,37,37,37,37,37,37,37,22,37,37,37,37,0],"gold":94,"neow_bonus":"TWO_FIFTY_GOLD","is_prod":false,"is_daily":false,"chose_seed":false,"campfire_upgraded":1,"win_rate":0,"timestamp":1558133172,"path_taken":["M","M","$","M","?","E","R","M","T","E","?","M","?","?","R","BOSS","M","?","$","M","M","R","E","R","T","?","R","M","?","M","R","BOSS","M","?","?","$","?","R","E","M","T","M","R","?","R","M","R","BOSS","R","$","E","BOSS"],"build_version":"2019-01-23","purchased_purges":2,"victory":false,"max_hp_per_floor":[75,75,75,75,75,75,75,75,75,75,75,75,75,75,75,75,75,75,37,37,37,37,37,37,37,37,37,37,37,37,37,37,37,37,37,37,37,37,37,37,37,37,37,37,37,37,37,37,37,37,37,37,37,37,37],"card_choices":[{"not_picked":["Recycle","Stack"],"picked":"Ball Lightning","floor":1},{"not_picked":["Chaos","Ball Lightning"],"picked":"Gash","floor":2},{"not_picked":["Barrage","Auto Shields","Beam Cell"],"picked":"SKIP","floor":4},{"not_picked":["Turbo","Conserve Battery"],"picked":"Reboot","floor":6},{"not_picked":["Chill","Conserve Battery"],"picked":"Cold Snap","floor":8},{"not_picked":["Aggregate","Glacier"],"picked":"Gash","floor":10},{"not_picked":["Hologram","Beam Cell"],"picked":"Gash","floor":12},{"not_picked":["Genetic Algorithm","Sweeping Beam"],"picked":"Gash","floor":15},{"not_picked":["Meteor Strike","Core Surge"],"picked":"Buffer","floor":16},{"not_picked":["Ball Lightning+1","Rip and Tear"],"picked":"Coolheaded","floor":18},{"not_picked":["Loop","Doom and Gloom+1"],"picked":"Hologram+1","floor":21},{"not_picked":["FTL","Barrage+1"],"picked":"Coolheaded","floor":22},{"not_picked":["Cold Snap","Loop"],"picked":"Gash","floor":24},{"not_picked":["Chaos+1","Rip and Tear+1"],"picked":"Gash","floor":25},{"not_picked":["Fusion","Rip and Tear+1"],"picked":"Hologram","floor":29},{"not_picked":["Streamline","Ball Lightning","Consume"],"picked":"SKIP","floor":31},{"not_picked":["FTL","Darkness"],"picked":"Coolheaded","floor":32},{"not_picked":["Buffer","Hyperbeam"],"picked":"All For One","floor":33},{"not_picked":["Recycle","Beam Cell+1"],"picked":"Coolheaded+1","floor":35},{"not_picked":["Rebound+1","Darkness+1"],"picked":"Stack+1","floor":36},{"not_picked":["Aggregate","Fusion+1","Steam+1"],"picked":"SKIP","floor":41},{"not_picked":["Consume","Redo+1","Fusion+1"],"picked":"SKIP","floor":42},{"not_picked":["Cold Snap+1","Conserve Battery+1","Lockon+1"],"picked":"SKIP","floor":44},{"not_picked":["Heatsinks+1","Undo","Redo+1"],"picked":"SKIP","floor":46},{"not_picked":["Coolheaded+1","Steam+1"],"picked":"Scrape","floor":48},{"not_picked":["Capacitor+1","Static Discharge+1"],"picked":"Streamline+1","floor":49},{"not_picked":["Chill+1","Compile Driver+1"],"picked":"Capacitor","floor":52},{"not_picked":["Fusion+1","Ball Lightning+1","Static Discharge"],"picked":"SKIP","floor":54}],"player_experience":119860,"relics_obtained":[{"floor":6,"key":"Bottled Flame"},{"floor":9,"key":"Oddly Smooth Stone"},{"floor":10,"key":"Dream Catcher"},{"floor":24,"key":"Bag of Marbles"},{"floor":36,"key":"Ginger"},{"floor":37,"key":"Thread and Needle"},{"floor":39,"key":"Bronze Scales"},{"floor":41,"key":"Whetstone"},{"floor":43,"key":"Centennial Puzzle"},{"floor":54,"key":"Blood Vial"}],"event_choices":[{"cards_removed":["Strike_B"],"damage_healed":0,"gold_gain":0,"player_choice":"Card Removal","damage_taken":7,"max_hp_gain":0,"max_hp_loss":0,"event_name":"Golden Wing","floor":5,"gold_loss":0},{"damage_healed":0,"gold_gain":0,"player_choice":"Ignored","damage_taken":0,"max_hp_gain":0,"max_hp_loss":0,"event_name":"Shining Light","floor":11,"gold_loss":0},{"damage_healed":18,"gold_gain":0,"player_choice":"Healed","damage_taken":0,"max_hp_gain":0,"max_hp_loss":0,"event_name":"The Cleric","floor":13,"gold_loss":35},{"damage_healed":0,"gold_gain":0,"player_choice":"Box","damage_taken":0,"relics_obtained":["Anchor"],"max_hp_gain":0,"max_hp_loss":0,"event_name":"Big Fish","floor":14,"gold_loss":0,"cards_obtained":["Regret"]},{"damage_healed":0,"gold_gain":0,"player_choice":"Became a Ghost","damage_taken":0,"max_hp_gain":0,"max_hp_loss":38,"event_name":"Ghosts","floor":19,"gold_loss":0,"cards_obtained":["Ghostly","Ghostly","Ghostly","Ghostly","Ghostly"]},{"damage_healed":0,"gold_gain":0,"player_choice":"Read","damage_taken":0,"max_hp_gain":0,"max_hp_loss":0,"event_name":"The Library","floor":27,"gold_loss":0,"cards_obtained":["Blizzard"]},{"damage_healed":0,"gold_gain":0,"player_choice":"Ignored","damage_taken":0,"max_hp_gain":0,"max_hp_loss":0,"event_name":"Vampires","floor":30,"gold_loss":0},{"damage_healed":0,"gold_gain":0,"player_choice":"Fight","damage_taken":0,"max_hp_gain":0,"max_hp_loss":0,"event_name":"Mysterious Sphere","floor":36,"gold_loss":0}],"is_beta":false,"boss_relics":[{"not_picked":["Astrolabe","Runic Dome"],"picked":"Fusion Hammer"},{"not_picked":["Calling Bell","Runic Pyramid"],"picked":"FrozenCore"}],"items_purged_floors":[3,20],"is_endless":false,"potions_floor_spawned":[2,6,8,12,16,24,29,33,41,44,46,48,54],"killed_by":"The Heart","ascension_level":0}