{"gold_per_floor":[110,121,131,21,40,40,74,74,74,54,71,97,114,132,132,235,235,250,250,263,100,100,129,129,160,187,187,207,233,243,275,275,275],"floor_reached":33,"playtime":2285,"items_purged":["Strike_R"],"score":359,"play_id":"ba90cfba-0145-4c9c-9ea5-f5bf94b2ab15","local_time":"20190520210446","is_ascension_mode":true,"campfire_choices":[{"data":"Bash","floor":6,"key":"SMITH"},{"data":"Disarm","floor":15,"key":"SMITH"},{"floor":24,"key":"REST"},{"data":"Panacea","floor":27,"key":"SMITH"},{"data":"Flex","floor":32,"key":"SMITH"}],"neow_cost":"NONE","seed_source_timestamp":79356830562632,"circlet_count":0,"master_deck":["Strike_R","Strike_R","Strike_R","Strike_R","Defend_R","Defend_R","Defend_R","Defend_R","Bash+1","Perfected Strike","Headbutt","Cleave","Thunderclap","Flame Barrier","Cleave","Disarm+1","Pommel Strike","Shockwave","Whirlwind","Impervious","Shrug It Off+1","Panacea+1","Rampage","Writhe","Clothesline+1","Flex+1","Bloodletting","Battle Trance+1"],"relics":["Burning Blood","Centennial Puzzle","Sundial","Calipers","Eternal Feather","Regal Pillow","Bronze Scales","Frozen Egg 2","Red Skull","Red Mask","Oddly Smooth Stone"],"potions_floor_usage":[12,16,23,25,29,31,33],"damage_taken":[{"damage":7,"enemies":"Small Slimes","floor":1,"turns":4},{"damage":3,"enemies":"Jaw Worm","floor":2,"turns":4},{"damage":0,"enemies":"Cultist","floor":3,"turns":2},{"damage":0,"enemies":"3 Louse","floor":5,"turns":2},{"damage":23,"enemies":"3 Sentries","floor":7,"turns":8},{"damage":7,"enemies":"Blue Slaver","floor":11,"turns":4},{"damage":0,"enemies":"Gremlin Nob","floor":12,"turns":2},{"damage":6,"enemies":"Red Slaver","floor":13,"turns":3},{"damage":10,"enemies":"Looter","floor":14,"turns":3},{"damage":41,"enemies":"The Guardian","floor":16,"turns":15},{"damage":6,"enemies":"Chosen","floor":18,"turns":6},{"damage":21,"enemies":"Shell Parasite","floor":20,"turns":10},{"damage":50,"enemies":"Book of Stabbing","floor":23,"turns":6},{"damage":52,"enemies":"Slavers","floor":25,"turns":5},{"damage":16,"enemies":"Snake Plant","floor":28,"turns":4},{"damage":10,"enemies":"Masked Bandits","floor":29,"turns":3},{"damage":9,"enemies":"Snecko","floor":30,"turns":5},{"damage":1,"enemies":"Gremlin Leader","floor":31,"turns":6},{"damage":63,"enemies":"Automaton","floor":33,"turns":8}],"seed_played":"-3322629718987410676","potions_obtained":[{"floor":1,"key":"Block Potion"},{"floor":5,"key":"Swift Potion"},{"floor":10,"key":"AttackPotion"},{"floor":14,"key":"EssenceOfSteel"},{"floor":16,"key":"SteroidPotion"},{"floor":23,"key":"SkillPotion"},{"floor":25,"key":"Dexterity Potion"},{"floor":29,"key":"Explosive Potion"}],"is_trial":false,"path_per_floor":["M","M","M","$","M","R","E","?","T","?","M","E","M","M","R","B",null,"M","?","M","$","?","E","R","E","T","R","M","?","M","E","R","B"],"character_chosen":"IRONCLAD","items_purchased":["Flame Barrier","Panacea","Rampage"],"campfire_rested":1,"item_purchase_floors":[4,21,21],"current_hp_per_floor":[79,80,80,80,80,80,63,68,68,68,67,73,73,69,69,34,85,85,85,70,70,70,26,81,35,35,50,40,36,33,38,53,0],"gold":275,"neow_bonus":"THREE_CARDS","is_prod":false,"is_daily":false,"chose_seed":false,"campfire_upgraded":4,"win_rate":0,"timestamp":1558407886,"path_taken":["M","M","M","$","M","R","E","?","T","?","M","E","M","?","R","BOSS","M","?","M","$","?","E","R","E","T","R","M","?","?","E","R","BOSS"],"build_version":"2019-01-23","purchased_purges":1,"victory":false,"max_hp_per_floor":[80,80,80,80,80,80,80,85,85,85,85,85,85,85,85,85,85,85,85,85,85,85,85,85,85,85,85,85,85,85,85,85,85],"card_choices":[{"not_picked":["Pommel Strike","Warcry"],"picked":"Perfected Strike","floor":0},{"not_picked":["Burning Pact","Body Slam"],"picked":"Headbutt","floor":1},{"not_picked":["Warcry","Corruption"],"picked":"Cleave","floor":2},{"not_picked":["Iron Wave","Carnage"],"picked":"Thunderclap","floor":3},{"not_picked":["Flex","Feel No Pain"],"picked":"Cleave","floor":5},{"not_picked":["Clash","Headbutt","Juggernaut"],"picked":"SKIP","floor":7},{"not_picked":["Blood for Blood","True Grit"],"picked":"Disarm","floor":11},{"not_picked":["True Grit","Iron Wave"],"picked":"Pommel Strike","floor":12},{"not_picked":["Carnage","Feel No Pain"],"picked":"Shockwave","floor":13},{"not_picked":["Dropkick","Metallicize"],"picked":"Whirlwind","floor":14},{"not_picked":["Berserk","Barricade"],"picked":"Impervious","floor":16},{"not_picked":["Dropkick","Intimidate+1"],"picked":"Shrug It Off+1","floor":18},{"not_picked":["Disarm","Clash","Shockwave"],"picked":"SKIP","floor":20},{"not_picked":["Sword Boomerang","Sentinel+1"],"picked":"Clothesline+1","floor":23},{"not_picked":["Burning Pact+1","Uppercut"],"picked":"Flex","floor":25},{"not_picked":["Body Slam","Uppercut"],"picked":"Bloodletting","floor":28},{"not_picked":["Barricade+1","Wild Strike","Havoc"],"picked":"SKIP","floor":30},{"not_picked":["Disarm","Rupture+1"],"picked":"Battle Trance+1","floor":31}],"player_experience":275360,"relics_obtained":[{"floor":7,"key":"Centennial Puzzle"},{"floor":9,"key":"Sundial"},{"floor":12,"key":"Calipers"},{"floor":23,"key":"Bronze Scales"},{"floor":25,"key":"Frozen Egg 2"},{"floor":26,"key":"Red Skull"},{"floor":29,"key":"Red Mask"},{"floor":31,"key":"Oddly Smooth Stone"}],"event_choices":[{"damage_healed":0,"gold_gain":0,"player_choice":"Donut","damage_taken":0,"max_hp_gain":5,"max_hp_loss":0,"event_name":"Big Fish","floor":8,"gold_loss":0},{"damage_healed":0,"gold_gain":0,"player_choice":"Bought 1 Potion","damage_taken":0,"max_hp_gain":0,"max_hp_loss":0,"event_name":"The Woman in Blue","floor":10,"gold_loss":0},{"damage_healed":0,"gold_gain":0,"player_choice":"Ignored","damage_taken":0,"max_hp_gain":0,"max_hp_loss":0,"event_name":"Ghosts","floor":19,"gold_loss":0},{"damage_healed":0,"gold_gain":0,"player_choice":"Opened","damage_taken":0,"relics_obtained":["Regal Pillow"],"max_hp_gain":0,"max_hp_loss":0,"event_name":"The Mausoleum","floor":22,"gold_loss":0,"cards_obtained":["Writhe"]},{"damage_healed":0,"gold_gain":0,"player_choice":"Fought Bandits","damage_taken":0,"max_hp_gain":0,"max_hp_loss":0,"event_name":"Masked Bandits","floor":29,"gold_loss":0}],"is_beta":false,"boss_relics":[{"not_picked":["Runic Pyramid","Orrery"],"picked":"Eternal Feather"}],"items_purged_floors":[4],"is_endless":false,"potions_floor_spawned":[1,5,14,16,23,25,29],"killed_by":"Automaton","ascension_level":1}