{"gold_per_floor":[115,190,190,140,140,183,183,203,229,52,91,110,110,141,153,293,305,341,353,365,410,422,434,473,169,192,219,219,219,238,198,198,300,300,315,101,101,27,47,47,82,82,82,82,94,111,211,223,223,223],"floor_reached":50,"playtime":1947,"items_purged":["Strike_G"],"score":706,"play_id":"b44062a3-7644-4016-8090-3e9c85d71f90","local_time":"20190321044642","is_ascension_mode":true,"campfire_choices":[{"data":"Catalyst","floor":7,"key":"SMITH"},{"data":"Quick Slash","floor":13,"key":"SMITH"},{"floor":15,"key":"REST"},{"data":"Envenom","floor":23,"key":"SMITH"},{"floor":28,"key":"REST"},{"data":"Malaise","floor":32,"key":"SMITH"},{"floor":40,"key":"REST"},{"data":"A Thousand Cuts","floor":42,"key":"SMITH"},{"data":"Noxious Fumes","floor":49,"key":"SMITH"}],"neow_cost":"NONE","seed_source_timestamp":360320901517793,"circlet_count":0,"master_deck":["Defend_G","Defend_G+1","Defend_G","Defend_G","Defend_G","Strike_G","Strike_G","Strike_G","Survivor","Neutralize","Quick Slash+1","Catalyst+1","Backflip","PiercingWail","Caltrops","Dagger Spray","Leg Sweep","Deadly Poison","Malaise+1","Envenom+1","Flying Knee+1","Dodge and Roll+1","Backflip+1","Footwork","Acrobatics","Endless Agony","Infinite Blades","A Thousand Cuts+1","Sucker Punch+1","Noxious Fumes+1","Footwork","Blur+1","Backstab+1","Wraith Form v2+1","Dark Shackles","Calculated Gamble","Noxious Fumes+1","Catalyst+1"],"relics":["Ring of the Snake","NeowsBlessing","Bloody Idol","Dream Catcher","Potion Belt","Juzu Bracelet","Centennial Puzzle","MawBank","Philosopher\u0027s Stone","MutagenicStrength","Red Mask","PreservedInsect","Regal Pillow","Boot","Strawberry","Eternal Feather","Bag of Preparation","Frozen Egg 2","Girya"],"potions_floor_usage":[14,14,21,24,48,50,50,50,50],"damage_taken":[{"damage":0,"enemies":"Jaw Worm","floor":1,"turns":1},{"damage":0,"enemies":"Lagavulin","floor":6,"turns":1},{"damage":0,"enemies":"Small Slimes","floor":8,"turns":1},{"damage":24,"enemies":"3 Sentries","floor":11,"turns":13},{"damage":4,"enemies":"2 Louse","floor":12,"turns":2},{"damage":18,"enemies":"Lagavulin","floor":14,"turns":6},{"damage":17,"enemies":"The Guardian","floor":16,"turns":14},{"damage":19,"enemies":"3 Byrds","floor":18,"turns":6},{"damage":19,"enemies":"Masked Bandits","floor":21,"turns":5},{"damage":18,"enemies":"Book of Stabbing","floor":24,"turns":7},{"damage":19,"enemies":"Slavers","floor":27,"turns":5},{"damage":6,"enemies":"Spheric Guardian","floor":30,"turns":7},{"damage":29,"enemies":"Automaton","floor":33,"turns":11},{"damage":10,"enemies":"Orb Walker","floor":35,"turns":5},{"damage":33,"enemies":"3 Darklings","floor":39,"turns":12},{"damage":31,"enemies":"Reptomancer","floor":41,"turns":7},{"damage":2,"enemies":"Sphere and 2 Shapes","floor":45,"turns":7},{"damage":1,"enemies":"Maw","floor":46,"turns":8},{"damage":2,"enemies":"Writhing Mass","floor":48,"turns":6},{"damage":77,"enemies":"Awakened One","floor":50,"turns":6}],"seed_played":"-2373121591120564943","potions_obtained":[{"floor":6,"key":"Dexterity Potion"},{"floor":8,"key":"Fire Potion"},{"floor":11,"key":"Fire Potion"},{"floor":21,"key":"SkillPotion"},{"floor":30,"key":"Ancient Potion"},{"floor":41,"key":"Strength Potion"},{"floor":45,"key":"Fire Potion"},{"floor":46,"key":"EssenceOfSteel"},{"floor":48,"key":"Energy Potion"}],"is_trial":false,"path_per_floor":["M","?","?","?","T","E","R","M","T","$","E","M","R","E","R","B",null,"M","?","?","?","?","R","E","$","T","E","R","?","M","?","R","B",null,"M","$","?","$","M","R","E","R","T","?","M","M","?","M","R","B"],"character_chosen":"THE_SILENT","items_purchased":["Backflip","PiercingWail","Caltrops","Footwork","Acrobatics","Regal Pillow","Noxious Fumes","Bag of Preparation","Footwork"],"campfire_rested":3,"item_purchase_floors":[10,10,10,25,25,25,36,36,38],"current_hp_per_floor":[70,59,59,59,59,59,59,59,59,59,35,31,31,13,32,15,53,34,34,34,25,30,35,27,32,37,30,66,66,65,65,65,41,64,59,59,59,59,31,68,42,60,60,60,63,67,68,68,68,0],"gold":223,"neow_bonus":"THREE_ENEMY_KILL","is_prod":false,"is_daily":false,"chose_seed":false,"campfire_upgraded":6,"win_rate":0,"timestamp":1553161602,"path_taken":["M","?","?","?","?","E","R","M","T","$","E","M","R","E","R","BOSS","M","?","?","?","?","R","E","$","T","E","R","?","M","?","R","BOSS","M","$","?","$","M","R","E","R","T","?","M","M","?","M","R","BOSS"],"build_version":"2019-01-23","purchased_purges":1,"victory":false,"max_hp_per_floor":[70,70,65,65,65,65,65,65,65,65,65,65,65,65,65,65,65,65,65,65,65,65,65,65,65,65,72,72,72,72,72,72,72,72,72,72,68,68,68,68,68,68,68,68,68,68,68,68,68,68],"card_choices":[{"not_picked":["Outmaneuver","Underhanded Strike"],"picked":"Quick Slash","floor":1},{"not_picked":["Dash","Masterful Stab"],"picked":"Catalyst","floor":6},{"not_picked":["Predator","Dagger Throw","Quick Slash"],"picked":"SKIP","floor":8},{"not_picked":["Terror","Slice"],"picked":"Dagger Spray","floor":11},{"not_picked":["Blade Dance","Prepared"],"picked":"Leg Sweep","floor":12},{"not_picked":["Expertise","PiercingWail"],"picked":"Deadly Poison","floor":14},{"not_picked":["Backflip","Dagger Spray"],"picked":"Malaise","floor":15},{"not_picked":["Bullet Time","Die Die Die"],"picked":"Envenom","floor":16},{"not_picked":["Bane","Outmaneuver"],"picked":"Flying Knee+1","floor":18},{"not_picked":["Flechettes+1","Bane"],"picked":"Dodge and Roll","floor":21},{"not_picked":["Envenom","Catalyst"],"picked":"Backflip+1","floor":24},{"not_picked":["All Out Attack","Backflip"],"picked":"Endless Agony","floor":27},{"not_picked":["Escape Plan","Sucker Punch"],"picked":"Infinite Blades","floor":28},{"not_picked":["Reflex+1","Quick Slash","Poisoned Stab"],"picked":"SKIP","floor":30},{"not_picked":["Night Terror","Bullet Time"],"picked":"A Thousand Cuts","floor":33},{"not_picked":["Heel Hook+1","Choke+1"],"picked":"Sucker Punch+1","floor":35},{"not_picked":["Flying Knee","Masterful Stab"],"picked":"Blur+1","floor":39},{"not_picked":["Blade Dance+1","Infinite Blades+1"],"picked":"Backstab+1","floor":40},{"not_picked":["Flying Knee+1","Endless Agony"],"picked":"Wraith Form v2","floor":41},{"not_picked":["Trip","Metamorphosis"],"picked":"Dark Shackles","floor":44},{"not_picked":["Deflect","Cloak And Dagger"],"picked":"Calculated Gamble","floor":45},{"not_picked":["Dagger Spray+1","Underhanded Strike+1"],"picked":"Noxious Fumes+1","floor":46},{"not_picked":["Flying Knee","Quick Slash+1"],"picked":"Catalyst+1","floor":48}],"player_experience":243711,"relics_obtained":[{"floor":5,"key":"Dream Catcher"},{"floor":6,"key":"Potion Belt"},{"floor":9,"key":"Juzu Bracelet"},{"floor":11,"key":"Centennial Puzzle"},{"floor":14,"key":"MawBank"},{"floor":21,"key":"Red Mask"},{"floor":24,"key":"PreservedInsect"},{"floor":26,"key":"Boot"},{"floor":27,"key":"Strawberry"},{"floor":41,"key":"Frozen Egg 2"},{"floor":43,"key":"Girya"}],"event_choices":[{"damage_healed":0,"gold_gain":75,"player_choice":"Gather Gold","damage_taken":11,"max_hp_gain":0,"max_hp_loss":0,"event_name":"World of Goop","floor":2,"gold_loss":0},{"damage_healed":0,"gold_gain":0,"player_choice":"Lose Max HP","damage_taken":0,"relics_obtained":["Golden Idol"],"max_hp_gain":0,"max_hp_loss":5,"event_name":"Golden Idol","floor":3,"gold_loss":0},{"cards_removed":["Strike_G"],"damage_healed":0,"gold_gain":0,"player_choice":"Card Removal","damage_taken":0,"max_hp_gain":0,"max_hp_loss":0,"event_name":"The Cleric","floor":4,"gold_loss":50},{"damage_healed":0,"gold_gain":0,"player_choice":"Inject Mutagens","damage_taken":0,"relics_obtained":["MutagenicStrength"],"max_hp_gain":0,"max_hp_loss":0,"event_name":"Drug Dealer","floor":19,"gold_loss":0},{"damage_healed":0,"gold_gain":0,"player_choice":"Gave Idol","damage_taken":0,"relics_obtained":["Bloody Idol"],"max_hp_gain":0,"max_hp_loss":0,"event_name":"Forgotten Altar","floor":20,"relics_lost":["Golden Idol"],"gold_loss":0},{"damage_healed":0,"gold_gain":0,"player_choice":"Fought Bandits","damage_taken":0,"max_hp_gain":0,"max_hp_loss":0,"event_name":"Masked Bandits","floor":21,"gold_loss":0},{"damage_healed":0,"gold_gain":0,"player_choice":"Leave","damage_taken":0,"max_hp_gain":0,"max_hp_loss":0,"event_name":"FaceTrader","floor":22,"gold_loss":0},{"damage_healed":0,"gold_gain":0,"player_choice":"Ignored","damage_taken":0,"max_hp_gain":0,"max_hp_loss":0,"event_name":"Cursed Tome","floor":29,"gold_loss":0},{"damage_healed":0,"gold_gain":0,"player_choice":"Upgraded Two","damage_taken":0,"max_hp_gain":0,"max_hp_loss":0,"event_name":"Designer","floor":31,"gold_loss":40,"cards_upgraded":["Defend_G","Dodge and Roll"]},{"damage_healed":0,"gold_gain":0,"player_choice":"Max HP","damage_taken":0,"max_hp_gain":0,"max_hp_loss":4,"event_name":"Winding Halls","floor":37,"gold_loss":0},{"damage_healed":0,"gold_gain":0,"player_choice":"Memory 1","damage_taken":0,"max_hp_gain":0,"max_hp_loss":0,"event_name":"SensoryStone","floor":44,"gold_loss":0},{"damage_healed":0,"gold_gain":100,"player_choice":"Pray","damage_taken":0,"max_hp_gain":0,"max_hp_loss":0,"event_name":"Golden Shrine","floor":47,"gold_loss":0}],"is_beta":false,"boss_relics":[{"not_picked":["Ectoplasm","Coffee Dripper"],"picked":"Philosopher\u0027s Stone"},{"not_picked":["Empty Cage","HoveringKite"],"picked":"Eternal Feather"}],"items_purged_floors":[25],"is_endless":false,"potions_floor_spawned":[6,8,11,21,30,41,45,46,48],"killed_by":"Awakened One","ascension_level":5}