{"gold_per_floor":[111,130,130,20,35,35,35,35,60,85,104,104,135,35,35,137,137,154,204,8,8,8,33,33,50,50,50,60,60,40,40,40,144,144,159,117,133,150,250,250,250,275,275,93,105,120,1,1,1,1],"floor_reached":51,"playtime":1868,"items_purged":["Strike_R","Strike_R","Strike_R","Bash+1"],"score":749,"play_id":"5d2e9e07-7122-4646-993a-bd41e65080a5","local_time":"20190409032006","is_ascension_mode":false,"campfire_choices":[{"data":"Corruption","floor":6,"key":"SMITH"},{"data":"Juggernaut","floor":8,"key":"SMITH"},{"data":"True Grit","floor":15,"key":"SMITH"},{"data":"Barricade","floor":24,"key":"SMITH"},{"floor":27,"key":"REST"},{"floor":32,"key":"REST"},{"data":"Bloodletting","floor":40,"key":"SMITH"},{"floor":49,"key":"REST"}],"neow_cost":"NONE","seed_source_timestamp":0,"circlet_count":0,"master_deck":["Defend_R","Defend_R","Defend_R","Defend_R","Armaments","Fire Breathing","Juggernaut+1","Corruption+1","Feel No Pain","Rampage+1","Disarm","True Grit+1","Barricade+1","Battle Trance+1","Spot Weakness","Defend_R","Bloodletting+1","Warcry","Sentinel+1","Dual Wield","Shrug It Off","Body Slam+1","Entrench","Armaments+1","Flame Barrier","Blind","Shrug It Off+1"],"relics":["Burning Blood","Red Skull","Happy Flower","Dream Catcher","Torii","Orichalcum","Black Star","Bag of Preparation","Unceasing Top","The Courier","Eternal Feather","Prayer Wheel","Bottled Tornado","Whetstone","Shuriken","Lantern"],"potions_floor_usage":[23,25,33,33,42,50,50,50],"damage_taken":[{"damage":9,"enemies":"Jaw Worm","floor":1,"turns":5},{"damage":1,"enemies":"Cultist","floor":2,"turns":3},{"damage":1,"enemies":"2 Louse","floor":5,"turns":2},{"damage":10,"enemies":"Gremlin Nob","floor":10,"turns":4},{"damage":10,"enemies":"Exordium Thugs","floor":11,"turns":5},{"damage":9,"enemies":"3 Sentries","floor":13,"turns":5},{"damage":18,"enemies":"Slime Boss","floor":16,"turns":7},{"damage":2,"enemies":"Shell Parasite","floor":18,"turns":7},{"damage":42,"enemies":"Slavers","floor":23,"turns":6},{"damage":24,"enemies":"2 Thieves","floor":25,"turns":3},{"damage":29,"enemies":"3 Cultists","floor":28,"turns":4},{"damage":27,"enemies":"Champ","floor":33,"turns":9},{"damage":3,"enemies":"Orb Walker","floor":35,"turns":3},{"damage":14,"enemies":"3 Darklings","floor":37,"turns":5},{"damage":10,"enemies":"Transient","floor":38,"turns":5},{"damage":28,"enemies":"Mind Bloom Boss Battle","floor":39,"turns":9},{"damage":24,"enemies":"Giant Head","floor":42,"turns":8},{"damage":4,"enemies":"Maw","floor":45,"turns":5},{"damage":20,"enemies":"4 Shapes","floor":46,"turns":6},{"damage":44,"enemies":"Awakened One","floor":50,"turns":7}],"seed_played":"-6229708593378505727","potions_obtained":[{"floor":5,"key":"FearPotion"},{"floor":16,"key":"Poison Potion"},{"floor":18,"key":"BloodPotion"},{"floor":23,"key":"EssenceOfSteel"},{"floor":33,"key":"Strength Potion"},{"floor":35,"key":"Explosive Potion"},{"floor":42,"key":"Explosive Potion"},{"floor":45,"key":"Dexterity Potion"}],"is_trial":false,"path_per_floor":["M","M","?","$","M","R","?","R","T","E","M","T","E","$","R","B",null,"M","?","$","$","?","E","R","M","T","R","M","?","$","?","R","B",null,"M","$","M","M","?","R","?","E","T","$","M","M","$","?","R","B",null],"character_chosen":"IRONCLAD","items_purchased":["Corruption","Spot Weakness","Warcry","Shrug It Off","Entrench","Lantern"],"campfire_rested":3,"item_purchase_floors":[4,20,30,36,44,47],"current_hp_per_floor":[77,80,80,80,80,80,80,80,80,76,72,72,69,69,69,57,80,80,80,80,80,80,52,52,34,34,58,35,35,35,35,59,38,80,80,80,72,68,46,58,58,40,40,40,42,28,28,28,65,27],"gold":1,"neow_bonus":"RANDOM_COMMON_RELIC","is_prod":false,"is_daily":false,"chose_seed":true,"campfire_upgraded":5,"win_rate":0,"timestamp":1554798006,"path_taken":["M","M","?","$","?","R","?","R","T","E","?","?","E","$","R","BOSS","M","?","?","$","?","E","R","?","T","R","M","?","$","?","R","BOSS","M","$","M","M","?","R","?","E","T","?","?","M","$","?","R","BOSS"],"build_version":"2019-01-23","purchased_purges":4,"victory":true,"max_hp_per_floor":[80,80,80,80,80,80,80,80,80,80,80,80,80,80,80,80,80,80,80,80,80,80,80,80,80,80,80,80,80,80,80,80,80,80,80,80,80,80,80,80,76,76,76,76,76,76,76,76,76,76],"card_choices":[{"not_picked":["Perfected Strike","Sword Boomerang"],"picked":"Cleave","floor":1},{"not_picked":["Cleave","Corruption"],"picked":"Armaments","floor":2},{"not_picked":["Clothesline","Headbutt"],"picked":"Feel No Pain","floor":5},{"not_picked":["True Grit","Clash"],"picked":"Rampage","floor":10},{"not_picked":["Warcry","Reaper"],"picked":"Disarm","floor":11},{"not_picked":["Thunderclap","Heavy Blade"],"picked":"True Grit","floor":13},{"not_picked":["Impervious","Bludgeon"],"picked":"Barricade","floor":16},{"not_picked":["Cleave","Body Slam"],"picked":"Battle Trance+1","floor":18},{"not_picked":["Ghostly Armor","Heavy Blade"],"picked":"Bloodletting","floor":23},{"not_picked":["Havoc","Clothesline","Sword Boomerang"],"picked":"SKIP","floor":25},{"not_picked":["Clash","Second Wind+1","Power Through"],"picked":"SKIP","floor":28},{"not_picked":["Sword Boomerang","Burning Pact"],"picked":"Sentinel+1","floor":32},{"not_picked":["Havoc","Iron Wave"],"picked":"Dual Wield","floor":35},{"not_picked":["Sword Boomerang+1","Combust+1","Metallicize"],"picked":"SKIP","floor":37},{"not_picked":["Armaments","Rupture","Anger+1"],"picked":"SKIP","floor":38},{"not_picked":["Spot Weakness","Inflame+1"],"picked":"Body Slam+1","floor":42},{"not_picked":["Warcry","Havoc"],"picked":"Armaments+1","floor":45},{"not_picked":["Inflame+1","Sever Soul+1","Havoc+1"],"picked":"SKIP","floor":45},{"not_picked":["Body Slam+1","Spot Weakness"],"picked":"Flame Barrier","floor":46},{"not_picked":["Havoc","Blood for Blood+1","Heavy Blade"],"picked":"SKIP","floor":46},{"not_picked":["Purity","Trip"],"picked":"Blind","floor":48},{"not_picked":["Evolve+1","Heavy Blade"],"picked":"Shrug It Off+1","floor":49}],"player_experience":303464,"relics_obtained":[{"floor":9,"key":"Happy Flower"},{"floor":10,"key":"Dream Catcher"},{"floor":12,"key":"Torii"},{"floor":13,"key":"Orichalcum"},{"floor":23,"key":"Bag of Preparation"},{"floor":23,"key":"Unceasing Top"},{"floor":26,"key":"The Courier"},{"floor":39,"key":"Prayer Wheel"},{"floor":42,"key":"Bottled Tornado"},{"floor":42,"key":"Whetstone"},{"floor":43,"key":"Shuriken"}],"event_choices":[{"damage_healed":0,"gold_gain":0,"player_choice":"2 cards matched","damage_taken":0,"max_hp_gain":0,"max_hp_loss":0,"event_name":"Match and Keep!","floor":3,"gold_loss":0,"cards_obtained":["Fire Breathing","Juggernaut"]},{"cards_removed":["Strike_R"],"damage_healed":0,"gold_gain":0,"player_choice":"Offered Basic","damage_taken":0,"max_hp_gain":0,"max_hp_loss":0,"event_name":"Bonfire Elementals","floor":7,"gold_loss":0},{"damage_healed":0,"gold_gain":100,"player_choice":"Bet on Murderer","damage_taken":0,"max_hp_gain":0,"max_hp_loss":0,"event_name":"The Joust","floor":19,"gold_loss":50},{"cards_removed":["Strike_R"],"damage_healed":0,"gold_gain":0,"player_choice":"Took Card","damage_taken":0,"max_hp_gain":0,"max_hp_loss":0,"event_name":"NoteForYourself","floor":22,"gold_loss":0,"cards_obtained":["Defend_R"]},{"damage_healed":0,"gold_gain":0,"player_choice":"Ignored","damage_taken":0,"max_hp_gain":0,"max_hp_loss":0,"event_name":"Cursed Tome","floor":29,"gold_loss":0},{"cards_removed":["Cleave"],"damage_healed":0,"gold_gain":0,"player_choice":"Elegance","damage_taken":0,"max_hp_gain":0,"max_hp_loss":0,"event_name":"Back to Basics","floor":31,"gold_loss":0},{"damage_healed":0,"gold_gain":0,"player_choice":"Fight","damage_taken":0,"max_hp_gain":0,"max_hp_loss":0,"event_name":"MindBloom","floor":39,"gold_loss":0},{"damage_healed":0,"gold_gain":0,"player_choice":"Max HP","damage_taken":0,"max_hp_gain":0,"max_hp_loss":4,"event_name":"Winding Halls","floor":41,"gold_loss":0},{"damage_healed":0,"gold_gain":0,"player_choice":"Memory 1","damage_taken":0,"max_hp_gain":0,"max_hp_loss":0,"event_name":"SensoryStone","floor":48,"gold_loss":0}],"is_beta":false,"boss_relics":[{"not_picked":["Lizard Tail","Runic Cube"],"picked":"Black Star"},{"not_picked":["Snecko Eye","Calling Bell"],"picked":"Eternal Feather"}],"items_purged_floors":[4,14,20,44],"is_endless":false,"potions_floor_spawned":[5,16,18,23,33,35,42,45],"ascension_level":0}