{"gold_per_floor":[115,128,21,40,59,59,89,101,101,112,112,112],"floor_reached":12,"playtime":214,"items_purged":[],"score":98,"play_id":"c63607ab-9386-4e29-bba3-ca17aab4d809","local_time":"20190312202957","is_ascension_mode":true,"campfire_choices":[{"data":"Rupture","floor":6,"key":"SMITH"}],"neow_cost":"NONE","seed_source_timestamp":1795837432711887,"circlet_count":0,"master_deck":["Strike_R","Strike_R","Strike_R","Strike_R","Strike_R","Defend_R","Defend_R","Defend_R","Defend_R","Bash","Rupture+1","Combust","Metallicize","Disarm","Hemokinesis","Twin Strike","Combust","Seeing Red","Cleave"],"relics":["Burning Blood","NeowsBlessing","Regal Pillow","Pen Nib"],"potions_floor_usage":[],"damage_taken":[{"damage":0,"enemies":"Cultist","floor":1,"turns":1},{"damage":0,"enemies":"Jaw Worm","floor":2,"turns":1},{"damage":0,"enemies":"Small Slimes","floor":4,"turns":1},{"damage":27,"enemies":"Red Slaver","floor":5,"turns":5},{"damage":26,"enemies":"Lagavulin","floor":7,"turns":5},{"damage":25,"enemies":"Large Slime","floor":8,"turns":4},{"damage":12,"enemies":"Lots of Slimes","floor":10,"turns":2},{"damage":2,"enemies":"Gremlin Nob","floor":12,"turns":2}],"seed_played":"-5544574292775935128","potions_obtained":[{"floor":2,"key":"GamblersBrew"},{"floor":5,"key":"SpeedPotion"},{"floor":7,"key":"GamblersBrew"},{"floor":10,"key":"Swift Potion"}],"is_trial":false,"path_per_floor":["M","M","$","M","M","R","E","M","T","M","?","E"],"character_chosen":"IRONCLAD","items_purchased":["Metallicize","Disarm"],"campfire_rested":0,"item_purchase_floors":[3,3],"current_hp_per_floor":[80,80,80,80,59,59,39,20,20,14,14,12],"gold":112,"neow_bonus":"THREE_ENEMY_KILL","is_prod":false,"is_daily":false,"chose_seed":false,"campfire_upgraded":1,"win_rate":0,"timestamp":1552440597,"path_taken":["M","?","$","M","?","R","E","M","T","?","?","E"],"build_version":"2019-01-23","purchased_purges":0,"victory":false,"max_hp_per_floor":[80,80,80,80,80,80,80,80,80,80,80,80],"card_choices":[{"not_picked":["Flex","Wild Strike"],"picked":"Rupture","floor":1},{"not_picked":["Heavy Blade","Flame Barrier"],"picked":"Combust","floor":2},{"not_picked":["Rampage","Uppercut"],"picked":"Hemokinesis","floor":4},{"not_picked":["Anger","Cleave"],"picked":"Twin Strike","floor":5},{"not_picked":["Iron Wave","Body Slam"],"picked":"Combust","floor":7},{"not_picked":["Searing Blow","Fiend Fire"],"picked":"Seeing Red","floor":8},{"not_picked":["Blood for Blood","Heavy Blade"],"picked":"Cleave","floor":10}],"player_experience":199635,"relics_obtained":[{"floor":7,"key":"Regal Pillow"},{"floor":9,"key":"Pen Nib"}],"event_choices":[{"damage_healed":0,"gold_gain":0,"player_choice":"Searched \u00270\u0027 times","damage_taken":0,"max_hp_gain":0,"max_hp_loss":0,"event_name":"Dead Adventurer","floor":11,"gold_loss":0}],"is_beta":false,"boss_relics":[],"items_purged_floors":[],"is_endless":false,"potions_floor_spawned":[2,5,7,10],"killed_by":"Gremlin Nob","ascension_level":4}