{"gold_per_floor":[114,62,10,22,41,41,73,0,0,28,28,28,28,44,44,44],"floor_reached":16,"playtime":433,"items_purged":[],"score":151,"play_id":"360f5573-ed39-4bda-aad7-fbb3b94f6a73","local_time":"20190330124803","is_ascension_mode":true,"campfire_choices":[{"data":"Whirlwind","floor":6,"key":"SMITH"},{"data":"Disarm","floor":12,"key":"SMITH"},{"data":"Shrug It Off","floor":15,"key":"SMITH"}],"neow_cost":"NONE","seed_source_timestamp":1168334231891865,"circlet_count":0,"master_deck":["Strike_R","Strike_R","Strike_R","Strike_R","Strike_R","Defend_R","Defend_R","Defend_R","Defend_R","Bash","Anger","Pommel Strike","Shrug It Off+1","Disarm+1","Whirlwind+1","Headbutt","Spot Weakness","Uppercut+1","Body Slam+1"],"relics":["Burning Blood","Bird Faced Urn","Bottled Flame","Bottled Lightning","Molten Egg 2"],"potions_floor_usage":[7,10,16,16,16,16],"damage_taken":[{"damage":2,"enemies":"Jaw Worm","floor":1,"turns":3},{"damage":0,"enemies":"Cultist","floor":4,"turns":3},{"damage":0,"enemies":"2 Louse","floor":5,"turns":3},{"damage":28,"enemies":"Lagavulin","floor":7,"turns":6},{"damage":14,"enemies":"Gremlin Nob","floor":10,"turns":3},{"damage":8,"enemies":"Red Slaver","floor":14,"turns":3},{"damage":47,"enemies":"Slime Boss","floor":16,"turns":8}],"seed_played":"3599848372641487266","potions_obtained":[{"floor":4,"key":"AttackPotion"},{"floor":5,"key":"PowerPotion"},{"floor":13,"key":"Ancient Potion"},{"floor":13,"key":"Block Potion"},{"floor":13,"key":"Explosive Potion"},{"floor":14,"key":"EntropicBrew"}],"is_trial":false,"path_per_floor":["M","$","?","M","M","R","E","$","T","E","$","R","?","M","R","B"],"character_chosen":"IRONCLAD","items_purchased":["Shrug It Off","Spot Weakness"],"campfire_rested":0,"item_purchase_floors":[2,8],"current_hp_per_floor":[76,76,76,80,80,80,58,58,58,52,52,52,52,50,50,3],"gold":44,"neow_bonus":"THREE_CARDS","is_prod":false,"is_daily":false,"chose_seed":false,"campfire_upgraded":3,"win_rate":0,"timestamp":1553968083,"path_taken":["M","$","?","M","?","R","E","$","T","E","$","R","?","?","R","BOSS"],"build_version":"2019-01-23","purchased_purges":0,"victory":false,"max_hp_per_floor":[80,80,80,80,80,80,80,80,80,80,80,80,80,80,80,80],"card_choices":[{"not_picked":["Rage","Clash"],"picked":"Anger","floor":0},{"not_picked":["Perfected Strike","Feel No Pain"],"picked":"Pommel Strike","floor":1},{"not_picked":["Thunderclap","Seeing Red"],"picked":"Disarm","floor":4},{"not_picked":["Flex","Sword Boomerang"],"picked":"Whirlwind","floor":5},{"not_picked":["Limit Break","Sword Boomerang"],"picked":"Headbutt","floor":7},{"not_picked":["Perfected Strike","Reckless Charge"],"picked":"Uppercut","floor":10},{"not_picked":["Cleave+1","Power Through"],"picked":"Body Slam+1","floor":14}],"player_experience":274880,"relics_obtained":[{"floor":7,"key":"Bottled Flame"},{"floor":9,"key":"Bottled Lightning"},{"floor":10,"key":"Molten Egg 2"}],"event_choices":[{"damage_healed":0,"gold_gain":0,"player_choice":"Paid Gold","damage_taken":0,"relics_obtained":["Bird Faced Urn"],"max_hp_gain":0,"max_hp_loss":0,"event_name":"WeMeetAgain","floor":3,"gold_loss":52},{"damage_healed":0,"gold_gain":0,"player_choice":"Got Potions","damage_taken":0,"max_hp_gain":0,"max_hp_loss":0,"event_name":"Lab","floor":13,"gold_loss":0}],"is_beta":false,"boss_relics":[],"items_purged_floors":[],"is_endless":false,"potions_floor_spawned":[4,5,14],"killed_by":"Slime Boss","ascension_level":8}