{"gold_per_floor":[109,109,127,140,158,185,25,80,80,80,110,34,46,61,61,61],"floor_reached":16,"playtime":550,"items_purged":["Strike_B"],"score":162,"play_id":"e882dc04-29a9-494f-ad7d-0ec6cacf9fa9","local_time":"20190306133823","is_ascension_mode":true,"campfire_choices":[{"data":"Coolheaded","floor":10,"key":"SMITH"},{"floor":15,"key":"REST"}],"neow_cost":"NONE","seed_source_timestamp":1255994391787397,"circlet_count":0,"master_deck":["Strike_B","Strike_B","Strike_B","Defend_B","Defend_B","Defend_B","Defend_B","Zap","Dualcast","Blind","Leap","Sweeping Beam","Biased Cognition","Glacier","Loop","Compile Driver","Coolheaded+1","Defragment","Beam Cell","Gash"],"relics":["Cracked Core","Oddly Smooth Stone","Tiny Chest","Bag of Preparation"],"potions_floor_usage":[8,8,8,8,16],"damage_taken":[{"damage":9,"enemies":"2 Louse","floor":1,"turns":3},{"damage":0,"enemies":"Cultist","floor":3,"turns":4},{"damage":0,"enemies":"Small Slimes","floor":4,"turns":2},{"damage":6,"enemies":"Exordium Thugs","floor":5,"turns":4},{"damage":16,"enemies":"Lagavulin","floor":6,"turns":7},{"damage":13,"enemies":"Gremlin Nob","floor":8,"turns":3},{"damage":8,"enemies":"3 Louse","floor":13,"turns":5},{"damage":0,"enemies":"Large Slime","floor":14,"turns":4},{"damage":47,"enemies":"Hexaghost","floor":16,"turns":16}],"seed_played":"2906348825748703059","potions_obtained":[{"floor":1,"key":"Swift Potion"},{"floor":2,"key":"SmokeBomb"},{"floor":2,"key":"EntropicBrew"},{"floor":14,"key":"EssenceOfSteel"}],"is_trial":false,"path_per_floor":["M","?","M","M","M","E","$","E","T","R","?","$","M","M","R","B"],"character_chosen":"DEFECT","items_purchased":["Loop","Compile Driver","Defragment"],"campfire_rested":1,"item_purchase_floors":[7,7,12],"current_hp_per_floor":[59,59,59,59,53,37,37,33,33,33,33,33,25,25,47,0],"gold":61,"neow_bonus":"RANDOM_COLORLESS","is_prod":false,"is_daily":false,"chose_seed":false,"campfire_upgraded":1,"win_rate":0,"timestamp":1551901103,"path_taken":["M","?","M","M","?","E","$","E","T","R","?","?","M","M","R","BOSS"],"build_version":"2019-01-23","purchased_purges":1,"victory":false,"max_hp_per_floor":[75,75,75,75,75,75,75,75,75,75,75,75,75,75,75,75],"card_choices":[{"not_picked":["Redo","Blizzard"],"picked":"Leap","floor":1},{"not_picked":["Darkness","Turbo"],"picked":"Sweeping Beam","floor":3},{"not_picked":["Leap","Rebound"],"picked":"Biased Cognition","floor":4},{"not_picked":["Stack","Lockon","Blizzard"],"picked":"SKIP","floor":5},{"not_picked":["Steam","Compile Driver"],"picked":"Glacier","floor":6},{"not_picked":["Chaos","Double Energy"],"picked":"Coolheaded","floor":8},{"not_picked":["Steam Power","Steam"],"picked":"Beam Cell","floor":13},{"not_picked":["Redo","Rebound"],"picked":"Gash","floor":14}],"player_experience":178269,"relics_obtained":[{"floor":6,"key":"Oddly Smooth Stone"},{"floor":8,"key":"Tiny Chest"},{"floor":9,"key":"Bag of Preparation"}],"event_choices":[{"damage_healed":0,"gold_gain":0,"player_choice":"Got Potions","damage_taken":0,"max_hp_gain":0,"max_hp_loss":0,"event_name":"Lab","floor":2,"gold_loss":0},{"damage_healed":0,"gold_gain":30,"player_choice":"Searched \u00271\u0027 times","damage_taken":0,"max_hp_gain":0,"max_hp_loss":0,"event_name":"Dead Adventurer","floor":11,"gold_loss":0}],"is_beta":false,"boss_relics":[],"items_purged_floors":[7],"is_endless":false,"potions_floor_spawned":[1,3,14],"killed_by":"Hexaghost","ascension_level":9}