{"gold_per_floor":[119,134,134,152,32,32,57,67,91,266,298,298,298,313,313,313],"floor_reached":16,"playtime":433,"items_purged":[],"score":127,"play_id":"f0cf9db6-3082-404b-91a6-2146540886c6","local_time":"20190312173148","is_ascension_mode":true,"campfire_choices":[{"data":"Armaments","floor":6,"key":"SMITH"},{"data":"Whirlwind","floor":12,"key":"SMITH"},{"floor":15,"key":"REST"}],"neow_cost":"NONE","seed_source_timestamp":1784929556648740,"circlet_count":0,"master_deck":["Strike_R","Strike_R","Strike_R","Strike_R","Strike_R","Defend_R","Defend_R","Defend_R","Defend_R","Bash","Burning Pact","Clash","Cleave","Feel No Pain+1","Armaments+1","Shrug It Off","Doubt","Whirlwind+1","Limit Break"],"relics":["Burning Blood","NeowsBlessing","Bag of Marbles","Blood Vial","PreservedInsect","Ancient Tea Set"],"potions_floor_usage":[11,16],"damage_taken":[{"damage":0,"enemies":"Small Slimes","floor":1,"turns":1},{"damage":0,"enemies":"2 Louse","floor":2,"turns":1},{"damage":0,"enemies":"Jaw Worm","floor":4,"turns":1},{"damage":22,"enemies":"3 Sentries","floor":7,"turns":6},{"damage":0,"enemies":"Gremlin Gang","floor":8,"turns":1},{"damage":54,"enemies":"Lagavulin","floor":11,"turns":8},{"damage":0,"enemies":"Looter","floor":14,"turns":1},{"damage":64,"enemies":"Hexaghost","floor":16,"turns":11}],"seed_played":"-896869327617318584","potions_obtained":[{"floor":4,"key":"Strength Potion"},{"floor":8,"key":"Energy Potion"},{"floor":14,"key":"EssenceOfSteel"}],"is_trial":false,"path_per_floor":["M","M","?","M","$","R","E","M","T","?","E","R","?","M","R","B"],"character_chosen":"IRONCLAD","items_purchased":["Feel No Pain","Armaments"],"campfire_rested":1,"item_purchase_floors":[5,5],"current_hp_per_floor":[80,80,77,80,80,80,64,72,72,72,26,26,26,34,58,0],"gold":313,"neow_bonus":"THREE_ENEMY_KILL","is_prod":false,"is_daily":false,"chose_seed":false,"campfire_upgraded":2,"win_rate":0,"timestamp":1552429908,"path_taken":["M","M","?","M","$","R","E","M","T","?","E","R","?","M","R","BOSS"],"build_version":"2019-01-23","purchased_purges":0,"victory":false,"max_hp_per_floor":[80,80,80,80,80,80,80,80,80,80,80,80,80,80,80,80],"card_choices":[{"not_picked":["Wild Strike","Iron Wave"],"picked":"Burning Pact","floor":1},{"not_picked":["Havoc","Burning Pact"],"picked":"Clash","floor":2},{"not_picked":["Wild Strike","Perfected Strike"],"picked":"Cleave","floor":4},{"not_picked":["Body Slam","Sever Soul"],"picked":"Shrug It Off","floor":7},{"not_picked":["Shrug It Off","Sever Soul","Clothesline"],"picked":"SKIP","floor":8},{"not_picked":["Shockwave","Wild Strike"],"picked":"Whirlwind","floor":11},{"not_picked":["Anger","Clash"],"picked":"Limit Break","floor":14}],"player_experience":194012,"relics_obtained":[{"floor":7,"key":"Blood Vial"},{"floor":9,"key":"PreservedInsect"},{"floor":11,"key":"Ancient Tea Set"}],"event_choices":[{"damage_healed":0,"gold_gain":0,"player_choice":"Success","damage_taken":3,"relics_obtained":["Bag of Marbles"],"max_hp_gain":0,"max_hp_loss":0,"event_name":"Scrap Ooze","floor":3,"gold_loss":0},{"damage_healed":0,"gold_gain":175,"player_choice":"AGREE","damage_taken":0,"max_hp_gain":0,"max_hp_loss":0,"event_name":"Liars Game","floor":10,"gold_loss":0,"cards_obtained":["Doubt"]},{"damage_healed":0,"gold_gain":0,"player_choice":"Forge","damage_taken":0,"max_hp_gain":0,"max_hp_loss":0,"event_name":"Accursed Blacksmith","floor":13,"gold_loss":0,"cards_upgraded":["Feel No Pain"]}],"is_beta":false,"boss_relics":[],"items_purged_floors":[],"is_endless":false,"potions_floor_spawned":[4,8,14],"killed_by":"Hexaghost","ascension_level":3}