{"gold_per_floor":[414,414,435,456,291,364,379,400,400,104,120,120,140,140,140,269,332,353,353,378,99,149,149,190,211,211,211,231,180,215,238,238,368,368,383,401,401,415,435,435,435],"floor_reached":41,"playtime":1422,"items_purged":["Injury","Rupture"],"score":561,"play_id":"6420b87d-35d5-4c80-b52c-e413221008e2","local_time":"20190523224552","is_ascension_mode":true,"campfire_choices":[{"data":"Panacea","floor":12,"key":"SMITH"},{"floor":15,"key":"REST"},{"data":"Perfected Strike","floor":23,"key":"SMITH"},{"floor":32,"key":"REST"},{"data":"Perfected Strike","floor":40,"key":"SMITH"}],"neow_cost":"PERCENT_DAMAGE","seed_source_timestamp":345485889119307,"circlet_count":0,"master_deck":["Strike_R","Strike_R","Strike_R","Strike_R","Strike_R","Defend_R","Defend_R","Defend_R","Defend_R","Bash","Cleave","Flame Barrier","Perfected Strike+1","Panacea+1","Perfected Strike+1","Twin Strike","Twin Strike","Dual Wield","Flame Barrier","Twin Strike","Limit Break+1","Perfected Strike","Shrug It Off+1","Heavy Blade","Spot Weakness","Rage","Disarm","Flex","Battle Trance"],"relics":["Burning Blood","Old Coin","Golden Idol","Tiny Chest","Thread and Needle","Membership Card","Calipers","Tiny House","Ornamental Fan","Brimstone","Oddly Smooth Stone","Prayer Wheel","Pocketwatch","Pantograph","Anchor","Eternal Feather","Art of War"],"potions_floor_usage":[13,16,16,16,16,16,25,25,28,30,30,33,33,33],"damage_taken":[{"damage":7,"enemies":"Jaw Worm","floor":1,"turns":3},{"damage":7,"enemies":"2 Louse","floor":3,"turns":2},{"damage":7,"enemies":"Cultist","floor":4,"turns":5},{"damage":33,"enemies":"Lagavulin","floor":6,"turns":9},{"damage":0,"enemies":"Exordium Wildlife","floor":7,"turns":3},{"damage":6,"enemies":"Looter","floor":8,"turns":2},{"damage":5,"enemies":"Red Slaver","floor":11,"turns":3},{"damage":2,"enemies":"2 Fungi Beasts","floor":13,"turns":3},{"damage":13,"enemies":"Hexaghost","floor":16,"turns":9},{"damage":0,"enemies":"3 Byrds","floor":18,"turns":3},{"damage":37,"enemies":"2 Thieves","floor":20,"turns":5},{"damage":0,"enemies":"Gremlin Leader","floor":24,"turns":4},{"damage":18,"enemies":"Cultist and Chosen","floor":25,"turns":5},{"damage":8,"enemies":"Centurion and Healer","floor":28,"turns":5},{"damage":26,"enemies":"Book of Stabbing","floor":30,"turns":4},{"damage":9,"enemies":"3 Cultists","floor":31,"turns":5},{"damage":58,"enemies":"Collector","floor":33,"turns":7},{"damage":23,"enemies":"3 Shapes","floor":35,"turns":5},{"damage":39,"enemies":"3 Darklings","floor":36,"turns":4},{"damage":11,"enemies":"Maw","floor":38,"turns":6},{"damage":10,"enemies":"4 Shapes","floor":39,"turns":5},{"damage":47,"enemies":"Reptomancer","floor":41,"turns":2}],"seed_played":"8752854649606780417","potions_obtained":[{"floor":6,"key":"Block Potion"},{"floor":7,"key":"BloodPotion"},{"floor":8,"key":"EntropicBrew"},{"floor":13,"key":"Strength Potion"},{"floor":16,"key":"Regen Potion"},{"floor":17,"key":"Block Potion"},{"floor":28,"key":"SkillPotion"},{"floor":30,"key":"Poison Potion"},{"floor":31,"key":"Block Potion"},{"floor":38,"key":"SpeedPotion"},{"floor":39,"key":"SkillPotion"}],"is_trial":false,"path_per_floor":["M","?","M","M","$","E","M","M","T","$","M","R","M","?","R","B",null,"M","?","M","$","T","R","E","M","T","T","M","$","E","M","R","B",null,"M","M","T","M","M","R","E"],"character_chosen":"IRONCLAD","items_purchased":["Panacea","Twin Strike","Membership Card","Dual Wield","Ornamental Fan","Brimstone","Dexterity Potion","Block Potion"],"campfire_rested":2,"item_purchase_floors":[5,10,10,10,21,21,29,29],"current_hp_per_floor":[55,55,54,53,53,26,32,32,32,32,33,33,45,27,51,44,85,85,85,54,54,54,54,60,48,48,48,60,60,40,37,62,33,85,68,35,35,30,26,41,0],"gold":435,"neow_bonus":"ONE_RARE_RELIC","is_prod":false,"is_daily":false,"chose_seed":false,"campfire_upgraded":3,"win_rate":0,"timestamp":1558673152,"path_taken":["M","?","M","M","$","E","M","M","T","$","M","R","M","?","R","BOSS","M","?","M","?","?","R","E","M","T","?","M","$","E","?","R","BOSS","M","M","?","M","M","R","E"],"build_version":"2019-01-23","purchased_purges":2,"victory":false,"max_hp_per_floor":[80,80,80,80,80,80,80,80,80,80,80,80,80,80,80,80,85,85,85,85,85,85,85,85,85,85,85,85,85,85,85,85,85,85,85,85,85,85,85,85,85],"card_choices":[{"not_picked":["Iron Wave","Perfected Strike"],"picked":"Cleave","floor":1},{"not_picked":["Pommel Strike","Cleave"],"picked":"Flame Barrier","floor":3},{"not_picked":["Body Slam","Flex"],"picked":"Perfected Strike","floor":4},{"not_picked":["Warcry","Perfected Strike","Evolve"],"picked":"SKIP","floor":6},{"not_picked":["Warcry","Evolve"],"picked":"Perfected Strike","floor":6},{"not_picked":["Infernal Blade","Juggernaut","Rampage"],"picked":"SKIP","floor":7},{"not_picked":["Ghostly Armor","Havoc"],"picked":"Twin Strike","floor":8},{"not_picked":["Pummel","Feel No Pain"],"picked":"Flame Barrier","floor":11},{"not_picked":["Headbutt","Iron Wave"],"picked":"Twin Strike","floor":13},{"not_picked":["Berserk","Demon Form"],"picked":"Limit Break","floor":16},{"not_picked":["Warcry","Pommel Strike"],"picked":"Perfected Strike","floor":17},{"not_picked":["Flex","Disarm+1"],"picked":"Shrug It Off+1","floor":18},{"not_picked":["Corruption+1","Havoc","Clash"],"picked":"SKIP","floor":20},{"not_picked":["Corruption+1","Flame Barrier"],"picked":"Spot Weakness","floor":24},{"not_picked":["Carnage+1","Anger+1"],"picked":"Rage","floor":25},{"not_picked":["Armaments","Shrug It Off","Cleave"],"picked":"SKIP","floor":25},{"not_picked":["Offering","Wild Strike"],"picked":"Disarm","floor":28},{"not_picked":["Dual Wield","Hemokinesis","Carnage+1"],"picked":"SKIP","floor":28},{"not_picked":["Burning Pact+1","Rampage","Pommel Strike+1"],"picked":"SKIP","floor":30},{"not_picked":["Havoc","Evolve"],"picked":"Flex","floor":31},{"not_picked":["Pommel Strike","Anger","Clothesline"],"picked":"SKIP","floor":31},{"not_picked":["Headbutt","Pommel Strike","Havoc+1"],"picked":"SKIP","floor":35},{"not_picked":["Blood for Blood","Burning Pact+1","Rupture+1"],"picked":"SKIP","floor":35},{"not_picked":["Perfected Strike+1","Wild Strike"],"picked":"Battle Trance","floor":36},{"not_picked":["Body Slam","Entrench+1","Warcry"],"picked":"SKIP","floor":36},{"not_picked":["Burning Pact+1","Pommel Strike","Blood for Blood"],"picked":"SKIP","floor":38},{"not_picked":["Clothesline+1","Rupture+1","Intimidate"],"picked":"SKIP","floor":38},{"not_picked":["Wild Strike+1","Dark Embrace","Pommel Strike"],"picked":"SKIP","floor":39},{"not_picked":["Corruption","Iron Wave+1","Searing Blow"],"picked":"SKIP","floor":39}],"player_experience":283863,"relics_obtained":[{"floor":6,"key":"Tiny Chest"},{"floor":9,"key":"Thread and Needle"},{"floor":22,"key":"Oddly Smooth Stone"},{"floor":24,"key":"Prayer Wheel"},{"floor":26,"key":"Pocketwatch"},{"floor":27,"key":"Pantograph"},{"floor":30,"key":"Anchor"},{"floor":37,"key":"Art of War"}],"event_choices":[{"damage_healed":0,"gold_gain":0,"player_choice":"Take Wound","damage_taken":0,"relics_obtained":["Golden Idol"],"max_hp_gain":0,"max_hp_loss":0,"event_name":"Golden Idol","floor":2,"gold_loss":0,"cards_obtained":["Injury"]},{"damage_healed":0,"gold_gain":0,"player_choice":"Success","damage_taken":18,"relics_obtained":["Calipers"],"max_hp_gain":0,"max_hp_loss":0,"event_name":"Scrap Ooze","floor":14,"gold_loss":0},{"damage_healed":0,"gold_gain":0,"player_choice":"2 cards matched","damage_taken":0,"max_hp_gain":0,"max_hp_loss":0,"event_name":"Match and Keep!","floor":19,"gold_loss":0,"cards_obtained":["Heavy Blade","Rupture"]}],"is_beta":false,"boss_relics":[{"not_picked":["Pandora\u0027s Box","Orrery"],"picked":"Tiny House"},{"not_picked":["Sozu","Empty Cage"],"picked":"Eternal Feather"}],"items_purged_floors":[5,21],"is_endless":false,"potions_floor_spawned":[6,7,8,13,16,18,28,30,31,38,39],"killed_by":"Reptomancer","ascension_level":2}