{"gold_per_floor":[113,113,113,38,49,49,74,74,97,109,121,145,186,217,229,344,356,380,403,86,86],"floor_reached":21,"playtime":597,"items_purged":["Regret","Strike_B"],"score":339,"play_id":"330f5bbc-7595-4bac-acc7-b12b0d5154a3","local_time":"20190428173920","is_ascension_mode":true,"campfire_choices":[{"data":"Leap","floor":6,"key":"SMITH"},{"data":"Consume","floor":8,"key":"SMITH"},{"data":"Dualcast","floor":11,"key":"SMITH"},{"data":"Loop","floor":15,"key":"SMITH"}],"neow_cost":"NONE","seed_source_timestamp":93636853645486,"circlet_count":0,"master_deck":["AscendersBane","Strike_B","Strike_B","Strike_B","Defend_B","Defend_B","Defend_B","Defend_B","Zap+1","Dualcast+1","BootSequence","Leap+1","Consume+1","Loop+1","Amplify+1","Machine Learning","Reinforced Body+1","Steam+1","Cold Snap","Leap+1"],"relics":["Cracked Core","NeowsBlessing","Centennial Puzzle","Orichalcum","MawBank","Toxic Egg 2","Velvet Choker","Regal Pillow"],"potions_floor_usage":[13,16,21],"damage_taken":[{"damage":0,"enemies":"2 Louse","floor":1,"turns":1},{"damage":0,"enemies":"Jaw Worm","floor":5,"turns":1},{"damage":0,"enemies":"Lagavulin","floor":7,"turns":1},{"damage":0,"enemies":"Cultist","floor":12,"turns":3},{"damage":8,"enemies":"Gremlin Nob","floor":13,"turns":4},{"damage":11,"enemies":"Lots of Slimes","floor":14,"turns":4},{"damage":56,"enemies":"The Guardian","floor":16,"turns":12},{"damage":9,"enemies":"Shell Parasite","floor":18,"turns":4},{"damage":6,"enemies":"3 Byrds","floor":19,"turns":5},{"damage":45,"enemies":"3 Cultists","floor":21,"turns":8}],"seed_played":"7310596291344258397","potions_obtained":[{"floor":1,"key":"Explosive Potion"},{"floor":7,"key":"Fire Potion"},{"floor":12,"key":"Dexterity Potion"},{"floor":13,"key":"Regen Potion"},{"floor":19,"key":"SkillPotion"}],"is_trial":false,"path_per_floor":["M","?","?","$","M","R","E","R","T","$","R","M","E","M","R","B",null,"M","M","$","M"],"character_chosen":"DEFECT","items_purchased":["Cold Snap","Leap+1","Regal Pillow"],"campfire_rested":0,"item_purchase_floors":[20,20,20],"current_hp_per_floor":[68,68,68,68,68,68,68,68,68,68,68,68,60,49,49,5,58,49,43,43,0],"gold":86,"neow_bonus":"THREE_ENEMY_KILL","is_prod":false,"is_daily":false,"chose_seed":false,"campfire_upgraded":4,"win_rate":0,"timestamp":1556491160,"path_taken":["M","?","?","?","M","R","E","R","T","?","R","M","E","M","R","BOSS","M","M","$","?"],"build_version":"2019-01-23","purchased_purges":2,"victory":false,"max_hp_per_floor":[75,75,75,75,75,75,75,75,75,75,75,75,75,75,75,75,75,75,75,75,75],"card_choices":[{"not_picked":["Blizzard","Aggregate"],"picked":"BootSequence","floor":1},{"not_picked":["Aggregate","Steam"],"picked":"Leap","floor":5},{"not_picked":["Heatsinks","Lockon"],"picked":"Consume","floor":7},{"not_picked":["Recycle","Go for the Eyes","Leap"],"picked":"SKIP","floor":12},{"not_picked":["Leap","Beam Cell"],"picked":"Loop","floor":13},{"not_picked":["Reprogram+1","Consume+1"],"picked":"Amplify+1","floor":14},{"not_picked":["Amplify+1","Hyperbeam"],"picked":"Machine Learning","floor":16},{"not_picked":["Rebound","Barrage"],"picked":"Reinforced Body+1","floor":18},{"not_picked":["Go for the Eyes+1","Stack+1"],"picked":"Steam+1","floor":19}],"player_experience":337964,"relics_obtained":[{"floor":7,"key":"Orichalcum"},{"floor":9,"key":"MawBank"},{"floor":13,"key":"Toxic Egg 2"}],"event_choices":[{"damage_healed":0,"gold_gain":0,"player_choice":"Grow","damage_taken":0,"max_hp_gain":0,"max_hp_loss":0,"event_name":"Living Wall","floor":2,"gold_loss":0,"cards_upgraded":["Zap"]},{"damage_healed":0,"gold_gain":0,"player_choice":"Box","damage_taken":0,"relics_obtained":["Centennial Puzzle"],"max_hp_gain":0,"max_hp_loss":0,"event_name":"Big Fish","floor":3,"gold_loss":0,"cards_obtained":["Regret"]}],"is_beta":false,"boss_relics":[{"not_picked":["Coffee Dripper","Tiny House"],"picked":"Velvet Choker"}],"items_purged_floors":[4,20],"is_endless":false,"potions_floor_spawned":[1,7,12,13,19],"killed_by":"3 Cultists","ascension_level":12}