{"gold_per_floor":[117,192,210,1,1,32,32,61,87,87,87,6,25,45,45,124,124,135,135,60,75,75,75,104,104,104,19,35,35],"floor_reached":29,"playtime":856,"items_purged":["Shame"],"score":461,"play_id":"e0913965-a906-4389-b9d9-65289559ccbc","local_time":"20190513005228","is_ascension_mode":true,"campfire_choices":[{"floor":7.0,"key":"REST"},{"data":"Survivor","floor":10.0,"key":"SMITH"},{"floor":15.0,"key":"REST"},{"floor":23.0,"key":"REST"}],"neow_cost":"CURSE","seed_source_timestamp":1328694445747991,"circlet_count":0,"master_deck":["AscendersBane","Defend_G+1","Defend_G","Defend_G+1","Defend_G","Defend_G","Strike_G","Strike_G","Survivor+1","Neutralize","Backstab","Bane","Predator","Backflip","Footwork+1","Dagger Spray","All Out Attack","Deflect","Dodge and Roll","Prepared","Calculated Gamble","Corpse Explosion","Leg Sweep","PiercingWail","Distraction+1","Deadly Poison","PiercingWail","Crippling Poison+1"],"special_seed":0,"relics":["Ring of the Snake","Tingsha","Dream Catcher","Strawberry","War Paint","Bag of Preparation","Empty Cage","Darkstone Periapt","Kunai"],"potions_floor_usage":[29],"damage_taken":[{"damage":3.0,"enemies":"Jaw Worm","floor":1.0,"turns":6.0},{"damage":2.0,"enemies":"Small Slimes","floor":3.0,"turns":3.0},{"damage":22.0,"enemies":"Gremlin Nob","floor":6.0,"turns":4.0},{"damage":9.0,"enemies":"3 Sentries","floor":8.0,"turns":6.0},{"damage":0.0,"enemies":"2 Louse","floor":13.0,"turns":2.0},{"damage":9.0,"enemies":"Blue Slaver","floor":14.0,"turns":3.0},{"damage":28.0,"enemies":"Slime Boss","floor":16.0,"turns":11.0},{"damage":0.0,"enemies":"3 Byrds","floor":18.0,"turns":2.0},{"damage":22.0,"enemies":"2 Thieves","floor":21.0,"turns":3.0},{"damage":33.0,"enemies":"Book of Stabbing","floor":24.0,"turns":10.0},{"damage":13.0,"enemies":"Snake Plant","floor":28.0,"turns":8.0},{"damage":23,"enemies":"Snecko","floor":29,"turns":6}],"seed_played":"2133141666567896706","potions_obtained":[{"floor":3.0,"key":"Dexterity Potion"},{"floor":6.0,"key":"Strength Potion"},{"floor":14.0,"key":"AttackPotion"},{"floor":16.0,"key":"GhostInAJar"},{"floor":21.0,"key":"Fire Potion"}],"is_trial":false,"path_per_floor":["M","?","M","$","?","E","R","E","T","R","?","$","M","M","R","B",null,"M","?","?","M","$","R","E","?","T","$","M","M"],"character_chosen":"THE_SILENT","items_purchased":["Predator","Backflip","Deflect","Dodge and Roll","Deadly Poison","PiercingWail"],"campfire_rested":3,"item_purchase_floors":[4,4,12,12,27,27],"current_hp_per_floor":[56,45,43,43,38,23,44,35,35,35,35,35,35,26,47,19,60,60,60,60,38,38,59,26,26,26,26,13,0],"gold":35,"neow_bonus":"ONE_RARE_RELIC","is_prod":false,"is_daily":false,"chose_seed":false,"campfire_upgraded":1,"win_rate":0,"timestamp":1557726748,"path_taken":["M","?","M","$","?","E","R","E","T","R","?","$","M","M","R","BOSS","M","?","?","M","?","R","E","?","T","$","?","M"],"build_version":"2019-01-23","purchased_purges":1,"victory":false,"max_hp_per_floor":[66,66,66,66,66,73,73,73,73,73,73,73,73,73,73,73,73,73,73,73,73,73,73,73,73,73,73,73,73],"card_choices":[{"not_picked":["Accuracy","Distraction"],"picked":"Backstab","floor":1.0},{"not_picked":["Catalyst","Setup"],"picked":"Bane","floor":3.0},{"not_picked":["Slice","Flying Knee"],"picked":"Footwork","floor":6.0},{"not_picked":["Blade Dance","Crippling Poison"],"picked":"Dagger Spray","floor":7.0},{"not_picked":["Flying Knee","Phantasmal Killer"],"picked":"All Out Attack","floor":8.0},{"not_picked":["Cloak And Dagger","Dodge and Roll"],"picked":"Prepared","floor":13.0},{"not_picked":["Footwork","Cloak And Dagger","Outmaneuver"],"picked":"SKIP","floor":14.0},{"not_picked":["Heel Hook","Prepared"],"picked":"Calculated Gamble","floor":15.0},{"not_picked":["Grand Finale","Doppelganger"],"picked":"Corpse Explosion","floor":16.0},{"not_picked":["Cloak And Dagger","Endless Agony","Backflip"],"picked":"SKIP","floor":18.0},{"not_picked":["Bane","Footwork"],"picked":"PiercingWail","floor":21.0},{"not_picked":["Reflex","Riddle With Holes"],"picked":"Distraction+1","floor":24.0},{"not_picked":["Tactician","Accuracy+1"],"picked":"Crippling Poison+1","floor":28.0}],"player_experience":412845,"relics_obtained":[{"floor":6.0,"key":"Strawberry"},{"floor":8.0,"key":"War Paint"},{"floor":9.0,"key":"Bag of Preparation"},{"floor":24.0,"key":"Darkstone Periapt"},{"floor":26.0,"key":"Kunai"}],"event_choices":[{"damage_healed":0.0,"max_hp_gain":0.0,"max_hp_loss":0.0,"gold_gain":75.0,"event_name":"World of Goop","player_choice":"Gather Gold","floor":2.0,"gold_loss":0.0,"damage_taken":11.0},{"damage_healed":0.0,"max_hp_gain":0.0,"max_hp_loss":0.0,"gold_gain":0.0,"event_name":"Scrap Ooze","player_choice":"Success","floor":5.0,"gold_loss":0.0,"damage_taken":5.0,"relics_obtained":["Dream Catcher"]},{"damage_healed":0.0,"max_hp_gain":0.0,"max_hp_loss":0.0,"gold_gain":0.0,"event_name":"Living Wall","player_choice":"Grow","floor":11.0,"gold_loss":0.0,"damage_taken":0.0,"cards_upgraded":["Footwork"]},{"damage_healed":0.0,"max_hp_gain":0.0,"max_hp_loss":0.0,"gold_gain":0.0,"event_name":"The Library","player_choice":"Read","floor":19.0,"gold_loss":0.0,"damage_taken":0.0,"cards_obtained":["Leg Sweep"]},{"cards_removed":["Strike_G"],"damage_healed":0.0,"max_hp_gain":0.0,"max_hp_loss":0.0,"gold_gain":0.0,"event_name":"Beggar","player_choice":"Gave Gold","floor":20.0,"gold_loss":75.0,"damage_taken":0.0},{"damage_healed":0.0,"max_hp_gain":0.0,"max_hp_loss":0.0,"gold_gain":0.0,"event_name":"Vampires","player_choice":"Ignored","floor":25.0,"gold_loss":0.0,"damage_taken":0.0}],"is_beta":false,"boss_relics":[{"not_picked":["Philosopher\u0027s Stone","Coffee Dripper"],"picked":"Empty Cage"}],"items_purged_floors":[4],"is_endless":false,"potions_floor_spawned":[3,6,14,16,21],"killed_by":"Snecko","ascension_level":17}