{"gold_per_floor":[15,30,30,30,49,49,83,83,83,97,24,24,24,24,24,144,144,144,69,69],"floor_reached":20,"playtime":815,"items_purged":[],"score":172,"play_id":"859b16c5-d1d8-498c-8d89-98d699cfa018","local_time":"20190519015529","is_ascension_mode":false,"campfire_choices":[{"data":"Loop","floor":6,"key":"SMITH"},{"data":"Multi-Cast","floor":8,"key":"SMITH"},{"floor":15,"key":"REST"}],"neow_cost":"NO_GOLD","seed_source_timestamp":230104426565550,"circlet_count":0,"master_deck":["Strike_B","Strike_B","Strike_B","Strike_B","Defend_B","Defend_B","Defend_B","Defend_B","Zap","Dualcast","Multi-Cast+1","Genetic Algorithm","Redo","Injury","Loop+1","Cold Snap","Darkness","Defragment","Echo Form","Rebound+1","Barrage+1"],"relics":["Cracked Core","Golden Idol","Shuriken","Dodecahedron","Ectoplasm"],"potions_floor_usage":[],"damage_taken":[{"damage":6,"enemies":"Jaw Worm","floor":1,"turns":3},{"damage":2,"enemies":"Small Slimes","floor":2,"turns":3},{"damage":0,"enemies":"2 Louse","floor":5,"turns":2},{"damage":49,"enemies":"3 Sentries","floor":7,"turns":9},{"damage":13,"enemies":"2 Fungi Beasts","floor":10,"turns":3},{"damage":11,"enemies":"Hexaghost","floor":16,"turns":7},{"damage":15,"enemies":"3 Byrds","floor":18,"turns":6},{"damage":41,"enemies":"2 Thieves","floor":19,"turns":4},{"damage":19,"enemies":"3 Cultists","floor":20,"turns":3}],"seed_played":"660452150810636760","potions_obtained":[{"floor":2,"key":"AttackPotion"},{"floor":5,"key":"EssenceOfSteel"},{"floor":10,"key":"Energy Potion"}],"is_trial":false,"path_per_floor":["M","M","?","?","M","R","E","R","T","M","$","?","$","?","R","B",null,"M","M","M"],"character_chosen":"DEFECT","items_purchased":["Defragment"],"campfire_rested":1,"item_purchase_floors":[11],"current_hp_per_floor":[69,67,67,75,75,75,26,26,26,13,13,13,13,13,35,24,75,60,19,0],"gold":69,"neow_bonus":"THREE_RARE_CARDS","is_prod":false,"is_daily":false,"chose_seed":false,"campfire_upgraded":2,"win_rate":0,"timestamp":1558256129,"path_taken":["M","M","?","?","M","R","E","R","T","M","$","?","$","?","R","BOSS","M","M","M"],"build_version":"2019-01-23","purchased_purges":0,"victory":false,"max_hp_per_floor":[75,75,75,75,75,75,75,75,75,75,75,75,75,75,75,75,75,75,75,75],"card_choices":[{"not_picked":["Biased Cognition","All For One"],"picked":"Multi-Cast","floor":0},{"not_picked":["Leap","Beam Cell"],"picked":"Genetic Algorithm","floor":1},{"not_picked":["Chill","Auto Shields"],"picked":"Redo","floor":2},{"not_picked":["Recycle","White Noise"],"picked":"Loop","floor":5},{"not_picked":["Hologram","Leap"],"picked":"Cold Snap","floor":7},{"not_picked":["Scrape","Aggregate"],"picked":"Darkness","floor":10},{"not_picked":["Reboot","Biased Cognition"],"picked":"Echo Form","floor":16},{"not_picked":["Force Field","Melter"],"picked":"Rebound+1","floor":18},{"not_picked":["Hello World","Gash"],"picked":"Barrage+1","floor":19}],"player_experience":179564,"relics_obtained":[{"floor":7,"key":"Shuriken"},{"floor":9,"key":"Dodecahedron"}],"event_choices":[{"damage_healed":0,"gold_gain":0,"player_choice":"Take Wound","damage_taken":0,"relics_obtained":["Golden Idol"],"max_hp_gain":0,"max_hp_loss":0,"event_name":"Golden Idol","floor":3,"gold_loss":0,"cards_obtained":["Injury"]},{"damage_healed":25,"gold_gain":0,"player_choice":"Banana","damage_taken":0,"max_hp_gain":0,"max_hp_loss":0,"event_name":"Big Fish","floor":4,"gold_loss":0},{"damage_healed":0,"gold_gain":0,"player_choice":"Searched \u00270\u0027 times","damage_taken":0,"max_hp_gain":0,"max_hp_loss":0,"event_name":"Dead Adventurer","floor":12,"gold_loss":0},{"damage_healed":0,"gold_gain":0,"player_choice":"Ignored","damage_taken":0,"max_hp_gain":0,"max_hp_loss":0,"event_name":"Golden Wing","floor":14,"gold_loss":0}],"is_beta":false,"boss_relics":[{"not_picked":["Calling Bell","Astrolabe"],"picked":"Ectoplasm"}],"items_purged_floors":[],"is_endless":false,"potions_floor_spawned":[2,5,10,19],"killed_by":"3 Cultists","ascension_level":0}