{"gold_per_floor":[117,117,129,142,142,142,176,187,214,214,39,70,70,97,109,121],"floor_reached":16,"playtime":342,"items_purged":["Strike_R"],"score":171,"play_id":"4d472632-0c81-47c1-8a3e-3e7ba65044eb","local_time":"20190415130458","is_ascension_mode":true,"campfire_choices":[{"data":"Armaments","floor":6,"key":"SMITH"},{"floor":15,"key":"REST"}],"neow_cost":"NONE","seed_source_timestamp":431128119774185,"circlet_count":0,"master_deck":["AscendersBane","Strike_R","Strike_R+1","Strike_R","Defend_R","Defend_R","Defend_R","Defend_R","Bash+1","Armaments+1","Burning Pact","Flex","Iron Wave","Corruption","Thunderclap","Seeing Red","Shrug It Off","Bludgeon"],"relics":["Burning Blood","NeowsBlessing","Bag of Marbles","Strawberry","Golden Idol","Oddly Smooth Stone","MawBank"],"potions_floor_usage":[12,12,14],"damage_taken":[{"damage":0,"enemies":"2 Louse","floor":1,"turns":1},{"damage":0,"enemies":"Cultist","floor":3,"turns":1},{"damage":0,"enemies":"Jaw Worm","floor":4,"turns":1},{"damage":41,"enemies":"Lagavulin","floor":7,"turns":8},{"damage":9,"enemies":"Large Slime","floor":8,"turns":5},{"damage":19,"enemies":"Gremlin Nob","floor":12,"turns":4},{"damage":5,"enemies":"Looter","floor":14,"turns":4},{"damage":48,"enemies":"Hexaghost","floor":16,"turns":9}],"seed_played":"9062125711365225711","potions_obtained":[{"floor":4,"key":"Swift Potion"},{"floor":7,"key":"Block Potion"},{"floor":12,"key":"BloodPotion"}],"is_trial":false,"path_per_floor":["M","?","M","M","?","R","E","M","T","?","$","E","?","M","R","B"],"character_chosen":"IRONCLAD","items_purchased":["Thunderclap","Seeing Red"],"campfire_rested":1,"item_purchase_floors":[11,11],"current_hp_per_floor":[78,78,80,80,64,64,29,26,33,33,33,20,13,22,46,0],"gold":121,"neow_bonus":"THREE_ENEMY_KILL","is_prod":false,"is_daily":false,"chose_seed":false,"campfire_upgraded":1,"win_rate":0,"timestamp":1555351498,"path_taken":["M","?","M","?","?","R","E","M","T","?","?","E","?","M","R","BOSS"],"build_version":"2019-01-23","purchased_purges":1,"victory":false,"max_hp_per_floor":[80,80,80,80,80,80,80,80,87,81,81,81,81,81,81,81],"card_choices":[{"not_picked":["Intimidate","Warcry"],"picked":"Armaments","floor":1},{"not_picked":["Anger","Heavy Blade"],"picked":"Burning Pact","floor":3},{"not_picked":["Havoc","Twin Strike"],"picked":"Flex","floor":4},{"not_picked":["Battle Trance","Rupture"],"picked":"Iron Wave","floor":7},{"not_picked":["Rage","Headbutt"],"picked":"Corruption","floor":8},{"not_picked":["Rage","Flex"],"picked":"Shrug It Off","floor":12},{"not_picked":["Blood for Blood","Wild Strike"],"picked":"Bludgeon","floor":14}],"player_experience":318246,"relics_obtained":[{"floor":7,"key":"Bag of Marbles"},{"floor":9,"key":"Strawberry"},{"floor":12,"key":"Oddly Smooth Stone"}],"event_choices":[{"cards_removed":["Strike_R"],"damage_healed":0,"gold_gain":0,"player_choice":"Purged","damage_taken":0,"max_hp_gain":0,"max_hp_loss":0,"event_name":"Purifier","floor":2,"gold_loss":0},{"damage_healed":0,"gold_gain":0,"player_choice":"Entered Light","damage_taken":16,"max_hp_gain":0,"max_hp_loss":0,"event_name":"Shining Light","floor":5,"gold_loss":0,"cards_upgraded":["Bash","Strike_R"]},{"damage_healed":0,"gold_gain":0,"player_choice":"Lose Max HP","damage_taken":0,"relics_obtained":["Golden Idol"],"max_hp_gain":0,"max_hp_loss":6,"event_name":"Golden Idol","floor":10,"gold_loss":0},{"damage_healed":0,"gold_gain":0,"player_choice":"Success","damage_taken":7,"relics_obtained":["MawBank"],"max_hp_gain":0,"max_hp_loss":0,"event_name":"Scrap Ooze","floor":13,"gold_loss":0}],"is_beta":false,"boss_relics":[],"items_purged_floors":[11],"is_endless":false,"potions_floor_spawned":[4,7,12],"killed_by":"Hexaghost","ascension_level":11}