{"gold_per_floor":[109,10,10,10,10,35,35,64,143,17,32,66,85,98,98,196,196,210,135,35,35,59,90,90,104,104,104,115,115,132,164,164,264,264,279,295,315,315,11,11,29,55,55,55,72,2,2,2,2,2],"floor_reached":51,"playtime":1836,"items_purged":["Strike_R","Strike_R"],"score":891,"play_id":"9aa8c6f9-75bb-4df4-a9cf-969f376ac022","local_time":"20190312180958","is_ascension_mode":true,"campfire_choices":[{"data":"Shrug It Off","floor":7,"key":"SMITH"},{"data":"True Grit","floor":15,"key":"SMITH"},{"floor":24,"key":"REST"},{"data":"Corruption","floor":29,"key":"SMITH"},{"floor":32,"key":"REST"},{"data":"Warcry","floor":40,"key":"SMITH"},{"floor":49,"key":"REST"}],"neow_cost":"NONE","seed_source_timestamp":1785806944781875,"circlet_count":0,"master_deck":["Strike_R+1","Strike_R+1","Defend_R","Defend_R","Defend_R","Bash","Twin Strike","Shrug It Off+1","Thunderclap","Intimidate","Evolve","True Grit+1","Infernal Blade","Limit Break","Spot Weakness","True Grit","Fiend Fire","Spot Weakness","Armaments","Feel No Pain","Havoc","Cleave","Warcry+1","Necronomicurse","True Grit+1","Corruption+1","Shockwave+1","Intimidate","Dual Wield","Immolate","Shrug It Off+1","Impervious","Warcry+1","Disarm"],"relics":["Burning Blood","NeowsBlessing","Paper Frog","Self Forming Clay","Mummified Hand","Potion Belt","Orrery","Necronomicon","Red Skull","Pen Nib","Sundial","Shovel","Busted Crown","Unceasing Top","Calipers","Frozen Egg 2","Gremlin Horn"],"potions_floor_usage":[8,12,16,23,23,23,31,33,33,42],"damage_taken":[{"damage":0,"enemies":"2 Louse","floor":1,"turns":1},{"damage":0,"enemies":"Lagavulin","floor":6,"turns":2},{"damage":0,"enemies":"Gremlin Nob","floor":8,"turns":1},{"damage":12,"enemies":"Jaw Worm","floor":11,"turns":3},{"damage":10,"enemies":"3 Sentries","floor":12,"turns":3},{"damage":6,"enemies":"Cultist","floor":13,"turns":4},{"damage":13,"enemies":"Blue Slaver","floor":14,"turns":3},{"damage":34,"enemies":"Slime Boss","floor":16,"turns":11},{"damage":19,"enemies":"Shell Parasite","floor":18,"turns":7},{"damage":45,"enemies":"Slavers","floor":23,"turns":7},{"damage":11,"enemies":"3 Byrds","floor":25,"turns":6},{"damage":0,"enemies":"Snake Plant","floor":28,"turns":2},{"damage":4,"enemies":"Sentry and Sphere","floor":30,"turns":5},{"damage":14,"enemies":"Gremlin Leader","floor":31,"turns":5},{"damage":12,"enemies":"Champ","floor":33,"turns":12},{"damage":35,"enemies":"3 Darklings","floor":35,"turns":6},{"damage":3,"enemies":"3 Shapes","floor":36,"turns":1},{"damage":22,"enemies":"Maw","floor":37,"turns":6},{"damage":14,"enemies":"3 Darklings","floor":41,"turns":4},{"damage":8,"enemies":"Giant Head","floor":42,"turns":4},{"damage":8,"enemies":"4 Shapes","floor":45,"turns":2},{"damage":31,"enemies":"Awakened One","floor":50,"turns":7}],"seed_played":"-6799834802321967022","potions_obtained":[{"floor":5,"key":"Dexterity Potion"},{"floor":5,"key":"SkillPotion"},{"floor":5,"key":"SkillPotion"},{"floor":11,"key":"EssenceOfSteel"},{"floor":12,"key":"Strength Potion"},{"floor":13,"key":"SkillPotion"},{"floor":14,"key":"AttackPotion"},{"floor":28,"key":"LiquidBronze"},{"floor":30,"key":"Explosive Potion"},{"floor":35,"key":"Poison Potion"},{"floor":42,"key":"SmokeBomb"}],"is_trial":false,"path_per_floor":["M","$","?","$","?","E","R","E","T","$","M","E","M","M","R","B",null,"M","?","$","?","T","E","R","M","T","$","M","R","M","E","R","B",null,"M","M","M","?","$","R","M","E","T","?","M","$","$","T","R","B",null],"character_chosen":"IRONCLAD","items_purchased":["Shrug It Off","Evolve","True Grit","Unceasing Top","Disarm"],"campfire_rested":3,"item_purchase_floors":[2,10,10,39,46],"current_hp_per_floor":[80,80,64,64,64,70,70,76,76,76,70,66,66,59,59,31,80,67,67,67,51,51,12,36,31,31,31,37,37,39,31,55,49,80,51,54,38,38,38,38,30,28,28,28,26,26,26,26,50,25],"gold":2,"neow_bonus":"THREE_ENEMY_KILL","is_prod":false,"is_daily":false,"chose_seed":false,"campfire_upgraded":4,"win_rate":0,"timestamp":1552432198,"path_taken":["M","$","?","?","?","E","R","E","T","$","?","E","M","M","R","BOSS","M","?","$","?","?","E","R","M","T","$","M","R","M","E","R","BOSS","M","M","M","?","?","R","?","E","T","?","M","?","$","?","R","BOSS"],"build_version":"2019-01-23","purchased_purges":2,"victory":true,"max_hp_per_floor":[80,80,80,80,80,80,80,80,80,80,80,80,80,80,80,80,80,80,80,80,80,80,80,80,80,80,80,80,80,80,80,80,80,80,80,80,80,80,80,80,80,80,80,80,80,80,80,80,80,80],"card_choices":[{"not_picked":["Perfected Strike","Sentinel"],"picked":"Twin Strike","floor":1},{"not_picked":["Havoc","Flex"],"picked":"Thunderclap","floor":6},{"not_picked":["Carnage","Rupture"],"picked":"Intimidate","floor":8},{"not_picked":["Warcry","Clothesline"],"picked":"Infernal Blade","floor":11},{"not_picked":["Havoc","Metallicize"],"picked":"Limit Break","floor":12},{"not_picked":["Wild Strike","Combust"],"picked":"Spot Weakness","floor":13},{"not_picked":["Combust","Second Wind"],"picked":"True Grit","floor":14},{"not_picked":["Brutality","Barricade"],"picked":"Fiend Fire","floor":16},{"not_picked":["Reckless Charge","Intimidate"],"picked":"Spot Weakness","floor":17},{"not_picked":["Clash","Intimidate"],"picked":"Armaments","floor":17},{"not_picked":["Pummel","Armaments"],"picked":"Feel No Pain","floor":17},{"not_picked":["True Grit","Heavy Blade"],"picked":"Havoc","floor":17},{"not_picked":["Shrug It Off","Clash"],"picked":"Cleave","floor":17},{"not_picked":["True Grit","Clothesline"],"picked":"Warcry","floor":18},{"not_picked":["Cleave","Fire Breathing"],"picked":"True Grit+1","floor":23},{"not_picked":["Pommel Strike","Body Slam"],"picked":"Corruption","floor":25},{"not_picked":["Anger","Armaments"],"picked":"Shockwave+1","floor":28},{"not_picked":["Sever Soul","Hemokinesis"],"picked":"Intimidate","floor":30},{"not_picked":["Sever Soul+1","Sword Boomerang+1"],"picked":"Dual Wield","floor":31},{"not_picked":["Impervious","Exhume"],"picked":"Immolate","floor":33},{"not_picked":["Wild Strike"],"picked":"SKIP","floor":35},{"not_picked":[],"picked":"Shrug It Off+1","floor":36},{"not_picked":["Clash"],"picked":"SKIP","floor":37},{"not_picked":[],"picked":"Warcry+1","floor":41},{"not_picked":["Berserk"],"picked":"SKIP","floor":42},{"not_picked":["Iron Wave"],"picked":"SKIP","floor":45}],"player_experience":194871,"relics_obtained":[{"floor":6,"key":"Paper Frog"},{"floor":8,"key":"Self Forming Clay"},{"floor":9,"key":"Mummified Hand"},{"floor":12,"key":"Potion Belt"},{"floor":21,"key":"Necronomicon"},{"floor":22,"key":"Red Skull"},{"floor":23,"key":"Pen Nib"},{"floor":26,"key":"Sundial"},{"floor":31,"key":"Shovel"},{"floor":42,"key":"Calipers"},{"floor":43,"key":"Frozen Egg 2"},{"floor":48,"key":"Gremlin Horn"}],"event_choices":[{"damage_healed":0,"gold_gain":0,"player_choice":"Entered Light","damage_taken":16,"max_hp_gain":0,"max_hp_loss":0,"event_name":"Shining Light","floor":3,"gold_loss":0,"cards_upgraded":["Strike_R","Strike_R"]},{"damage_healed":0,"gold_gain":0,"player_choice":"Got Potions","damage_taken":0,"max_hp_gain":0,"max_hp_loss":0,"event_name":"Lab","floor":5,"gold_loss":0},{"cards_removed":["Defend_R"],"damage_healed":0,"gold_gain":0,"player_choice":"Gave Gold","damage_taken":0,"max_hp_gain":0,"max_hp_loss":0,"event_name":"Beggar","floor":19,"gold_loss":75},{"damage_healed":0,"gold_gain":0,"player_choice":"Obtained Book","damage_taken":16,"max_hp_gain":0,"max_hp_loss":0,"event_name":"Cursed Tome","floor":21,"gold_loss":0},{"damage_healed":0,"gold_gain":0,"cards_transformed":["Strike_R"],"player_choice":"Transformed","damage_taken":0,"max_hp_gain":0,"max_hp_loss":0,"event_name":"Transmorgrifier","floor":38,"gold_loss":0,"cards_obtained":["Impervious"]},{"damage_healed":0,"gold_gain":0,"player_choice":"Ignored","damage_taken":0,"max_hp_gain":0,"max_hp_loss":0,"event_name":"Mysterious Sphere","floor":44,"gold_loss":0}],"is_beta":false,"boss_relics":[{"not_picked":["Ectoplasm","Runic Cube"],"picked":"Orrery"},{"not_picked":["Calling Bell","Pandora\u0027s Box"],"picked":"Busted Crown"}],"items_purged_floors":[2,20],"is_endless":false,"potions_floor_spawned":[11,12,13,14,28,30,35,42],"ascension_level":3}