{"gold_per_floor":[117,128,148,113,113,147,163,163],"floor_reached":8,"playtime":343,"items_purged":[],"score":75,"play_id":"d980fb24-9ae4-4e08-929d-b0e2763c1260","local_time":"20190314142108","is_ascension_mode":true,"campfire_choices":[],"neow_cost":"NONE","seed_source_timestamp":89598843698497,"circlet_count":0,"master_deck":["Strike_R","Strike_R","Strike_R","Strike_R","Defend_R","Defend_R","Defend_R","Defend_R","Bash","True Grit","Whirlwind","Burning Pact","Rupture","Corruption","Thunderclap"],"relics":["Burning Blood","Centennial Puzzle","Pen Nib"],"potions_floor_usage":[6,6,6],"damage_taken":[{"damage":7,"enemies":"Jaw Worm","floor":1,"turns":4},{"damage":7,"enemies":"2 Louse","floor":2,"turns":3},{"damage":14,"enemies":"Cultist","floor":3,"turns":5},{"damage":28,"enemies":"3 Sentries","floor":6,"turns":10},{"damage":10,"enemies":"2 Fungi Beasts","floor":7,"turns":3},{"damage":66,"enemies":"Lagavulin","floor":8,"turns":9}],"seed_played":"7360953612262832074","potions_obtained":[{"floor":1,"key":"SkillPotion"},{"floor":2,"key":"PowerPotion"},{"floor":3,"key":"Regen Potion"}],"is_trial":false,"path_per_floor":["M","M","M","?","?","E","M","E"],"character_chosen":"IRONCLAD","items_purchased":[],"campfire_rested":0,"item_purchase_floors":[],"current_hp_per_floor":[71,70,62,80,80,73,69,3],"gold":163,"neow_bonus":"RANDOM_COMMON_RELIC","is_prod":false,"is_daily":false,"chose_seed":false,"campfire_upgraded":0,"win_rate":0,"timestamp":1552591268,"path_taken":["M","M","M","?","?","E","M","E"],"build_version":"2019-01-23","purchased_purges":0,"victory":false,"max_hp_per_floor":[80,80,80,80,80,80,80,80],"card_choices":[{"not_picked":["Burning Pact","Entrench"],"picked":"True Grit","floor":1},{"not_picked":["Anger","Infernal Blade"],"picked":"Whirlwind","floor":2},{"not_picked":["Body Slam","Rampage"],"picked":"Burning Pact","floor":3},{"not_picked":["Wild Strike","Fire Breathing"],"picked":"Corruption","floor":6},{"not_picked":["Warcry","Pommel Strike"],"picked":"Thunderclap","floor":7}],"player_experience":206545,"relics_obtained":[{"floor":6,"key":"Pen Nib"}],"event_choices":[{"damage_healed":20,"gold_gain":0,"player_choice":"Healed","damage_taken":0,"max_hp_gain":0,"max_hp_loss":0,"event_name":"The Cleric","floor":4,"gold_loss":35},{"damage_healed":0,"gold_gain":0,"cards_transformed":["Strike_R"],"player_choice":"Transformed","damage_taken":0,"max_hp_gain":0,"max_hp_loss":0,"event_name":"Transmorgrifier","floor":5,"gold_loss":0,"cards_obtained":["Rupture"]}],"is_beta":false,"boss_relics":[],"items_purged_floors":[],"is_endless":false,"potions_floor_spawned":[1,2,3],"killed_by":"Lagavulin","ascension_level":6}