{"gold_per_floor":[110,128,142,142,157,182,182,182,207,207,217,252,252,265,265,360,360,372,141,141,141,56,75,75,134,134,134],"floor_reached":27,"playtime":1636,"items_purged":["Strike_G"],"score":241,"play_id":"ca7e0ffb-baef-4147-9bed-700f977f9a68","local_time":"20190520010833","is_ascension_mode":false,"campfire_choices":[{"data":"Predator","floor":7,"key":"SMITH"},{"floor":10,"key":"REST"},{"data":"After Image","floor":13,"key":"SMITH"},{"floor":15,"key":"REST"},{"floor":24,"key":"REST"}],"neow_cost":"NONE","seed_source_timestamp":260729879761195,"circlet_count":0,"master_deck":["Defend_G","Defend_G","Defend_G","Defend_G","Defend_G","Strike_G","Strike_G","Strike_G","Strike_G","Survivor","Neutralize+1","Doppelganger","Unload","Blur","Underhanded Strike","Predator+1","Acrobatics","After Image+1","Dagger Spray","Phantasmal Killer","Skewer","Well Laid Plans","Leg Sweep"],"relics":["Ring of the Snake","Snake Skull","PreservedInsect","Dream Catcher","Happy Flower","Busted Crown","MutagenicStrength","Omamori","Tiny Chest","Bottled Flame"],"potions_floor_usage":[],"damage_taken":[{"damage":5,"enemies":"2 Louse","floor":1,"turns":5},{"damage":0,"enemies":"Small Slimes","floor":2,"turns":4},{"damage":0,"enemies":"Cultist","floor":3,"turns":4},{"damage":7,"enemies":"Looter","floor":5,"turns":3},{"damage":26,"enemies":"3 Sentries","floor":6,"turns":8},{"damage":0,"enemies":"Blue Slaver","floor":11,"turns":4},{"damage":4,"enemies":"Gremlin Nob","floor":12,"turns":3},{"damage":4,"enemies":"Red Slaver","floor":14,"turns":3},{"damage":63,"enemies":"Slime Boss","floor":16,"turns":15},{"damage":21,"enemies":"2 Thieves","floor":18,"turns":3},{"damage":23,"enemies":"Colosseum Slavers","floor":20,"turns":6},{"damage":0,"enemies":"3 Byrds","floor":23,"turns":4},{"damage":16,"enemies":"Slavers","floor":25,"turns":4},{"damage":35,"enemies":"Gremlin Leader","floor":27,"turns":7}],"seed_played":"2018773686584378638","potions_obtained":[{"floor":1,"key":"FearPotion"},{"floor":2,"key":"Regen Potion"},{"floor":14,"key":"Dexterity Potion"},{"floor":16,"key":"GhostInAJar"}],"is_trial":false,"path_per_floor":["M","M","M","?","M","E","R","?","T","R","M","E","R","M","R","B",null,"M","$","?","?","?","M","R","E","T","E"],"character_chosen":"THE_SILENT","items_purchased":["Skewer","Well Laid Plans"],"campfire_rested":3,"item_purchase_floors":[19,19],"current_hp_per_floor":[65,65,65,65,58,32,32,32,32,53,53,49,49,45,66,3,70,49,49,26,26,26,26,47,31,31,0],"gold":134,"neow_bonus":"ONE_RANDOM_RARE_CARD","is_prod":false,"is_daily":false,"chose_seed":false,"campfire_upgraded":2,"win_rate":0,"timestamp":1558339713,"path_taken":["M","M","M","?","M","E","R","?","T","R","M","E","R","M","R","BOSS","M","$","?","?","?","M","R","E","T","E"],"build_version":"2019-01-23","purchased_purges":1,"victory":false,"max_hp_per_floor":[70,70,70,70,70,70,70,70,70,70,70,70,70,70,70,70,70,70,70,70,70,70,70,70,70,70,70],"card_choices":[{"not_picked":["Dodge and Roll","Bane","Slice"],"picked":"SKIP","floor":1},{"not_picked":["Dagger Throw","Slice"],"picked":"Unload","floor":2},{"not_picked":["Poisoned Stab","All Out Attack"],"picked":"Blur","floor":3},{"not_picked":["Poisoned Stab","Prepared"],"picked":"Underhanded Strike","floor":5},{"not_picked":["Night Terror","Infinite Blades"],"picked":"Predator","floor":6},{"not_picked":["Dagger Throw","Flying Knee"],"picked":"Acrobatics","floor":10},{"not_picked":["Acrobatics","Bullet Time","Poisoned Stab"],"picked":"SKIP","floor":11},{"not_picked":["Dodge and Roll","Dagger Spray"],"picked":"After Image","floor":12},{"not_picked":["Catalyst","Backstab","Deadly Poison"],"picked":"SKIP","floor":14},{"not_picked":["Acrobatics","Backflip"],"picked":"Dagger Spray","floor":15},{"not_picked":["Night Terror","Tools of the Trade"],"picked":"Phantasmal Killer","floor":16},{"not_picked":["Cloak And Dagger"],"picked":"SKIP","floor":18},{"not_picked":["PiercingWail"],"picked":"SKIP","floor":23},{"not_picked":[],"picked":"Leg Sweep","floor":24},{"not_picked":["Grand Finale"],"picked":"SKIP","floor":25}],"player_experience":203593,"relics_obtained":[{"floor":6,"key":"Snake Skull"},{"floor":9,"key":"Dream Catcher"},{"floor":12,"key":"Happy Flower"},{"floor":25,"key":"Tiny Chest"},{"floor":26,"key":"Bottled Flame"}],"event_choices":[{"damage_healed":0,"gold_gain":0,"player_choice":"Grow","damage_taken":0,"max_hp_gain":0,"max_hp_loss":0,"event_name":"Living Wall","floor":4,"gold_loss":0,"cards_upgraded":["Neutralize"]},{"damage_healed":0,"gold_gain":0,"player_choice":"Searched \u00271\u0027 times","damage_taken":0,"relics_obtained":["PreservedInsect"],"max_hp_gain":0,"max_hp_loss":0,"event_name":"Dead Adventurer","floor":8,"gold_loss":0},{"damage_healed":0,"gold_gain":0,"player_choice":"Fight","damage_taken":0,"max_hp_gain":0,"max_hp_loss":0,"event_name":"Colosseum","floor":20,"gold_loss":0},{"damage_healed":0,"gold_gain":0,"player_choice":"Fled From Nobs","damage_taken":0,"max_hp_gain":0,"max_hp_loss":0,"event_name":"Colosseum","floor":20,"gold_loss":0},{"damage_healed":0,"gold_gain":0,"player_choice":"Inject Mutagens","damage_taken":0,"relics_obtained":["MutagenicStrength"],"max_hp_gain":0,"max_hp_loss":0,"event_name":"Drug Dealer","floor":21,"gold_loss":0},{"damage_healed":0,"gold_gain":0,"player_choice":"Obtained Relic","damage_taken":0,"relics_obtained":["Omamori"],"max_hp_gain":0,"max_hp_loss":0,"event_name":"Addict","floor":22,"gold_loss":85}],"is_beta":false,"boss_relics":[{"not_picked":["Empty Cage","Pandora\u0027s Box"],"picked":"Busted Crown"}],"items_purged_floors":[19],"is_endless":false,"potions_floor_spawned":[1,2,14,16,18,20,25],"killed_by":"Gremlin Leader","ascension_level":0}