{"gold_per_floor":[118,293,179,195,272,305,305,335,358,368,384,384,399,424,424,525,525,539,159,170,45,61,61,88,105,105,105,105,105,7,19,19,122,122,133,233,250,260,260],"floor_reached":39,"playtime":1295,"items_purged":["Doubt","Strike_B","Strike_B"],"score":691,"play_id":"483612ab-3755-42ea-a802-dca8a482b7ad","local_time":"20190320023813","is_ascension_mode":true,"campfire_choices":[{"data":"Sunder","floor":7,"key":"SMITH"},{"data":"Redo","floor":12,"key":"SMITH"},{"floor":15,"key":"REST"},{"data":"Echo Form","floor":23,"key":"SMITH"},{"data":"Zap","floor":27,"key":"SMITH"},{"data":"Loop","floor":29,"key":"SMITH"},{"data":"Electrodynamics","floor":32,"key":"SMITH"}],"neow_cost":"NONE","seed_source_timestamp":266858561484001,"circlet_count":0,"master_deck":["AscendersBane","Strike_B+1","Strike_B+1","Defend_B","Defend_B","Defend_B","Defend_B","Zap+1","Streamline","Sunder+1","BootSequence","Leap","Electrodynamics+1","Steam Power","Redo+1","Go for the Eyes","Glacier","Echo Form+1","Coolheaded","Capacitor","Steam+1","Loop+1","BootSequence+1","Reinforced Body","Self Repair","Cold Snap","Darkness","Seek","Barrage","Consume"],"relics":["Cracked Core","NeowsBlessing","Tiny Chest","Mercury Hourglass","Blood Vial","Happy Flower","Anchor","Runic Pyramid","Letter Opener","Lantern","Whetstone","Black Star"],"potions_floor_usage":[8,8,24,24,33],"damage_taken":[{"damage":0,"enemies":"Small Slimes","floor":1,"turns":1},{"damage":0,"enemies":"Jaw Worm","floor":4,"turns":1},{"damage":0,"enemies":"3 Sentries","floor":6,"turns":1},{"damage":25,"enemies":"Lagavulin","floor":8,"turns":4},{"damage":6,"enemies":"Cultist","floor":10,"turns":3},{"damage":0,"enemies":"3 Louse","floor":11,"turns":2},{"damage":0,"enemies":"Exordium Thugs","floor":13,"turns":3},{"damage":26,"enemies":"Gremlin Nob","floor":14,"turns":4},{"damage":39,"enemies":"The Guardian","floor":16,"turns":11},{"damage":4,"enemies":"Chosen","floor":18,"turns":5},{"damage":0,"enemies":"Spheric Guardian","floor":20,"turns":3},{"damage":0,"enemies":"Centurion and Healer","floor":22,"turns":7},{"damage":17,"enemies":"Slavers","floor":24,"turns":4},{"damage":9,"enemies":"Snecko","floor":25,"turns":5},{"damage":9,"enemies":"Snake Plant","floor":31,"turns":4},{"damage":47,"enemies":"Automaton","floor":33,"turns":12},{"damage":0,"enemies":"Orb Walker","floor":35,"turns":4},{"damage":1,"enemies":"3 Shapes","floor":37,"turns":4},{"damage":33,"enemies":"Jaw Worm Horde","floor":38,"turns":4},{"damage":45,"enemies":"Maw","floor":39,"turns":9}],"seed_played":"-4362250985039409152","potions_obtained":[{"floor":1,"key":"AttackPotion"},{"floor":6,"key":"AttackPotion"},{"floor":13,"key":"Strength Potion"},{"floor":20,"key":"Dexterity Potion"},{"floor":22,"key":"Regen Potion"},{"floor":31,"key":"Explosive Potion"},{"floor":35,"key":"EssenceOfSteel"}],"is_trial":false,"path_per_floor":["M","?","$","M","T","E","R","E","T","M","M","R","M","E","R","B",null,"M","$","M","$","M","R","E","M","T","R","?","R","$","M","R","B",null,"M","?","M","M","M"],"character_chosen":"DEFECT","items_purchased":["Sunder","Capacitor","Letter Opener","Self Repair","Cold Snap"],"campfire_rested":1,"item_purchase_floors":[3,19,19,30,30],"current_hp_per_floor":[68,68,68,68,68,68,68,43,43,39,41,41,43,19,41,4,57,55,55,57,57,59,59,56,49,49,49,49,49,49,49,49,11,59,75,75,75,42,0],"gold":260,"neow_bonus":"THREE_ENEMY_KILL","is_prod":false,"is_daily":false,"chose_seed":false,"campfire_upgraded":6,"win_rate":0,"timestamp":1553067493,"path_taken":["M","?","$","M","?","E","R","E","T","M","M","R","?","E","R","BOSS","M","$","M","$","M","R","E","M","T","R","?","R","?","?","R","BOSS","M","?","?","M","M"],"build_version":"2019-01-23","purchased_purges":3,"victory":false,"max_hp_per_floor":[75,75,75,75,75,75,75,75,75,75,75,75,75,75,75,75,75,75,75,75,75,75,75,75,75,75,75,75,75,75,75,75,75,75,75,75,75,75,75],"card_choices":[{"not_picked":["Tempest","Static Discharge"],"picked":"Streamline","floor":1},{"not_picked":["Ball Lightning","Stack"],"picked":"BootSequence","floor":4},{"not_picked":["Redo","Chaos"],"picked":"Leap","floor":6},{"not_picked":["Auto Shields","Biased Cognition"],"picked":"Electrodynamics","floor":8},{"not_picked":["Sunder","Storm"],"picked":"Steam Power","floor":10},{"not_picked":["Chaos","Sunder"],"picked":"Redo","floor":11},{"not_picked":["Doom and Gloom","Sweeping Beam"],"picked":"Go for the Eyes","floor":13},{"not_picked":["Thunder Strike","Beam Cell"],"picked":"Glacier","floor":14},{"not_picked":["Biased Cognition","Fission"],"picked":"Echo Form","floor":16},{"not_picked":["Streamline","Rebound"],"picked":"Coolheaded","floor":18},{"not_picked":["Rebound+1","Static Discharge"],"picked":"Steam+1","floor":20},{"not_picked":["Gash+1","Static Discharge"],"picked":"Loop","floor":22},{"not_picked":["Chill","Gash"],"picked":"BootSequence+1","floor":24},{"not_picked":["Double Energy","Fission"],"picked":"Reinforced Body","floor":25},{"not_picked":["Hologram","Reinforced Body+1"],"picked":"Darkness","floor":31},{"not_picked":["Core Surge","Machine Learning"],"picked":"Seek","floor":33},{"not_picked":["Self Repair","Force Field","Stack"],"picked":"SKIP","floor":35},{"not_picked":["Self Repair+1","Rebound+1"],"picked":"Barrage","floor":37},{"not_picked":["Conserve Battery","Steam Power+1"],"picked":"Consume","floor":38}],"player_experience":226931,"relics_obtained":[{"floor":5,"key":"Tiny Chest"},{"floor":6,"key":"Mercury Hourglass"},{"floor":8,"key":"Blood Vial"},{"floor":9,"key":"Happy Flower"},{"floor":14,"key":"Anchor"},{"floor":24,"key":"Lantern"},{"floor":26,"key":"Whetstone"}],"event_choices":[{"damage_healed":0,"gold_gain":175,"player_choice":"AGREE","damage_taken":0,"max_hp_gain":0,"max_hp_loss":0,"event_name":"Liars Game","floor":2,"gold_loss":0,"cards_obtained":["Doubt"]},{"cards_removed":["Dualcast"],"damage_healed":0,"gold_gain":0,"player_choice":"Offered Basic","damage_taken":0,"max_hp_gain":0,"max_hp_loss":0,"event_name":"Bonfire Elementals","floor":28,"gold_loss":0},{"damage_healed":0,"gold_gain":100,"player_choice":"Pray","damage_taken":0,"max_hp_gain":0,"max_hp_loss":0,"event_name":"Golden Shrine","floor":36,"gold_loss":0}],"is_beta":false,"boss_relics":[{"not_picked":["Philosopher\u0027s Stone","Pandora\u0027s Box"],"picked":"Runic Pyramid"},{"not_picked":["FrozenCore","Coffee Dripper"],"picked":"Black Star"}],"items_purged_floors":[3,19,21],"is_endless":false,"potions_floor_spawned":[1,6,13,20,22,31,35],"killed_by":"Maw","ascension_level":11}