{"gold_per_floor":[118,118,137,2,12,12,46,59,59,59,59,59,59,90,90,186,186,202,220,220,220,49,79,79,112,112,112,122,122,37,57,57,134,134,150,169,269,287,0,34,34,66,66,101,101,1,1,36,36,36],"floor_reached":51,"playtime":2468,"items_purged":["Strike_G","Strike_G"],"score":1536,"play_id":"acc9e9d0-2503-4cd2-8f3e-8cbea1e43a5a","local_time":"20190521185341","is_ascension_mode":true,"campfire_choices":[{"data":"Noxious Fumes","floor":6,"key":"SMITH"},{"floor":10,"key":"REST"},{"floor":13,"key":"REST"},{"data":"Night Terror","floor":15,"key":"SMITH"},{"floor":24,"key":"REST"},{"data":"Catalyst","floor":27,"key":"SMITH"},{"data":"Crippling Poison","floor":29,"key":"SMITH"},{"floor":32,"key":"REST"},{"floor":41,"key":"REST"},{"data":"Well Laid Plans","floor":45,"key":"SMITH"},{"floor":47,"key":"REST"},{"floor":49,"key":"REST"}],"neow_cost":"NONE","seed_source_timestamp":44068381306120,"circlet_count":0,"master_deck":["AscendersBane","Defend_G","Defend_G","Defend_G","Defend_G","Defend_G","Strike_G","Strike_G+1","Survivor","Neutralize","Poisoned Stab","Skewer+1","Backflip","Noxious Fumes+1","Deadly Poison","Prepared","Well Laid Plans+1","Backflip","Night Terror+1","Malaise","Dash","Crippling Poison+1","Finesse","Dodge and Roll+1","Catalyst+1","Caltrops","Bouncing Flask","Adrenaline","Footwork+1","Acrobatics","Footwork","Deflect+1","Noxious Fumes+1","Catalyst+1"],"relics":["Ring of the Snake","Happy Flower","Mummified Hand","Ornamental Fan","Bloody Idol","Meat on the Bone","Sozu","Gambling Chip","Pear","Shuriken","Gremlin Horn","Black Star","Torii","Red Mask","Sundial","Mercury Hourglass","Blood Vial","Tough Bandages","Blue Candle","Darkstone Periapt","Oddly Smooth Stone","Whetstone","Art of War"],"potions_floor_usage":[7,14,16],"damage_taken":[{"damage":0,"enemies":"Jaw Worm","floor":1,"turns":5},{"damage":0,"enemies":"Cultist","floor":3,"turns":3},{"damage":0,"enemies":"2 Louse","floor":5,"turns":2},{"damage":41,"enemies":"Gremlin Nob","floor":7,"turns":4},{"damage":8,"enemies":"Blue Slaver","floor":8,"turns":3},{"damage":6,"enemies":"3 Sentries","floor":14,"turns":7},{"damage":33,"enemies":"Slime Boss","floor":16,"turns":9},{"damage":9,"enemies":"Shell Parasite","floor":18,"turns":9},{"damage":13,"enemies":"Chosen","floor":19,"turns":6},{"damage":36,"enemies":"Book of Stabbing","floor":23,"turns":8},{"damage":26,"enemies":"Slavers","floor":25,"turns":7},{"damage":13,"enemies":"Sentry and Sphere","floor":28,"turns":4},{"damage":0,"enemies":"Chosen and Byrds","floor":31,"turns":3},{"damage":21,"enemies":"Champ","floor":33,"turns":7},{"damage":0,"enemies":"Orb Walker","floor":35,"turns":2},{"damage":19,"enemies":"3 Darklings","floor":36,"turns":4},{"damage":0,"enemies":"Mind Bloom Boss Battle","floor":37,"turns":4},{"damage":6,"enemies":"Maw","floor":38,"turns":7},{"damage":41,"enemies":"Reptomancer","floor":40,"turns":9},{"damage":1,"enemies":"Nemesis","floor":42,"turns":7},{"damage":19,"enemies":"Giant Head","floor":44,"turns":9},{"damage":45,"enemies":"Nemesis","floor":48,"turns":7},{"damage":1,"enemies":"Donu and Deca","floor":50,"turns":8}],"seed_played":"684225846596029056","potions_obtained":[{"floor":1,"key":"SteroidPotion"},{"floor":7,"key":"PowerPotion"},{"floor":14,"key":"Fire Potion"}],"is_trial":false,"path_per_floor":["M","?","M","$","M","R","E","M","T","R","?","$","R","E","R","B",null,"M","M","?","?","$","E","R","E","T","R","M","R","?","M","R","B",null,"M","M","?","M","?","E","R","E","T","E","R","$","R","E","R","B",null],"character_chosen":"THE_SILENT","items_purchased":["Noxious Fumes","Deadly Poison","Finesse"],"campfire_rested":7,"item_purchase_floors":[4,4,22],"current_hp_per_floor":[59,59,59,59,59,59,18,10,10,29,29,29,47,41,41,20,50,41,40,40,40,40,21,39,40,40,40,44,44,44,49,70,54,66,70,56,61,60,60,36,57,61,61,49,49,49,70,42,63,64],"gold":36,"neow_bonus":"RANDOM_COMMON_RELIC","is_prod":false,"is_daily":false,"chose_seed":false,"campfire_upgraded":5,"win_rate":0,"timestamp":1558482821,"path_taken":["M","?","M","?","M","R","E","M","T","R","?","$","R","E","R","BOSS","M","M","?","?","$","E","R","E","T","R","M","R","?","M","R","BOSS","M","M","?","M","?","E","R","E","T","E","R","?","R","E","R","BOSS"],"build_version":"2019-01-23","purchased_purges":2,"victory":true,"max_hp_per_floor":[66,66,66,66,66,66,66,66,66,66,60,60,60,60,60,60,60,60,60,60,60,60,60,60,70,70,70,70,70,70,70,70,70,70,70,70,70,70,70,70,70,70,70,70,70,70,70,70,70,70],"card_choices":[{"not_picked":["Endless Agony","Acrobatics"],"picked":"Poisoned Stab","floor":1},{"not_picked":["PiercingWail","Deflect"],"picked":"Backflip","floor":3},{"not_picked":["Accuracy","Acrobatics"],"picked":"Prepared","floor":5},{"not_picked":["Infinite Blades","Flying Knee"],"picked":"Well Laid Plans","floor":7},{"not_picked":["Flechettes","Reflex"],"picked":"Backflip","floor":8},{"not_picked":["PiercingWail","Poisoned Stab"],"picked":"Night Terror","floor":14},{"not_picked":["Grand Finale","Unload"],"picked":"Malaise","floor":16},{"not_picked":["Slice","Dodge and Roll"],"picked":"Dash","floor":18},{"not_picked":["Outmaneuver","Prepared"],"picked":"Crippling Poison","floor":19},{"not_picked":["Deflect","Infinite Blades"],"picked":"Dodge and Roll+1","floor":23},{"not_picked":["Concentrate+1","Dagger Spray"],"picked":"Catalyst","floor":25},{"not_picked":["Choke","Blade Dance"],"picked":"Caltrops","floor":28},{"not_picked":["Die Die Die","Eviscerate"],"picked":"Bouncing Flask","floor":31},{"not_picked":["Die Die Die","Doppelganger"],"picked":"Adrenaline","floor":33},{"not_picked":["Dagger Spray+1","Prepared"],"picked":"Footwork+1","floor":35},{"not_picked":["Poisoned Stab","Underhanded Strike"],"picked":"Acrobatics","floor":36},{"not_picked":["Bane","Masterful Stab"],"picked":"Footwork","floor":37},{"not_picked":["Slice","Cloak And Dagger"],"picked":"Deflect+1","floor":38},{"not_picked":["Reflex","Poisoned Stab","Concentrate"],"picked":"SKIP","floor":40},{"not_picked":["Bane","Terror","Riddle With Holes"],"picked":"SKIP","floor":42},{"not_picked":["PiercingWail+1","Grand Finale"],"picked":"Noxious Fumes+1","floor":44},{"not_picked":["Masterful Stab","Deadly Poison"],"picked":"Catalyst+1","floor":48}],"player_experience":443111,"relics_obtained":[{"floor":7,"key":"Mummified Hand"},{"floor":9,"key":"Ornamental Fan"},{"floor":14,"key":"Meat on the Bone"},{"floor":23,"key":"Gambling Chip"},{"floor":25,"key":"Pear"},{"floor":26,"key":"Shuriken"},{"floor":37,"key":"Torii"},{"floor":40,"key":"Sundial"},{"floor":40,"key":"Mercury Hourglass"},{"floor":42,"key":"Blood Vial"},{"floor":42,"key":"Tough Bandages"},{"floor":43,"key":"Blue Candle"},{"floor":44,"key":"Darkstone Periapt"},{"floor":44,"key":"Oddly Smooth Stone"},{"floor":48,"key":"Whetstone"},{"floor":48,"key":"Art of War"}],"event_choices":[{"damage_healed":0,"gold_gain":0,"cards_transformed":["Strike_G"],"player_choice":"Transformed","damage_taken":0,"max_hp_gain":0,"max_hp_loss":0,"event_name":"Transmorgrifier","floor":2,"gold_loss":0,"cards_obtained":["Skewer"]},{"damage_healed":0,"gold_gain":0,"player_choice":"Lose Max HP","damage_taken":0,"relics_obtained":["Golden Idol"],"max_hp_gain":0,"max_hp_loss":6,"event_name":"Golden Idol","floor":11,"gold_loss":0},{"damage_healed":0,"gold_gain":0,"player_choice":"Ignored","damage_taken":0,"max_hp_gain":0,"max_hp_loss":0,"event_name":"Ghosts","floor":20,"gold_loss":0},{"damage_healed":0,"gold_gain":0,"player_choice":"Gave Idol","damage_taken":0,"relics_obtained":["Bloody Idol"],"max_hp_gain":0,"max_hp_loss":0,"event_name":"Forgotten Altar","floor":21,"relics_lost":["Golden Idol"],"gold_loss":0},{"damage_healed":0,"gold_gain":0,"player_choice":"Obtained Relic","damage_taken":0,"relics_obtained":["Gremlin Horn"],"max_hp_gain":0,"max_hp_loss":0,"event_name":"Addict","floor":30,"gold_loss":85},{"damage_healed":0,"gold_gain":0,"player_choice":"Fight","damage_taken":0,"max_hp_gain":0,"max_hp_loss":0,"event_name":"MindBloom","floor":37,"gold_loss":0},{"damage_healed":0,"gold_gain":0,"player_choice":"Paid","damage_taken":0,"relics_obtained":["Red Mask"],"max_hp_gain":0,"max_hp_loss":0,"event_name":"Tomb of Lord Red Mask","floor":39,"gold_loss":287}],"is_beta":false,"boss_relics":[{"not_picked":["Lizard Tail","Orrery"],"picked":"Sozu"},{"not_picked":["Runic Pyramid","Snecko Eye"],"picked":"Black Star"}],"items_purged_floors":[22,46],"is_endless":false,"potions_floor_spawned":[1,7,14,25,31,35,40,48],"ascension_level":18}