{"gold_per_floor":[113,16,27,27,127,156,166,192,192,207,207,207,224,551,551,551],"floor_reached":16,"playtime":688,"items_purged":[],"score":198,"play_id":"e9c49602-4914-476a-8936-e4e8ae67fba4","local_time":"20190502013841","is_ascension_mode":true,"campfire_choices":[{"floor":11,"key":"REST"},{"floor":15,"key":"REST"}],"neow_cost":"NONE","seed_source_timestamp":381513651850128,"circlet_count":0,"master_deck":["AscendersBane","Defend_G","Defend_G","Defend_G","Defend_G","Defend_G","Strike_G","Strike_G","Strike_G","Strike_G","Strike_G","Survivor","Neutralize","Cloak And Dagger","Slice","Deflect","Acrobatics","Poisoned Stab","Quick Slash","After Image+1","Prepared","Bullet Time","PiercingWail","Cloak And Dagger"],"relics":["Ring of the Snake","Art of War","Pear","Frozen Egg 2","Bottled Flame","Old Coin"],"potions_floor_usage":[6,8,14,16],"damage_taken":[{"damage":1,"enemies":"Cultist","floor":1,"turns":5},{"damage":0,"enemies":"2 Louse","floor":3,"turns":4},{"damage":15,"enemies":"3 Sentries","floor":6,"turns":11},{"damage":0,"enemies":"Jaw Worm","floor":7,"turns":4},{"damage":32,"enemies":"Gremlin Nob","floor":8,"turns":5},{"damage":7,"enemies":"Red Slaver","floor":10,"turns":4},{"damage":1,"enemies":"Looter","floor":13,"turns":4},{"damage":20,"enemies":"Lagavulin","floor":14,"turns":9},{"damage":46,"enemies":"The Guardian","floor":16,"turns":18}],"seed_played":"320648793307871440","potions_obtained":[{"floor":3,"key":"Fire Potion"},{"floor":6,"key":"Block Potion"},{"floor":8,"key":"SpeedPotion"},{"floor":10,"key":"AttackPotion"},{"floor":14,"key":"Poison Potion"}],"is_trial":false,"path_per_floor":["M","$","M","$","?","E","M","E","T","M","R","?","M","E","R","B"],"character_chosen":"THE_SILENT","items_purchased":["Slice","Deflect"],"campfire_rested":2,"item_purchase_floors":[2,2],"current_hp_per_floor":[62,62,62,62,62,57,57,25,25,18,42,42,41,21,45,0],"gold":551,"neow_bonus":"RANDOM_COMMON_RELIC","is_prod":false,"is_daily":false,"chose_seed":false,"campfire_upgraded":0,"win_rate":0,"timestamp":1556779121,"path_taken":["M","$","?","?","?","E","M","E","T","?","R","?","?","E","R","BOSS"],"build_version":"2019-01-23","purchased_purges":0,"victory":false,"max_hp_per_floor":[70,70,70,70,70,80,80,80,80,80,80,80,80,80,80,80],"card_choices":[{"not_picked":["Slice","Sucker Punch"],"picked":"Cloak And Dagger","floor":1},{"not_picked":["Eviscerate","Infinite Blades"],"picked":"Acrobatics","floor":3},{"not_picked":["Cloak And Dagger","Reflex"],"picked":"Poisoned Stab","floor":6},{"not_picked":["Dagger Spray","Prepared"],"picked":"Quick Slash","floor":7},{"not_picked":["Doppelganger","Blur"],"picked":"After Image","floor":8},{"not_picked":["Eviscerate","Bane"],"picked":"Prepared","floor":10},{"not_picked":["Crippling Poison","Flying Knee"],"picked":"PiercingWail","floor":13},{"not_picked":["Masterful Stab","Leg Sweep"],"picked":"Cloak And Dagger","floor":14}],"player_experience":361785,"relics_obtained":[{"floor":6,"key":"Pear"},{"floor":8,"key":"Frozen Egg 2"},{"floor":9,"key":"Bottled Flame"},{"floor":14,"key":"Old Coin"}],"event_choices":[{"damage_healed":0,"gold_gain":100,"player_choice":"Pray","damage_taken":0,"max_hp_gain":0,"max_hp_loss":0,"event_name":"Golden Shrine","floor":5,"gold_loss":0},{"damage_healed":0,"gold_gain":0,"player_choice":"1 cards matched","damage_taken":0,"max_hp_gain":0,"max_hp_loss":0,"event_name":"Match and Keep!","floor":12,"gold_loss":0,"cards_obtained":["Bullet Time"]}],"is_beta":false,"boss_relics":[],"items_purged_floors":[],"is_endless":false,"potions_floor_spawned":[3,6,8,10,14],"killed_by":"The Guardian","ascension_level":13}