{"gold_per_floor":[111,122,197,2,2,2,33,50,50,76,96,113,128,143,143,143],"floor_reached":16,"playtime":891,"items_purged":[],"score":114,"play_id":"ddd60267-2089-4d38-917a-c5d5fc715918","local_time":"20190526145852","is_ascension_mode":false,"campfire_choices":[{"floor":6,"key":"REST"},{"floor":15,"key":"REST"}],"neow_cost":"NONE","seed_source_timestamp":21153323736597,"circlet_count":0,"master_deck":["Defend_G","Defend_G","Defend_G","Defend_G","Defend_G","Strike_G","Strike_G","Strike_G","Strike_G","Strike_G","Survivor","Neutralize","Burst","Dash","Footwork","Flash of Steel","Blur","Concentrate","Predator","Flying Knee","Acrobatics","Outmaneuver","Sucker Punch"],"relics":["Ring of the Snake","Mercury Hourglass","Boot","Oddly Smooth Stone"],"potions_floor_usage":[12,13,13],"damage_taken":[{"damage":9,"enemies":"Jaw Worm","floor":1,"turns":6},{"damage":1,"enemies":"2 Louse","floor":2,"turns":3},{"damage":22,"enemies":"3 Sentries","floor":7,"turns":12},{"damage":0,"enemies":"Cultist","floor":8,"turns":3},{"damage":38,"enemies":"Gremlin Nob","floor":10,"turns":5},{"damage":0,"enemies":"3 Louse","floor":11,"turns":2},{"damage":5,"enemies":"Lots of Slimes","floor":12,"turns":4},{"damage":0,"enemies":"Looter","floor":13,"turns":3},{"damage":5,"enemies":"2 Fungi Beasts","floor":14,"turns":3},{"damage":35,"enemies":"Slime Boss","floor":16,"turns":5}],"seed_played":"373608046878149461","potions_obtained":[{"floor":2,"key":"EssenceOfSteel"},{"floor":8,"key":"Weak Potion"},{"floor":10,"key":"GamblersBrew"},{"floor":11,"key":"Regen Potion"}],"is_trial":false,"path_per_floor":["M","M","?","$","?","R","E","M","T","E","M","M","M","M","R","B"],"character_chosen":"THE_SILENT","items_purchased":["Dash","Footwork","Flash of Steel"],"campfire_rested":2,"item_purchase_floors":[4,4,4],"current_hp_per_floor":[61,60,49,49,49,70,48,48,48,10,10,17,17,12,33,0],"gold":143,"neow_bonus":"ONE_RANDOM_RARE_CARD","is_prod":false,"is_daily":false,"chose_seed":false,"campfire_upgraded":0,"win_rate":0,"timestamp":1558907932,"path_taken":["M","M","?","$","?","R","E","?","T","E","M","M","M","M","R","BOSS"],"build_version":"2019-01-23","purchased_purges":0,"victory":false,"max_hp_per_floor":[70,70,70,70,70,70,70,70,70,70,70,70,70,70,70,70],"card_choices":[{"not_picked":["Blade Dance","Slice","Concentrate"],"picked":"SKIP","floor":1},{"not_picked":["Masterful Stab","Distraction","Escape Plan"],"picked":"SKIP","floor":2},{"not_picked":["Slice","Endless Agony"],"picked":"Blur","floor":7},{"not_picked":["Slice","Prepared"],"picked":"Concentrate","floor":8},{"not_picked":["Dagger Throw","Poisoned Stab"],"picked":"Predator","floor":10},{"not_picked":["Cloak And Dagger","Poisoned Stab"],"picked":"Flying Knee","floor":11},{"not_picked":["Finisher","Poisoned Stab"],"picked":"Acrobatics","floor":12},{"not_picked":["Venomology","Acrobatics"],"picked":"Outmaneuver","floor":13},{"not_picked":["PiercingWail","Blade Dance"],"picked":"Sucker Punch","floor":14}],"player_experience":329308,"relics_obtained":[{"floor":7,"key":"Mercury Hourglass"},{"floor":9,"key":"Boot"},{"floor":10,"key":"Oddly Smooth Stone"}],"event_choices":[{"damage_healed":0,"gold_gain":75,"player_choice":"Gather Gold","damage_taken":11,"max_hp_gain":0,"max_hp_loss":0,"event_name":"World of Goop","floor":3,"gold_loss":0},{"damage_healed":0,"gold_gain":0,"player_choice":"Ignored","damage_taken":0,"max_hp_gain":0,"max_hp_loss":0,"event_name":"Liars Game","floor":5,"gold_loss":0}],"is_beta":false,"boss_relics":[],"items_purged_floors":[],"is_endless":false,"potions_floor_spawned":[2,8,10,11],"killed_by":"Slime Boss","ascension_level":0}