{"gold_per_floor":[114,128,128,128,50,50,27,27,27,68,68,109,127,171,171,300,300,289,371,185,185,198,223,223,250,250,0,13,13,13,32,32,163,163,188,51,72],"floor_reached":37,"playtime":2412,"items_purged":["Defend_G","Strike_G"],"score":410,"play_id":"057af8f5-4881-42e9-b360-d584647006a0","local_time":"20190515232943","is_ascension_mode":false,"campfire_choices":[{"data":"Noxious Fumes","floor":6,"key":"SMITH"},{"data":"Calculated Gamble","floor":8,"key":"SMITH"},{"floor":15,"key":"REST"},{"floor":24,"key":"REST"},{"floor":32,"key":"REST"}],"neow_cost":"NONE","seed_source_timestamp":84665267767030,"circlet_count":0,"master_deck":["Defend_G","Defend_G","Defend_G","Defend_G","Strike_G","Strike_G","Strike_G","Strike_G","Survivor","Neutralize","Calculated Gamble+1","Dagger Spray","Noxious Fumes+1","Dagger Spray","Dash","Deflect","Burst","Night Terror","Flying Knee","Footwork","Bouncing Flask","Adrenaline","Blade Dance","Footwork+1","Underhanded Strike+1","Envenom","Noxious Fumes"],"relics":["Ring of the Serpent","NeowsBlessing","Golden Idol","Happy Flower","Ancient Tea Set","Pantograph","Kunai","Runic Pyramid","Tiny Chest","Pen Nib","Molten Egg 2"],"potions_floor_usage":[],"damage_taken":[{"damage":0,"enemies":"Jaw Worm","floor":1,"turns":1},{"damage":0,"enemies":"2 Louse","floor":2,"turns":1},{"damage":0,"enemies":"Gremlin Nob","floor":10,"turns":1},{"damage":31,"enemies":"Lagavulin","floor":12,"turns":7},{"damage":0,"enemies":"Cultist","floor":13,"turns":4},{"damage":14,"enemies":"3 Sentries","floor":14,"turns":8},{"damage":36,"enemies":"The Guardian","floor":16,"turns":12},{"damage":6,"enemies":"2 Thieves","floor":18,"turns":5},{"damage":0,"enemies":"3 Byrds","floor":22,"turns":4},{"damage":34,"enemies":"Centurion and Healer","floor":23,"turns":7},{"damage":3,"enemies":"Chosen and Byrds","floor":28,"turns":6},{"damage":13,"enemies":"Snake Plant","floor":31,"turns":5},{"damage":54,"enemies":"Automaton","floor":33,"turns":13},{"damage":37,"enemies":"3 Darklings","floor":35,"turns":6},{"damage":25,"enemies":"3 Shapes","floor":37,"turns":6}],"seed_played":"1397282342408314993","potions_obtained":[{"floor":2,"key":"Swift Potion"},{"floor":10,"key":"SpeedPotion"},{"floor":14,"key":"Block Potion"},{"floor":33,"key":"Poison Potion"}],"is_trial":false,"path_per_floor":["M","M","?","?","$","R","$","R","T","E","$","E","M","E","R","B",null,"M","T","$","?","M","M","R","T","T","?","M","$","?","M","R","B",null,"M","$","M"],"character_chosen":"THE_SILENT","items_purchased":["Noxious Fumes","Dagger Spray","Footwork","Bouncing Flask","Noxious Fumes"],"campfire_rested":3,"item_purchase_floors":[5,7,20,20,36],"current_hp_per_floor":[70,70,65,65,65,65,65,65,65,65,65,34,34,20,39,28,65,59,59,59,59,59,25,44,44,44,44,41,41,41,28,47,11,65,28,28,3],"gold":72,"neow_bonus":"THREE_ENEMY_KILL","is_prod":false,"is_daily":false,"chose_seed":false,"campfire_upgraded":2,"win_rate":0.0,"timestamp":1557988183,"path_taken":["M","M","?","?","$","R","$","R","T","E","?","E","M","E","R","BOSS","M","?","$","?","?","M","R","?","T","?","M","$","?","M","R","BOSS","M","$","M"],"build_version":"2019-01-23","purchased_purges":2,"victory":false,"max_hp_per_floor":[70,70,65,65,65,65,65,65,65,65,65,65,65,65,65,65,65,65,65,65,65,65,65,65,65,65,65,65,65,65,65,65,65,65,65,65,65],"card_choices":[{"not_picked":["PiercingWail","Dodge and Roll"],"picked":"Calculated Gamble","floor":1},{"not_picked":["Eviscerate","Sucker Punch"],"picked":"Dagger Spray","floor":2},{"not_picked":["Dagger Spray","Expertise","Leg Sweep"],"picked":"SKIP","floor":10},{"not_picked":["Deflect","Endless Agony"],"picked":"Dash","floor":12},{"not_picked":["Poisoned Stab","PiercingWail"],"picked":"Deflect","floor":13},{"not_picked":["Acrobatics","Well Laid Plans"],"picked":"Burst","floor":14},{"not_picked":["Corpse Explosion","Glass Knife"],"picked":"Night Terror","floor":16},{"not_picked":["Poisoned Stab","Dagger Throw"],"picked":"Flying Knee","floor":18},{"not_picked":["Terror","Slice"],"picked":"Blade Dance","floor":22},{"not_picked":["Outmaneuver","Bane"],"picked":"Footwork+1","floor":23},{"not_picked":["Dagger Throw+1","Calculated Gamble+1"],"picked":"Underhanded Strike+1","floor":28},{"not_picked":["Calculated Gamble","Flying Knee+1","Heel Hook+1"],"picked":"SKIP","floor":31},{"not_picked":["Malaise","Venomology"],"picked":"Envenom","floor":33},{"not_picked":["Slice+1","Dagger Throw+1","Skewer+1"],"picked":"SKIP","floor":35},{"not_picked":["Bane+1","Underhanded Strike+1","Skewer+1"],"picked":"SKIP","floor":37}],"player_experience":63104,"relics_obtained":[{"floor":9,"key":"Happy Flower"},{"floor":10,"key":"Ancient Tea Set"},{"floor":12,"key":"Pantograph"},{"floor":14,"key":"Kunai"},{"floor":19,"key":"Tiny Chest"},{"floor":25,"key":"Pen Nib"},{"floor":26,"key":"Molten Egg 2"}],"event_choices":[{"damage_healed":0,"gold_gain":0,"player_choice":"Lose Max HP","damage_taken":0,"relics_obtained":["Golden Idol"],"max_hp_gain":0,"max_hp_loss":5,"event_name":"Golden Idol","floor":3,"gold_loss":0},{"damage_healed":0,"gold_gain":0,"player_choice":"Ignored","damage_taken":0,"max_hp_gain":0,"max_hp_loss":0,"event_name":"Shining Light","floor":4,"gold_loss":0},{"damage_healed":0,"gold_gain":0,"player_choice":"1 cards matched","damage_taken":0,"max_hp_gain":0,"max_hp_loss":0,"event_name":"Match and Keep!","floor":21,"gold_loss":0,"cards_obtained":["Adrenaline"]},{"damage_healed":0,"gold_gain":0,"player_choice":"Paid Fearfully","damage_taken":0,"max_hp_gain":0,"max_hp_loss":0,"event_name":"Masked Bandits","floor":27,"gold_loss":250},{"damage_healed":0,"gold_gain":0,"player_choice":"Ignored","damage_taken":0,"max_hp_gain":0,"max_hp_loss":0,"event_name":"Beggar","floor":30,"gold_loss":0}],"is_beta":false,"boss_relics":[{"not_picked":["Runic Dome","HoveringKite"],"picked":"Runic Pyramid"},{"not_picked":["Cursed Key","Philosopher\u0027s Stone"],"picked":"Ring of the Serpent"}],"items_purged_floors":[20,36],"is_endless":false,"potions_floor_spawned":[2,10,14,23,28,31,33,35],"killed_by":"3 Shapes","ascension_level":0}