{"gold_per_floor":[116,127,137,137,1,30,47,47,47,57,76,39,52,86,86,191,191,202,202],"floor_reached":19,"playtime":994,"items_purged":[],"score":278,"play_id":"e5fce63a-0a7a-493d-aac5-0c8a0abf800d","local_time":"20190314215849","is_ascension_mode":true,"campfire_choices":[{"data":"True Grit","floor":8,"key":"SMITH"},{"data":"Corruption","floor":15,"key":"SMITH"}],"neow_cost":"NONE","seed_source_timestamp":116409664043802,"circlet_count":0,"master_deck":["Strike_R","Strike_R","Strike_R","Strike_R","Strike_R","Defend_R","Defend_R","Defend_R","Defend_R","Bash","Impervious","Warcry","Flex","Sword Boomerang","Corruption+1","Shrug It Off","Cleave","Shrug It Off","True Grit+1","Seeing Red","Armaments","Rage","Feel No Pain","Sentinel","Demon Form","Heavy Blade"],"relics":["Burning Blood","Boot","Meat on the Bone","Strawberry","Kunai","Eternal Feather"],"potions_floor_usage":[14,16,19,19,19],"damage_taken":[{"damage":4,"enemies":"Jaw Worm","floor":1,"turns":5},{"damage":5,"enemies":"Cultist","floor":2,"turns":5},{"damage":0,"enemies":"2 Louse","floor":3,"turns":3},{"damage":49,"enemies":"Gremlin Nob","floor":6,"turns":5},{"damage":14,"enemies":"Looter","floor":7,"turns":3},{"damage":13,"enemies":"Large Slime","floor":10,"turns":7},{"damage":25,"enemies":"Gremlin Gang","floor":11,"turns":6},{"damage":0,"enemies":"Red Slaver","floor":13,"turns":3},{"damage":0,"enemies":"3 Sentries","floor":14,"turns":10},{"damage":44,"enemies":"The Guardian","floor":16,"turns":18},{"damage":8,"enemies":"Chosen","floor":18,"turns":6},{"damage":29,"enemies":"Colosseum Slavers","floor":19,"turns":6},{"damage":83,"enemies":"Colosseum Nobs","floor":19,"turns":6}],"seed_played":"-9021897502090818095","potions_obtained":[{"floor":2,"key":"FearPotion"},{"floor":6,"key":"GamblersBrew"},{"floor":7,"key":"Strength Potion"},{"floor":13,"key":"Explosive Potion"},{"floor":16,"key":"SteroidPotion"},{"floor":18,"key":"FearPotion"}],"is_trial":false,"path_per_floor":["M","M","M","?","$","E","M","R","T","M","M","$","M","E","R","B",null,"M","?"],"character_chosen":"IRONCLAD","items_purchased":["Corruption","Shrug It Off","Cleave","Rage"],"campfire_rested":0,"item_purchase_floors":[5,5,5,12],"current_hp_per_floor":[74,75,80,80,80,37,41,41,48,53,46,46,52,58,58,32,73,71,0],"gold":202,"neow_bonus":"ONE_RANDOM_RARE_CARD","is_prod":false,"is_daily":false,"chose_seed":false,"campfire_upgraded":2,"win_rate":0,"timestamp":1552618729,"path_taken":["M","M","M","?","$","E","M","R","T","M","M","?","M","E","R","BOSS","M","?"],"build_version":"2019-01-23","purchased_purges":0,"victory":false,"max_hp_per_floor":[80,80,80,80,80,80,80,80,87,87,87,87,87,87,87,87,87,87,87],"card_choices":[{"not_picked":["Pommel Strike","Carnage"],"picked":"Warcry","floor":1},{"not_picked":["Wild Strike","Warcry"],"picked":"Flex","floor":2},{"not_picked":["Clothesline","Blood for Blood"],"picked":"Sword Boomerang","floor":3},{"not_picked":["Inflame","Bludgeon"],"picked":"Shrug It Off","floor":6},{"not_picked":["Cleave","Warcry"],"picked":"True Grit","floor":7},{"not_picked":["Pommel Strike","True Grit"],"picked":"Seeing Red","floor":10},{"not_picked":["Sword Boomerang","Reckless Charge"],"picked":"Armaments","floor":11},{"not_picked":["Flame Barrier","Clash"],"picked":"Feel No Pain","floor":13},{"not_picked":["Power Through","Havoc"],"picked":"Sentinel","floor":14},{"not_picked":["Reaper","Feed"],"picked":"Demon Form","floor":16},{"not_picked":["Flex","Headbutt"],"picked":"Heavy Blade","floor":18}],"player_experience":209723,"relics_obtained":[{"floor":6,"key":"Meat on the Bone"},{"floor":9,"key":"Strawberry"},{"floor":14,"key":"Kunai"}],"event_choices":[{"damage_healed":0,"gold_gain":0,"player_choice":"Gave Potion","damage_taken":0,"relics_obtained":["Boot"],"max_hp_gain":0,"max_hp_loss":0,"event_name":"WeMeetAgain","floor":4,"gold_loss":0},{"damage_healed":0,"gold_gain":0,"player_choice":"Fight","damage_taken":0,"max_hp_gain":0,"max_hp_loss":0,"event_name":"Colosseum","floor":19,"gold_loss":0},{"damage_healed":0,"gold_gain":0,"player_choice":"Fought Nobs","damage_taken":0,"max_hp_gain":0,"max_hp_loss":0,"event_name":"Colosseum","floor":19,"gold_loss":0}],"is_beta":false,"boss_relics":[{"not_picked":["Runic Dome","Pandora\u0027s Box"],"picked":"Eternal Feather"}],"items_purged_floors":[],"is_endless":false,"potions_floor_spawned":[2,6,7,13,16,18],"killed_by":"Colosseum Nobs","ascension_level":7}