{"gold_per_floor":[113,113,130,55,55,81,0,0,0,32,32,67,86,86,86,183,183,197,41,51,68,68,68,93,93,168,168,200,200,229,245,245,343,343,353,353,428,196,196,196,28,97,145,159,159,186,204,216,216,216],"floor_reached":50,"playtime":1844,"items_purged":["Strike_G+1"],"score":766,"play_id":"4e411be0-b9ba-4ce7-b1a6-ca44dca37114","local_time":"20190401165542","is_ascension_mode":true,"campfire_choices":[{"data":"Crippling Poison","floor":8,"key":"SMITH"},{"floor":11,"key":"REST"},{"floor":15,"key":"REST"},{"floor":23,"key":"REST"},{"floor":27,"key":"REST"},{"floor":32,"key":"REST"},{"data":"Accuracy","floor":40,"key":"SMITH"},{"data":"Accuracy","floor":45,"key":"SMITH"},{"floor":49,"key":"REST"}],"neow_cost":"NONE","seed_source_timestamp":1354585737244249,"circlet_count":0,"master_deck":["Defend_G+1","Defend_G+1","Defend_G+1","Defend_G+1","Defend_G+1","Strike_G+1","Strike_G+1","Survivor","Neutralize+1","Outmaneuver","Crippling Poison+1","Accuracy+1","Deflect","Escape Plan","Blade Dance+1","Backflip","Deadly Poison","Corpse Explosion","PiercingWail+1","Blade Dance+1","Eviscerate","Well Laid Plans","Dagger Spray+1","Decay","Cloak And Dagger","Bullet Time","Outmaneuver+1","Acrobatics","Accuracy+1","Backflip","Terror+1","Accuracy+1"],"relics":["Ring of the Snake","NeowsBlessing","Whetstone","Bottled Flame","Question Card","Potion Belt","Snecko Eye","Anchor","Letter Opener","Tiny Chest","Pantograph","Red Mask","Busted Crown","Shuriken","Lantern","Frozen Egg 2","Ancient Tea Set","Singing Bowl"],"potions_floor_usage":[20,24,24,31,33,46,50,50,50],"damage_taken":[{"damage":0,"enemies":"2 Louse","floor":1,"turns":1},{"damage":0,"enemies":"Jaw Worm","floor":3,"turns":1},{"damage":0,"enemies":"Lagavulin","floor":6,"turns":1},{"damage":19,"enemies":"Gremlin Nob","floor":10,"turns":5},{"damage":18,"enemies":"Lagavulin","floor":12,"turns":8},{"damage":0,"enemies":"Small Slimes","floor":13,"turns":3},{"damage":29,"enemies":"Hexaghost","floor":16,"turns":12},{"damage":32,"enemies":"2 Thieves","floor":18,"turns":5},{"damage":0,"enemies":"Shell Parasite","floor":20,"turns":4},{"damage":12,"enemies":"Chosen and Byrds","floor":21,"turns":6},{"damage":23,"enemies":"Book of Stabbing","floor":24,"turns":7},{"damage":9,"enemies":"Slavers","floor":28,"turns":4},{"damage":18,"enemies":"Masked Bandits","floor":30,"turns":3},{"damage":12,"enemies":"Centurion and Healer","floor":31,"turns":5},{"damage":48,"enemies":"Automaton","floor":33,"turns":10},{"damage":0,"enemies":"3 Shapes","floor":35,"turns":2},{"damage":0,"enemies":"Orb Walker","floor":44,"turns":4},{"damage":14,"enemies":"Reptomancer","floor":46,"turns":6},{"damage":8,"enemies":"3 Darklings","floor":47,"turns":3},{"damage":15,"enemies":"4 Shapes","floor":48,"turns":3},{"damage":65,"enemies":"Time Eater","floor":50,"turns":5}],"seed_played":"-8451023406495585038","potions_obtained":[{"floor":1,"key":"SpeedPotion"},{"floor":10,"key":"Strength Potion"},{"floor":16,"key":"Regen Potion"},{"floor":20,"key":"SneckoOil"},{"floor":30,"key":"Energy Potion"},{"floor":31,"key":"Poison Potion"},{"floor":33,"key":"Swift Potion"},{"floor":35,"key":"LiquidBronze"},{"floor":47,"key":"GamblersBrew"}],"is_trial":false,"path_per_floor":["M","?","M","$","?","E","$","R","T","E","R","E","M","?","R","B",null,"M","$","M","M","?","R","E","?","T","R","E","?","?","M","R","B",null,"M","?","T","$","?","R","$","T","T","M","R","E","M","M","R","B"],"character_chosen":"THE_SILENT","items_purchased":["Accuracy","Escape Plan","Anchor","Lantern","Acrobatics","Accuracy","Backflip"],"campfire_rested":6,"item_purchase_floors":[4,7,19,38,41,41,41],"current_hp_per_floor":[63,56,56,56,42,42,42,42,42,23,44,26,26,26,47,18,57,25,25,39,27,27,48,25,25,25,46,37,37,19,7,28,5,54,54,54,54,54,54,54,54,54,54,54,54,40,34,19,39,0],"gold":216,"neow_bonus":"THREE_ENEMY_KILL","is_prod":false,"is_daily":false,"chose_seed":false,"campfire_upgraded":3,"win_rate":0,"timestamp":1554155742,"path_taken":["M","?","M","$","?","E","?","R","T","E","R","E","M","?","R","BOSS","M","$","M","M","?","R","E","?","T","R","E","?","?","M","R","BOSS","M","?","?","$","?","R","$","?","T","M","R","E","M","?","R","BOSS"],"build_version":"2019-01-23","purchased_purges":1,"victory":false,"max_hp_per_floor":[70,70,70,70,70,70,70,70,70,70,70,70,70,70,70,70,70,70,70,70,70,70,70,70,70,70,70,70,70,70,70,70,70,70,70,66,66,66,66,66,66,66,66,66,66,66,68,68,68,68],"card_choices":[{"not_picked":["Blur","Heel Hook"],"picked":"Outmaneuver","floor":1},{"not_picked":["Dodge and Roll","Poisoned Stab"],"picked":"Crippling Poison","floor":3},{"not_picked":["Acrobatics","Sucker Punch"],"picked":"Deflect","floor":6},{"not_picked":["Blur","Backflip"],"picked":"Blade Dance","floor":10},{"not_picked":["Quick Slash","Calculated Gamble","After Image"],"picked":"Backflip","floor":12},{"not_picked":["Acrobatics","Dagger Throw","Backflip"],"picked":"Deadly Poison","floor":13},{"not_picked":["Adrenaline","Bullet Time","Night Terror"],"picked":"Corpse Explosion","floor":16},{"not_picked":["Sucker Punch","Flying Knee+1","Slice"],"picked":"PiercingWail+1","floor":18},{"not_picked":["Crippling Poison","Calculated Gamble","Dagger Spray"],"picked":"Blade Dance+1","floor":20},{"not_picked":["Bane","Sucker Punch","Backflip"],"picked":"Eviscerate","floor":21},{"not_picked":["Footwork","Flying Knee+1","Prepared"],"picked":"Well Laid Plans","floor":24},{"not_picked":["Dagger Throw","Well Laid Plans","Calculated Gamble"],"picked":"Dagger Spray+1","floor":28},{"not_picked":["Leg Sweep","Deadly Poison","Eviscerate"],"picked":"Cloak And Dagger","floor":30},{"not_picked":["Flying Knee","Dash+1","Flechettes","Bane"],"picked":"SKIP","floor":31},{"not_picked":["After Image","Glass Knife","Corpse Explosion"],"picked":"Bullet Time","floor":33},{"not_picked":["Dagger Spray"],"picked":"Outmaneuver+1","floor":35},{"not_picked":["Sucker Punch","Poisoned Stab"],"picked":"SKIP","floor":44},{"not_picked":["Backflip"],"picked":"Terror+1","floor":46},{"not_picked":["All Out Attack+1","Quick Slash+1"],"picked":"Singing Bowl","floor":47},{"not_picked":["Choke"],"picked":"Accuracy+1","floor":48}],"player_experience":278821,"relics_obtained":[{"floor":6,"key":"Whetstone"},{"floor":9,"key":"Bottled Flame"},{"floor":10,"key":"Question Card"},{"floor":12,"key":"Potion Belt"},{"floor":24,"key":"Letter Opener"},{"floor":26,"key":"Tiny Chest"},{"floor":28,"key":"Pantograph"},{"floor":30,"key":"Red Mask"},{"floor":37,"key":"Shuriken"},{"floor":42,"key":"Frozen Egg 2"},{"floor":43,"key":"Ancient Tea Set"},{"floor":46,"key":"Singing Bowl"}],"event_choices":[{"cards_removed":["Strike_G"],"damage_healed":0,"gold_gain":0,"player_choice":"Card Removal","damage_taken":7,"max_hp_gain":0,"max_hp_loss":0,"event_name":"Golden Wing","floor":2,"gold_loss":0},{"damage_healed":0,"gold_gain":0,"player_choice":"Entered Light","damage_taken":14,"max_hp_gain":0,"max_hp_loss":0,"event_name":"Shining Light","floor":5,"gold_loss":0,"cards_upgraded":["Strike_G","Defend_G"]},{"damage_healed":0,"gold_gain":0,"player_choice":"Grow","damage_taken":0,"max_hp_gain":0,"max_hp_loss":0,"event_name":"Living Wall","floor":14,"gold_loss":0,"cards_upgraded":["Blade Dance"]},{"damage_healed":0,"gold_gain":0,"player_choice":"Ignored","damage_taken":0,"max_hp_gain":0,"max_hp_loss":0,"event_name":"Cursed Tome","floor":22,"gold_loss":0},{"damage_healed":0,"gold_gain":0,"player_choice":"Simplicity","damage_taken":0,"max_hp_gain":0,"max_hp_loss":0,"event_name":"Back to Basics","floor":25,"gold_loss":0,"cards_upgraded":["Defend_G","Defend_G","Defend_G","Defend_G","Strike_G","Strike_G"]},{"damage_healed":0,"gold_gain":0,"player_choice":"Smashed Altar","damage_taken":0,"max_hp_gain":0,"max_hp_loss":0,"event_name":"Forgotten Altar","floor":29,"gold_loss":0,"cards_obtained":["Decay"]},{"damage_healed":0,"gold_gain":0,"player_choice":"Fought Bandits","damage_taken":0,"max_hp_gain":0,"max_hp_loss":0,"event_name":"Masked Bandits","floor":30,"gold_loss":0},{"damage_healed":0,"gold_gain":0,"player_choice":"Max HP","damage_taken":0,"max_hp_gain":0,"max_hp_loss":4,"event_name":"Winding Halls","floor":36,"gold_loss":0},{"cards_removed":["Strike_G"],"damage_healed":0,"gold_gain":0,"player_choice":"Removed Attack","damage_taken":0,"max_hp_gain":0,"max_hp_loss":0,"event_name":"Falling","floor":39,"gold_loss":0}],"is_beta":false,"boss_relics":[{"not_picked":["Velvet Choker","Fusion Hammer"],"picked":"Snecko Eye"},{"not_picked":["Orrery","Empty Cage"],"picked":"Busted Crown"}],"items_purged_floors":[38],"is_endless":false,"potions_floor_spawned":[1,10,16,20,30,31,33,35,47],"killed_by":"Time Eater","ascension_level":8}