{"gold_per_floor":[218,235,235,246,262,296,308,338,364,377,391,404,404,417,417,519,519,536,451,465,465,44,72,72,83,83,100,25,44,44,44,44,148,148,167,67,78,0,0,32,32],"floor_reached":41,"playtime":2123,"items_purged":["Strike_R+1","Pain"],"score":482,"play_id":"f6515038-5914-4fa2-bbe8-9accbee25f54","local_time":"20190409020630","is_ascension_mode":false,"campfire_choices":[{"data":"Armaments","floor":13,"key":"SMITH"},{"data":"True Grit","floor":15,"key":"SMITH"},{"floor":24,"key":"REST"},{"floor":32,"key":"REST"}],"neow_cost":"NONE","seed_source_timestamp":0,"circlet_count":0,"master_deck":["Strike_R+1","Strike_R+1","Strike_R+1","Strike_R+1","Defend_R+1","Defend_R+1","Defend_R+1","Defend_R+1","Bash","Thunderclap","Hemokinesis","True Grit+1","Inflame","Dual Wield","Dark Embrace","Warcry","Flame Barrier","Armaments+1","Immolate","Exhume","Shrug It Off+1","Corruption","Immolate","Shrug It Off","Limit Break","Feed","Injury","Doubt","Fire Breathing+1","Heavy Blade+1"],"relics":["Burning Blood","FaceOfCleric","Shuriken","Ice Cream","Potion Belt","Eternal Feather","Oddly Smooth Stone","Anchor","Sling","Vajra","Thread and Needle","Calling Bell","Bronze Scales","Sundial","Torii","Red Mask","Kunai","Blood Vial"],"potions_floor_usage":[6,8,11,16,29,33,40],"damage_taken":[{"damage":1,"enemies":"Cultist","floor":1,"turns":4},{"damage":6,"enemies":"Jaw Worm","floor":2,"turns":6},{"damage":3,"enemies":"Small Slimes","floor":4,"turns":3},{"damage":7,"enemies":"Red Slaver","floor":5,"turns":4},{"damage":26,"enemies":"Lagavulin","floor":6,"turns":6},{"damage":16,"enemies":"Looter","floor":7,"turns":3},{"damage":28,"enemies":"Gremlin Nob","floor":8,"turns":4},{"damage":6,"enemies":"Exordium Wildlife","floor":10,"turns":4},{"damage":4,"enemies":"Lots of Slimes","floor":11,"turns":2},{"damage":0,"enemies":"2 Fungi Beasts","floor":12,"turns":4},{"damage":4,"enemies":"Exordium Wildlife","floor":14,"turns":5},{"damage":26,"enemies":"The Guardian","floor":16,"turns":16},{"damage":26,"enemies":"2 Thieves","floor":18,"turns":4},{"damage":37,"enemies":"Shell Parasite","floor":20,"turns":8},{"damage":40,"enemies":"Gremlin Leader","floor":23,"turns":8},{"damage":35,"enemies":"Sentry and Sphere","floor":25,"turns":6},{"damage":15,"enemies":"Shelled Parasite and Fungi","floor":27,"turns":6},{"damage":11,"enemies":"Snake Plant","floor":29,"turns":4},{"damage":50,"enemies":"Automaton","floor":33,"turns":9},{"damage":5,"enemies":"Orb Walker","floor":35,"turns":6},{"damage":27,"enemies":"3 Darklings","floor":37,"turns":5},{"damage":65,"enemies":"Reptomancer","floor":40,"turns":8},{"damage":35,"enemies":"Maw","floor":41,"turns":5}],"seed_played":"7916826546839145018","potions_obtained":[{"floor":2,"key":"EssenceOfSteel"},{"floor":5,"key":"Swift Potion"},{"floor":6,"key":"Explosive Potion"},{"floor":10,"key":"FearPotion"},{"floor":25,"key":"Ancient Potion"},{"floor":27,"key":"LiquidBronze"},{"floor":29,"key":"Block Potion"},{"floor":37,"key":"BloodPotion"}],"is_trial":false,"path_per_floor":["M","M","?","M","M","E","M","E","T","M","M","M","R","M","R","B",null,"M","?","M","?","$","E","R","M","T","M","$","M","?","?","R","B",null,"M","$","M","?","?","E","M"],"character_chosen":"IRONCLAD","items_purchased":["Corruption","Anchor","Sling"],"campfire_rested":2,"item_purchase_floors":[22,22,22],"current_hp_per_floor":[80,80,80,81,81,62,53,32,32,33,36,43,43,46,46,27,90,71,71,41,41,41,8,50,22,22,14,14,10,10,10,53,10,97,98,98,78,78,78,29,0],"gold":32,"neow_bonus":"HUNDRED_GOLD","is_prod":false,"is_daily":false,"chose_seed":true,"campfire_upgraded":2,"win_rate":0,"timestamp":1554793590,"path_taken":["M","M","?","M","?","E","?","E","T","M","M","M","R","M","R","BOSS","M","?","M","?","?","E","R","M","T","?","$","M","?","?","R","BOSS","M","$","M","?","?","E","M"],"build_version":"2019-01-23","purchased_purges":2,"victory":false,"max_hp_per_floor":[80,80,80,81,82,83,84,85,85,86,87,88,88,89,89,90,90,91,91,92,92,92,93,93,94,94,95,95,96,96,96,96,97,97,98,98,99,99,99,100,100],"card_choices":[{"not_picked":["Iron Wave","Body Slam"],"picked":"Thunderclap","floor":1},{"not_picked":["Havoc","Sword Boomerang"],"picked":"Hemokinesis","floor":2},{"not_picked":["Power Through","Impervious"],"picked":"True Grit","floor":4},{"not_picked":["Body Slam","Battle Trance"],"picked":"Inflame","floor":5},{"not_picked":["Thunderclap","Barricade"],"picked":"Dual Wield","floor":6},{"not_picked":["Reckless Charge","Body Slam"],"picked":"Shockwave","floor":7},{"not_picked":["Infernal Blade","Ghostly Armor"],"picked":"Dark Embrace","floor":8},{"not_picked":["Heavy Blade","Cleave"],"picked":"Warcry","floor":10},{"not_picked":["True Grit","Blood for Blood"],"picked":"Flame Barrier","floor":11},{"not_picked":["Anger","Uppercut"],"picked":"Armaments","floor":12},{"not_picked":["Blood for Blood","Iron Wave"],"picked":"Immolate","floor":14},{"not_picked":["Impervious","Immolate"],"picked":"Exhume","floor":16},{"not_picked":["Wild Strike","Havoc+1"],"picked":"Shrug It Off+1","floor":18},{"not_picked":["Shockwave","Havoc+1","Power Through"],"picked":"SKIP","floor":20},{"not_picked":["Bloodletting","Clash"],"picked":"Immolate","floor":23},{"not_picked":["Clothesline","Anger","Wild Strike"],"picked":"SKIP","floor":25},{"not_picked":["Perfected Strike","Clash"],"picked":"Shrug It Off","floor":27},{"not_picked":["Armaments","Thunderclap"],"picked":"Limit Break","floor":29},{"not_picked":["Brutality","Dark Embrace"],"picked":"Feed","floor":33},{"not_picked":["Shrug It Off+1","Wild Strike+1"],"picked":"Fire Breathing+1","floor":35},{"not_picked":["Sever Soul+1","Pommel Strike"],"picked":"Heavy Blade+1","floor":37},{"not_picked":["Headbutt+1","Havoc","Bludgeon"],"picked":"SKIP","floor":40}],"player_experience":298992,"relics_obtained":[{"floor":6,"key":"Shuriken"},{"floor":8,"key":"Ice Cream"},{"floor":9,"key":"Potion Belt"},{"floor":23,"key":"Vajra"},{"floor":26,"key":"Thread and Needle"},{"floor":34,"key":"Bronze Scales"},{"floor":34,"key":"Sundial"},{"floor":34,"key":"Torii"},{"floor":40,"key":"Blood Vial"}],"event_choices":[{"damage_healed":0,"gold_gain":0,"player_choice":"Trade","damage_taken":0,"relics_obtained":["FaceOfCleric"],"max_hp_gain":0,"max_hp_loss":0,"event_name":"FaceTrader","floor":3,"gold_loss":0},{"damage_healed":0,"gold_gain":0,"player_choice":"Obtained Relic","damage_taken":0,"relics_obtained":["Oddly Smooth Stone"],"max_hp_gain":0,"max_hp_loss":0,"event_name":"Addict","floor":19,"gold_loss":85},{"damage_healed":0,"gold_gain":0,"player_choice":"Simplicity","damage_taken":0,"max_hp_gain":0,"max_hp_loss":0,"event_name":"Back to Basics","floor":21,"gold_loss":0,"cards_upgraded":["Strike_R","Strike_R","Strike_R","Strike_R","Strike_R","Defend_R","Defend_R","Defend_R","Defend_R"]},{"damage_healed":0,"gold_gain":0,"player_choice":"Ignored","damage_taken":0,"max_hp_gain":0,"max_hp_loss":0,"event_name":"Cursed Tome","floor":30,"gold_loss":0},{"damage_healed":0,"gold_gain":0,"player_choice":"Ignored","damage_taken":0,"max_hp_gain":0,"max_hp_loss":0,"event_name":"Ghosts","floor":31,"gold_loss":0},{"damage_healed":0,"gold_gain":0,"player_choice":"Paid","damage_taken":0,"relics_obtained":["Red Mask"],"max_hp_gain":0,"max_hp_loss":0,"event_name":"Tomb of Lord Red Mask","floor":38,"gold_loss":78},{"cards_removed":["Shockwave"],"damage_healed":0,"gold_gain":0,"player_choice":"Gave Card","damage_taken":0,"relics_obtained":["Kunai"],"max_hp_gain":0,"max_hp_loss":0,"event_name":"WeMeetAgain","floor":39,"gold_loss":0}],"is_beta":false,"boss_relics":[{"not_picked":["Runic Cube","White Beast Statue"],"picked":"Eternal Feather"},{"not_picked":["Orrery","Pandora\u0027s Box"],"picked":"Calling Bell"}],"items_purged_floors":[28,36],"is_endless":false,"potions_floor_spawned":[2,5,6,10,25,27,29,37],"killed_by":"Maw","ascension_level":0}