{"gold_per_floor":[115,115,132,148,162,187,203,222,222,222,15,15,48,61,61,182,182,207,232,232,245,245,245],"floor_reached":23,"playtime":758,"items_purged":[],"score":328,"play_id":"0c0a85e8-a7d9-4a7a-8eee-e1eacf90b2e3","local_time":"20190426183138","is_ascension_mode":true,"campfire_choices":[{"data":"Coolheaded","floor":15,"key":"SMITH"}],"neow_cost":"NONE","seed_source_timestamp":1400722623602808,"circlet_count":0,"master_deck":["AscendersBane","Strike_B","Strike_B","Strike_B","Defend_B","Defend_B","Defend_B","Defend_B","Zap+1","Dualcast","FTL","Chill","Rebound","Cold Snap","Biased Cognition","Blizzard","Coolheaded+1","Go for the Eyes","Doom and Gloom","Creative AI","Skim","Loop","Discovery","Leap+1"],"relics":["Cracked Core","NeowsBlessing","Girya","Pear","Golden Idol","Runic Capacitor","Dodecahedron","Boot","Black Star"],"potions_floor_usage":[6,13],"damage_taken":[{"damage":0,"enemies":"Jaw Worm","floor":1,"turns":1},{"damage":0,"enemies":"Small Slimes","floor":3,"turns":1},{"damage":0,"enemies":"Cultist","floor":4,"turns":1},{"damage":7,"enemies":"Exordium Wildlife","floor":5,"turns":5},{"damage":19,"enemies":"Lagavulin","floor":6,"turns":5},{"damage":0,"enemies":"Exordium Thugs","floor":7,"turns":4},{"damage":13,"enemies":"3 Louse","floor":8,"turns":3},{"damage":3,"enemies":"3 Sentries","floor":13,"turns":4},{"damage":0,"enemies":"Large Slime","floor":14,"turns":5},{"damage":29,"enemies":"Slime Boss","floor":16,"turns":10},{"damage":17,"enemies":"3 Byrds","floor":18,"turns":4},{"damage":4,"enemies":"2 Thieves","floor":19,"turns":5},{"damage":36,"enemies":"Shelled Parasite and Fungi","floor":21,"turns":6},{"damage":4,"enemies":"Gremlin Leader","floor":23,"turns":8}],"seed_played":"6726089067547699499","potions_obtained":[{"floor":1,"key":"SpeedPotion"},{"floor":4,"key":"PowerPotion"},{"floor":5,"key":"Dexterity Potion"},{"floor":16,"key":"FearPotion"}],"is_trial":false,"path_per_floor":["M","?","M","M","M","E","M","M","T","?","$","T","E","M","R","B",null,"M","M","?","M","?","E"],"character_chosen":"DEFECT","items_purchased":["Runic Capacitor"],"campfire_rested":0,"item_purchase_floors":[11],"current_hp_per_floor":[68,68,68,68,61,42,42,29,39,39,39,39,36,36,36,7,61,44,40,40,4,4,0],"gold":245,"neow_bonus":"THREE_ENEMY_KILL","is_prod":false,"is_daily":false,"chose_seed":false,"campfire_upgraded":1,"win_rate":0,"timestamp":1556321498,"path_taken":["M","?","M","M","M","E","M","M","T","?","$","?","E","M","R","BOSS","M","M","?","?","?","E"],"build_version":"2019-01-23","purchased_purges":0,"victory":false,"max_hp_per_floor":[75,75,75,75,75,75,75,75,85,79,79,79,79,79,79,79,79,79,79,79,79,79,79],"card_choices":[{"not_picked":["Barrage","Recycle"],"picked":"FTL","floor":1},{"not_picked":["Gash","Heatsinks"],"picked":"Chill","floor":3},{"not_picked":["Scrape","Barrage"],"picked":"Rebound","floor":4},{"not_picked":["Recycle","Ball Lightning"],"picked":"Cold Snap","floor":5},{"not_picked":["Leap","Lockon"],"picked":"Biased Cognition","floor":6},{"not_picked":["Conserve Battery","Steam"],"picked":"Blizzard","floor":7},{"not_picked":["Stack","Sweeping Beam"],"picked":"Coolheaded","floor":8},{"not_picked":["Rainbow","Ball Lightning"],"picked":"Go for the Eyes","floor":13},{"not_picked":["Streamline","Leap"],"picked":"Doom and Gloom","floor":14},{"not_picked":["Fission","Reboot"],"picked":"Creative AI","floor":16},{"not_picked":["Sweeping Beam","Stack"],"picked":"Skim","floor":18},{"not_picked":["Coolheaded","Barrage"],"picked":"Loop","floor":19},{"not_picked":["Go for the Eyes","Compile Driver+1"],"picked":"Leap+1","floor":21}],"player_experience":331650,"relics_obtained":[{"floor":6,"key":"Girya"},{"floor":9,"key":"Pear"},{"floor":12,"key":"Dodecahedron"},{"floor":13,"key":"Boot"}],"event_choices":[{"damage_healed":0,"gold_gain":0,"player_choice":"Grow","damage_taken":0,"max_hp_gain":0,"max_hp_loss":0,"event_name":"Living Wall","floor":2,"gold_loss":0,"cards_upgraded":["Zap"]},{"damage_healed":0,"gold_gain":0,"player_choice":"Lose Max HP","damage_taken":0,"relics_obtained":["Golden Idol"],"max_hp_gain":0,"max_hp_loss":6,"event_name":"Golden Idol","floor":10,"gold_loss":0},{"damage_healed":0,"gold_gain":0,"player_choice":"1 cards matched","damage_taken":0,"max_hp_gain":0,"max_hp_loss":0,"event_name":"Match and Keep!","floor":20,"gold_loss":0,"cards_obtained":["Discovery"]},{"cards_removed":["Strike_B"],"damage_healed":0,"gold_gain":0,"player_choice":"Purged","damage_taken":0,"max_hp_gain":0,"max_hp_loss":0,"event_name":"Purifier","floor":22,"gold_loss":0}],"is_beta":false,"boss_relics":[{"not_picked":["Busted Crown","Ectoplasm"],"picked":"Black Star"}],"items_purged_floors":[],"is_endless":false,"potions_floor_spawned":[1,4,5,16],"killed_by":"Gremlin Leader","ascension_level":12}