{"gold_per_floor":[116,133,152,152,162,193,193,207,233,233,248,6,6,24,24,122,122,133,133,153,170,190,190,225,225,225,243,243,259,259,294,294,392,392,405,405,405],"floor_reached":37,"playtime":3689,"items_purged":[],"score":413,"play_id":"a3a54c4b-54d9-4e68-a527-ba7fb577243b","local_time":"20190525175524","is_ascension_mode":false,"campfire_choices":[{"data":"Noxious Fumes","floor":7,"key":"SMITH"},{"data":"Predator","floor":10,"key":"SMITH"},{"data":"Apotheosis","floor":15,"key":"SMITH"},{"data":"Calculated Gamble","floor":23,"key":"SMITH"},{"data":"Tactician","floor":25,"key":"SMITH"},{"data":"Acrobatics","floor":28,"key":"SMITH"},{"data":"Adrenaline","floor":30,"key":"SMITH"},{"floor":32,"key":"REST"}],"neow_cost":"NONE","seed_source_timestamp":44830187971102,"circlet_count":0,"master_deck":["Defend_G","Defend_G","Defend_G","Strike_G+1","Strike_G+1","Survivor","Neutralize","Noxious Fumes+1","Predator+1","Tactician+1","Quick Slash","Burst","Backflip","Flechettes","Apotheosis+1","Flying Knee","Cloak And Dagger","Acrobatics+1","Adrenaline+1","Setup+1","Dagger Throw+1","Blur+1","Accuracy","Choke","Distraction+1","Calculated Gamble+1","Deflect+1","Well Laid Plans+1","Acrobatics","Tactician+1","Phantasmal Killer","Eviscerate+1"],"relics":["Eternal Feather","Whetstone","Centennial Puzzle","Astrolabe","Enchiridion","Regal Pillow","Incense Burner","Blood Vial","HoveringKite"],"potions_floor_usage":[],"damage_taken":[{"damage":0,"enemies":"Small Slimes","floor":1,"turns":4},{"damage":3,"enemies":"Jaw Worm","floor":2,"turns":4},{"damage":0,"enemies":"Cultist","floor":3,"turns":5},{"damage":0,"enemies":"2 Fungi Beasts","floor":5,"turns":3},{"damage":16,"enemies":"Gremlin Nob","floor":6,"turns":4},{"damage":16,"enemies":"Lots of Slimes","floor":8,"turns":4},{"damage":5,"enemies":"Exordium Wildlife","floor":11,"turns":5},{"damage":8,"enemies":"3 Louse","floor":14,"turns":3},{"damage":18,"enemies":"The Guardian","floor":16,"turns":9},{"damage":2,"enemies":"Shell Parasite","floor":18,"turns":4},{"damage":12,"enemies":"2 Thieves","floor":20,"turns":4},{"damage":10,"enemies":"Cultist and Chosen","floor":21,"turns":6},{"damage":18,"enemies":"Sentry and Sphere","floor":22,"turns":6},{"damage":16,"enemies":"Slavers","floor":24,"turns":5},{"damage":14,"enemies":"Snake Plant","floor":27,"turns":4},{"damage":0,"enemies":"Cultist and Chosen","floor":29,"turns":3},{"damage":9,"enemies":"Book of Stabbing","floor":31,"turns":5},{"damage":22,"enemies":"Automaton","floor":33,"turns":8},{"damage":26,"enemies":"3 Darklings","floor":35,"turns":4},{"damage":0,"enemies":"3 Shapes","floor":37,"turns":1}],"seed_played":"7457256948805374771","potions_obtained":[{"floor":3,"key":"Poison Potion"},{"floor":5,"key":"GhostInAJar"},{"floor":6,"key":"Energy Potion"},{"floor":16,"key":"Fire Potion"}],"is_trial":false,"path_per_floor":["M","M","M","?","M","E","R","M","T","R","M","$","?","M","R","B",null,"M","?","M","M","M","R","E","R","T","M","R","M","R","E","R","B",null,"M","?","M"],"character_chosen":"THE_SILENT","items_purchased":["Apotheosis","Flying Knee"],"campfire_rested":1,"item_purchase_floors":[12,12],"current_hp_per_floor":[70,67,67,67,67,51,60,44,44,53,48,48,48,40,52,34,70,68,52,40,30,12,27,11,26,26,12,27,27,42,33,70,48,70,44,44,46],"gold":405,"neow_bonus":"BOSS_RELIC","is_prod":false,"is_daily":false,"chose_seed":false,"campfire_upgraded":7,"win_rate":0,"timestamp":1558832124,"path_taken":["M","M","M","?","M","E","R","M","T","R","M","$","?","M","R","BOSS","M","?","M","M","M","R","E","R","T","M","R","M","R","E","R","BOSS","M","?","M"],"build_version":"2019-01-23","purchased_purges":0,"victory":false,"max_hp_per_floor":[70,70,70,70,70,70,70,70,70,70,70,70,70,70,70,70,70,70,70,70,70,70,70,70,70,70,70,70,70,70,70,70,70,70,70,70,70],"card_choices":[{"not_picked":["Slice","Acrobatics","Underhanded Strike"],"picked":"SKIP","floor":1},{"not_picked":["Sucker Punch","Eviscerate"],"picked":"Noxious Fumes","floor":2},{"not_picked":["Prepared","Endless Agony"],"picked":"Predator","floor":3},{"not_picked":["Deadly Poison","Backflip"],"picked":"Quick Slash","floor":5},{"not_picked":["Cloak And Dagger","Dodge and Roll"],"picked":"Burst","floor":6},{"not_picked":["Predator","Slice"],"picked":"Backflip","floor":8},{"not_picked":["PiercingWail","Distraction"],"picked":"Flechettes","floor":11},{"not_picked":["Underhanded Strike","Deflect"],"picked":"Acrobatics","floor":14},{"not_picked":["Grand Finale","Night Terror"],"picked":"Adrenaline","floor":16},{"not_picked":["Flying Knee","Infinite Blades+1"],"picked":"Accuracy","floor":18},{"not_picked":["Dodge and Roll","Underhanded Strike"],"picked":"Choke","floor":20},{"not_picked":["Masterful Stab","Flying Knee"],"picked":"Distraction+1","floor":21},{"not_picked":["Flechettes+1","Acrobatics"],"picked":"Calculated Gamble","floor":22},{"not_picked":["Deadly Poison","Masterful Stab"],"picked":"Deflect+1","floor":24},{"not_picked":["Deflect","Unload"],"picked":"Well Laid Plans+1","floor":27},{"not_picked":["Concentrate","Masterful Stab+1"],"picked":"Acrobatics","floor":29},{"not_picked":["Deadly Poison","Blade Dance"],"picked":"Tactician+1","floor":31},{"not_picked":["Malaise","Bullet Time"],"picked":"Phantasmal Killer","floor":33},{"not_picked":["Flechettes","Outmaneuver"],"picked":"Eviscerate+1","floor":35}],"player_experience":294521,"relics_obtained":[{"floor":6,"key":"Whetstone"},{"floor":9,"key":"Centennial Puzzle"},{"floor":19,"key":"Enchiridion"},{"floor":24,"key":"Regal Pillow"},{"floor":26,"key":"Incense Burner"},{"floor":31,"key":"Blood Vial"}],"event_choices":[{"damage_healed":0,"gold_gain":0,"cards_transformed":["Strike_G"],"player_choice":"Change","damage_taken":0,"max_hp_gain":0,"max_hp_loss":0,"event_name":"Living Wall","floor":4,"gold_loss":0,"cards_obtained":["Tactician"]},{"damage_healed":0,"gold_gain":0,"cards_transformed":["Strike_G"],"player_choice":"Transformed","damage_taken":0,"max_hp_gain":0,"max_hp_loss":0,"event_name":"Transmorgrifier","floor":13,"gold_loss":0,"cards_obtained":["Cloak And Dagger"]},{"damage_healed":0,"gold_gain":0,"player_choice":"Obtained Book","damage_taken":16,"max_hp_gain":0,"max_hp_loss":0,"event_name":"Cursed Tome","floor":19,"gold_loss":0},{"damage_healed":0,"gold_gain":0,"player_choice":"Ignored","damage_taken":0,"max_hp_gain":0,"max_hp_loss":0,"event_name":"SecretPortal","floor":36,"gold_loss":0}],"is_beta":false,"boss_relics":[{"not_picked":["Velvet Choker","Orrery"],"picked":"Astrolabe"},{"not_picked":["Tiny House","Runic Pyramid"],"picked":"HoveringKite"}],"items_purged_floors":[],"is_endless":false,"potions_floor_spawned":[3,5,6,8,16,21,24,27,35],"killed_by":"3 Shapes","ascension_level":0}