{"gold_per_floor":[116,130,150,3,18,50,50,75,75,92,92,92,92,111,111,212,212,222,222,72,72,87,116,132,132,205,109,125,125,125,137,137,137],"floor_reached":33,"playtime":1225,"items_purged":[],"score":462,"play_id":"c3e97f0b-35fd-42fc-bc51-17395c24aa06","local_time":"20190306022858","is_ascension_mode":true,"campfire_choices":[{"floor":12,"key":"REST"},{"data":"Fission","floor":15,"key":"SMITH"},{"data":"Defragment","floor":25,"key":"SMITH"},{"data":"Echo Form","floor":29,"key":"SMITH"},{"floor":32,"key":"REST"}],"neow_cost":"NONE","seed_source_timestamp":1215152716620762,"circlet_count":0,"master_deck":["Defend_B","Defend_B","Defend_B+1","Defend_B","Zap+1","Dualcast","Leap","Cold Snap","Barrage","Echo Form+1","BootSequence","Chill","Coolheaded","Fission+1","Turbo","Defragment+1","Creative AI","Recycle","Bite","Bite","Bite","Bite","Bite","Steam Power","Chaos","Dramatic Entrance"],"relics":["Cracked Core","NeowsBlessing","Happy Flower","Vajra","Dodecahedron","Inserter","Strawberry","Spirit Poop","Peace Pipe","Singing Bowl"],"potions_floor_usage":[8,8,8,8,8,8,8,8,16,23,33,33,33],"damage_taken":[{"damage":0,"enemies":"2 Louse","floor":1,"turns":1},{"damage":0,"enemies":"Jaw Worm","floor":2,"turns":1},{"damage":0,"enemies":"Cultist","floor":3,"turns":1},{"damage":0,"enemies":"3 Louse","floor":5,"turns":4},{"damage":18,"enemies":"Lagavulin","floor":6,"turns":9},{"damage":18,"enemies":"Gremlin Nob","floor":8,"turns":4},{"damage":10,"enemies":"Gremlin Gang","floor":10,"turns":5},{"damage":16,"enemies":"Large Slime","floor":14,"turns":6},{"damage":22,"enemies":"The Guardian","floor":16,"turns":13},{"damage":19,"enemies":"Chosen","floor":18,"turns":10},{"damage":26,"enemies":"2 Thieves","floor":22,"turns":4},{"damage":0,"enemies":"Gremlin Leader","floor":23,"turns":8},{"damage":15,"enemies":"Centurion and Healer","floor":24,"turns":8},{"damage":15,"enemies":"Snake Plant","floor":28,"turns":6},{"damage":25,"enemies":"Cultist and Chosen","floor":31,"turns":6},{"damage":76,"enemies":"Automaton","floor":33,"turns":12}],"seed_played":"-1348068001893301769","potions_obtained":[{"floor":1,"key":"Explosive Potion"},{"floor":3,"key":"SpeedPotion"},{"floor":6,"key":"EntropicBrew"},{"floor":10,"key":"Weak Potion"},{"floor":22,"key":"Explosive Potion"},{"floor":23,"key":"Explosive Potion"},{"floor":30,"key":"GamblersBrew"}],"is_trial":false,"path_per_floor":["M","M","M","$","M","E","?","E","T","M","?","R","?","M","R","B",null,"M","?","$","?","M","E","M","R","T","$","M","R","?","M","R","B"],"character_chosen":"DEFECT","items_purchased":["Echo Form","BootSequence","Strawberry","Dramatic Entrance"],"campfire_rested":2,"item_purchase_floors":[4,4,20,27],"current_hp_per_floor":[68,68,68,68,68,50,35,17,17,7,25,47,47,31,31,9,59,40,40,47,47,31,51,48,48,48,48,45,45,45,28,46,0],"gold":137,"neow_bonus":"THREE_ENEMY_KILL","is_prod":false,"is_daily":false,"chose_seed":false,"campfire_upgraded":3,"win_rate":0,"timestamp":1551860938,"path_taken":["M","M","M","$","M","E","?","E","T","M","?","R","?","M","R","BOSS","M","?","$","?","M","E","M","R","T","$","?","R","?","?","R","BOSS"],"build_version":"2019-01-23","purchased_purges":0,"victory":false,"max_hp_per_floor":[75,75,75,75,75,75,75,75,75,75,75,75,75,75,75,75,75,75,52,59,56,56,56,56,56,56,56,58,58,58,60,60,60],"card_choices":[{"not_picked":["Auto Shields","Gash"],"picked":"Leap","floor":1},{"not_picked":["Turbo","Go for the Eyes"],"picked":"Cold Snap","floor":2},{"not_picked":["Steam","Skim"],"picked":"Barrage","floor":3},{"not_picked":["All For One","Hologram"],"picked":"Chill","floor":5},{"not_picked":["Melter","Gash"],"picked":"Coolheaded","floor":6},{"not_picked":["Steam","Leap"],"picked":"Fission","floor":8},{"not_picked":["Ball Lightning","Redo"],"picked":"Turbo","floor":10},{"not_picked":["Hologram","Sweeping Beam"],"picked":"Defragment","floor":14},{"not_picked":["All For One","Reboot"],"picked":"Creative AI","floor":16},{"not_picked":["Lockon","Steam"],"picked":"Recycle","floor":18},{"not_picked":["Leap","Auto Shields"],"picked":"Steam Power","floor":22},{"not_picked":["Melter+1","Barrage+1"],"picked":"Chaos","floor":23},{"not_picked":["Conserve Battery+1","Beam Cell+1","Leap"],"picked":"SKIP","floor":24},{"not_picked":["Reprogram+1","Multi-Cast","FTL"],"picked":"Singing Bowl","floor":28},{"not_picked":["Recycle+1","Leap","Melter"],"picked":"Singing Bowl","floor":31}],"player_experience":177044,"relics_obtained":[{"floor":6,"key":"Happy Flower"},{"floor":8,"key":"Vajra"},{"floor":9,"key":"Dodecahedron"},{"floor":23,"key":"Peace Pipe"},{"floor":26,"key":"Singing Bowl"}],"event_choices":[{"damage_healed":0,"gold_gain":0,"player_choice":"Entered Light","damage_taken":15,"max_hp_gain":0,"max_hp_loss":0,"event_name":"Shining Light","floor":7,"gold_loss":0,"cards_upgraded":["Defend_B","Zap"]},{"damage_healed":18,"gold_gain":0,"player_choice":"Healed and dodged fight","damage_taken":0,"max_hp_gain":0,"max_hp_loss":0,"event_name":"Mushrooms","floor":11,"gold_loss":0,"cards_obtained":["Parasite"]},{"damage_healed":0,"gold_gain":0,"player_choice":"Ignored","damage_taken":0,"max_hp_gain":0,"max_hp_loss":0,"event_name":"Liars Game","floor":13,"gold_loss":0},{"damage_healed":0,"gold_gain":0,"player_choice":"Became a vampire","damage_taken":0,"max_hp_gain":0,"max_hp_loss":23,"event_name":"Vampires","floor":19,"gold_loss":0,"cards_obtained":["Bite","Bite","Bite","Bite","Bite"]},{"cards_removed":["Parasite"],"damage_healed":0,"gold_gain":0,"player_choice":"Offered Curse","damage_taken":0,"relics_obtained":["Spirit Poop"],"max_hp_gain":0,"max_hp_loss":0,"event_name":"Bonfire Elementals","floor":21,"gold_loss":0},{"damage_healed":0,"gold_gain":0,"player_choice":"Got Potions","damage_taken":0,"max_hp_gain":0,"max_hp_loss":0,"event_name":"Lab","floor":30,"gold_loss":0}],"is_beta":false,"boss_relics":[{"not_picked":["Lizard Tail","Runic Pyramid"],"picked":"Inserter"}],"items_purged_floors":[],"is_endless":false,"potions_floor_spawned":[1,3,6,10,22,23],"killed_by":"Automaton","ascension_level":9}