{"gold_per_floor":[112,129,129,129,143,143,157,186,241,260,260,278,278,297,297,297],"floor_reached":16,"playtime":764,"items_purged":[],"score":104,"play_id":"c2124f62-6de6-4335-b2b3-4a9312fa7cc2","local_time":"20190523215115","is_ascension_mode":false,"campfire_choices":[{"data":"Redo","floor":6,"key":"SMITH"},{"floor":11,"key":"REST"},{"floor":15,"key":"REST"}],"neow_cost":"NONE","seed_source_timestamp":297246763131000,"circlet_count":0,"master_deck":["Strike_B","Strike_B","Strike_B","Defend_B+1","Defend_B","Defend_B","Defend_B+1","Zap+1","Dualcast","Redo+1","Capacitor","Ball Lightning","Conserve Battery","Creative AI","Loop","Darkness","Steam Power","Echo Form"],"relics":["Cracked Core","Ornamental Fan","War Paint"],"potions_floor_usage":[10,16,16,16],"damage_taken":[{"damage":5,"enemies":"Small Slimes","floor":1,"turns":2},{"damage":1,"enemies":"2 Louse","floor":2,"turns":2},{"damage":6,"enemies":"Cultist","floor":5,"turns":3},{"damage":2,"enemies":"Blue Slaver","floor":7,"turns":3},{"damage":24,"enemies":"Gremlin Nob","floor":8,"turns":4},{"damage":18,"enemies":"Gremlin Gang","floor":10,"turns":3},{"damage":15,"enemies":"3 Louse","floor":12,"turns":3},{"damage":9,"enemies":"2 Fungi Beasts","floor":14,"turns":3},{"damage":41,"enemies":"The Guardian","floor":16,"turns":8}],"seed_played":"-8819028495943344134","potions_obtained":[{"floor":5,"key":"Ancient Potion"},{"floor":7,"key":"Fire Potion"},{"floor":8,"key":"SpeedPotion"},{"floor":10,"key":"AttackPotion"},{"floor":13,"key":"EssenceOfSteel"}],"is_trial":false,"path_per_floor":["M","M","?","?","M","R","M","E","T","M","R","M","?","M","R","B"],"character_chosen":"DEFECT","items_purchased":[],"campfire_rested":2,"item_purchase_floors":[],"current_hp_per_floor":[70,69,69,69,63,63,61,37,37,19,41,26,26,17,39,0],"gold":297,"neow_bonus":"UPGRADE_CARD","is_prod":false,"is_daily":false,"chose_seed":false,"campfire_upgraded":1,"win_rate":0.0,"timestamp":1558662675,"path_taken":["M","M","?","?","M","R","M","E","T","M","R","?","?","?","R","BOSS"],"build_version":"2019-01-23","purchased_purges":0,"victory":false,"max_hp_per_floor":[75,75,75,75,75,75,75,75,75,75,75,75,75,75,75,75],"card_choices":[{"not_picked":["Reprogram","Leap"],"picked":"Redo","floor":1},{"not_picked":["Reprogram","Redo"],"picked":"Capacitor","floor":2},{"not_picked":["Steam","Tempest"],"picked":"Conserve Battery","floor":5},{"not_picked":["Steam","Loop"],"picked":"Creative AI","floor":7},{"not_picked":["Ball Lightning","Redo"],"picked":"Loop","floor":8},{"not_picked":["Steam","Cold Snap"],"picked":"Darkness","floor":10},{"not_picked":["Barrage","Rip and Tear"],"picked":"Steam Power","floor":12},{"not_picked":["Cold Snap","Go for the Eyes"],"picked":"Echo Form","floor":14}],"player_experience":12922,"relics_obtained":[{"floor":8,"key":"Ornamental Fan"},{"floor":9,"key":"War Paint"}],"event_choices":[{"damage_healed":0,"gold_gain":0,"cards_transformed":["Strike_B"],"player_choice":"Change","damage_taken":0,"max_hp_gain":0,"max_hp_loss":0,"event_name":"Living Wall","floor":3,"gold_loss":0,"cards_obtained":["Ball Lightning"]},{"damage_healed":0,"gold_gain":0,"player_choice":"Bought 0 Potions","damage_taken":0,"max_hp_gain":0,"max_hp_loss":0,"event_name":"The Woman in Blue","floor":4,"gold_loss":0},{"damage_healed":0,"gold_gain":0,"player_choice":"Got Potions","damage_taken":0,"max_hp_gain":0,"max_hp_loss":0,"event_name":"Lab","floor":13,"gold_loss":0}],"is_beta":false,"boss_relics":[],"items_purged_floors":[],"is_endless":false,"potions_floor_spawned":[5,7,8,10,14],"killed_by":"The Guardian","ascension_level":0}