{"gold_per_floor":[115,132,51,226,226,253,253,278,278,295,323,323,355,380,380,478,478,498,510,521,541,60,87,87,116,116,116,150,161,187,187,187,292,292,309,309,319,339,353,353,366,366,366,366,377,377,81,110,110,110],"floor_reached":51,"playtime":2018,"items_purged":["Strike_G","Strike_G"],"score":1029,"play_id":"5b03c62b-0974-483d-becf-e84825c38ac2","local_time":"20190321215013","is_ascension_mode":true,"campfire_choices":[{"data":"Noxious Fumes","floor":7,"key":"SMITH"},{"floor":12,"key":"REST"},{"data":"Backstab","floor":15,"key":"SMITH"},{"data":"Dagger Spray","floor":24,"key":"SMITH"},{"floor":32,"key":"REST"},{"floor":40,"key":"REST"},{"data":"Backstab","floor":42,"key":"SMITH"},{"data":"Well Laid Plans","floor":44,"key":"SMITH"},{"data":"Neutralize","floor":49,"key":"SMITH"}],"neow_cost":"NONE","seed_source_timestamp":421623615408333,"circlet_count":0,"master_deck":["Defend_G+1","Defend_G","Defend_G","Defend_G","Defend_G","Strike_G","Strike_G","Survivor+1","Neutralize+1","Deadly Poison","Leg Sweep+1","Noxious Fumes+1","Dagger Spray+1","Poisoned Stab","Backflip","Backstab+1","PiercingWail+1","Night Terror+1","Deadly Poison+1","Outmaneuver+1","Slice+1","Cloak And Dagger+1","Deflect+1","Calculated Gamble+1","Catalyst+1","Well Laid Plans+1","Dodge and Roll+1","PiercingWail+1","Accuracy+1","Backstab+1","Deflect+1","Acrobatics+1","Footwork+1","Terror+1","Distraction+1","Tools of the Trade+1"],"relics":["Ring of the Snake","Prayer Wheel","Regal Pillow","Bottled Flame","Toxic Egg 2","Blood Vial","Ancient Tea Set","Busted Crown","Mercury Hourglass","Oddly Smooth Stone","Red Mask","Dream Catcher","Bag of Marbles","Gremlin Horn","Frozen Egg 2","Sozu","Ornamental Fan","TwistedFunnel","War Paint"],"potions_floor_usage":[11,13,23,28,28,28,50],"damage_taken":[{"damage":0,"enemies":"Jaw Worm","floor":1,"turns":3},{"damage":0,"enemies":"2 Louse","floor":2,"turns":3},{"damage":26,"enemies":"3 Sentries","floor":6,"turns":9},{"damage":12,"enemies":"Lagavulin","floor":8,"turns":9},{"damage":0,"enemies":"Cultist","floor":10,"turns":4},{"damage":21,"enemies":"Gremlin Nob","floor":11,"turns":4},{"damage":30,"enemies":"3 Sentries","floor":13,"turns":7},{"damage":33,"enemies":"Slime Boss","floor":16,"turns":10},{"damage":2,"enemies":"Chosen","floor":18,"turns":6},{"damage":9,"enemies":"Shell Parasite","floor":19,"turns":5},{"damage":0,"enemies":"Snecko","floor":20,"turns":4},{"damage":8,"enemies":"Chosen and Byrds","floor":21,"turns":5},{"damage":2,"enemies":"Slavers","floor":23,"turns":5},{"damage":0,"enemies":"Masked Bandits","floor":25,"turns":2},{"damage":2,"enemies":"Book of Stabbing","floor":28,"turns":5},{"damage":12,"enemies":"Snake Plant","floor":29,"turns":2},{"damage":0,"enemies":"Gremlin Leader","floor":30,"turns":3},{"damage":48,"enemies":"Collector","floor":33,"turns":8},{"damage":32,"enemies":"3 Darklings","floor":35,"turns":4},{"damage":0,"enemies":"Orb Walker","floor":37,"turns":4},{"damage":1,"enemies":"Writhing Mass","floor":38,"turns":4},{"damage":0,"enemies":"3 Darklings","floor":39,"turns":4},{"damage":0,"enemies":"Sphere and 2 Shapes","floor":41,"turns":3},{"damage":0,"enemies":"Jaw Worm Horde","floor":45,"turns":3},{"damage":8,"enemies":"Nemesis","floor":48,"turns":9},{"damage":30,"enemies":"Awakened One","floor":50,"turns":12}],"seed_played":"-2225634700580678500","potions_obtained":[{"floor":8,"key":"SteroidPotion"},{"floor":11,"key":"Regen Potion"},{"floor":16,"key":"Fire Potion"},{"floor":20,"key":"SneckoOil"},{"floor":21,"key":"Weak Potion"},{"floor":25,"key":"SneckoOil"},{"floor":28,"key":"Strength Potion"}],"is_trial":false,"path_per_floor":["M","M","$","?","?","E","R","E","T","M","E","R","E","T","R","B",null,"M","M","M","M","$","E","R","?","T","?","E","M","E","?","R","B",null,"M","?","M","M","M","R","M","R","T","R","M","?","$","E","R","B",null],"character_chosen":"THE_SILENT","items_purchased":["Noxious Fumes","Catalyst+1","Well Laid Plans","Mercury Hourglass","Dodge and Roll+1","TwistedFunnel"],"campfire_rested":3,"item_purchase_floors":[3,22,22,22,22,47],"current_hp_per_floor":[70,70,70,70,70,44,44,32,32,32,11,47,32,32,32,1,53,53,46,48,42,42,42,42,44,44,44,44,34,36,36,70,22,58,28,28,30,31,33,69,70,70,70,70,70,70,70,62,62,34],"gold":110,"neow_bonus":"UPGRADE_CARD","is_prod":false,"is_daily":false,"chose_seed":false,"campfire_upgraded":6,"win_rate":0,"timestamp":1553223013,"path_taken":["M","M","$","?","?","E","R","E","T","M","E","R","E","?","R","BOSS","M","?","M","M","$","E","R","?","T","?","E","?","E","?","R","BOSS","M","?","?","M","M","R","?","R","T","R","M","?","$","E","R","BOSS"],"build_version":"2019-01-23","purchased_purges":2,"victory":true,"max_hp_per_floor":[70,70,70,70,70,70,70,70,70,70,70,70,70,70,70,70,70,70,70,70,70,70,70,70,70,70,70,70,70,70,70,70,70,70,70,70,70,70,70,70,70,70,70,70,70,70,70,70,70,70],"card_choices":[{"not_picked":["Bane","Quick Slash"],"picked":"Deadly Poison","floor":1},{"not_picked":["Riddle With Holes","Poisoned Stab"],"picked":"Leg Sweep","floor":2},{"not_picked":["Flying Knee","Expertise"],"picked":"Dagger Spray","floor":6},{"not_picked":["Reflex","Caltrops"],"picked":"Poisoned Stab","floor":8},{"not_picked":["Dodge and Roll","Underhanded Strike"],"picked":"Backflip","floor":10},{"not_picked":["Dodge and Roll","Cloak And Dagger"],"picked":"Backstab","floor":10},{"not_picked":["Outmaneuver","Finisher","Slice"],"picked":"SKIP","floor":11},{"not_picked":["Riddle With Holes","Backstab"],"picked":"PiercingWail+1","floor":13},{"not_picked":["Adrenaline+1","Die Die Die"],"picked":"Night Terror+1","floor":16},{"not_picked":[],"picked":"Deadly Poison+1","floor":18},{"not_picked":[],"picked":"Outmaneuver+1","floor":18},{"not_picked":[],"picked":"Slice+1","floor":19},{"not_picked":[],"picked":"Cloak And Dagger+1","floor":19},{"not_picked":[],"picked":"Cloak And Dagger+1","floor":20},{"not_picked":["Phantasmal Killer+1"],"picked":"SKIP","floor":20},{"not_picked":[],"picked":"Deflect+1","floor":21},{"not_picked":[],"picked":"Calculated Gamble+1","floor":21},{"not_picked":["Dagger Spray"],"picked":"SKIP","floor":23},{"not_picked":[],"picked":"PiercingWail+1","floor":25},{"not_picked":["Poisoned Stab"],"picked":"SKIP","floor":28},{"not_picked":["Dagger Throw"],"picked":"SKIP","floor":29},{"not_picked":["Quick Slash"],"picked":"SKIP","floor":29},{"not_picked":["Heel Hook"],"picked":"SKIP","floor":30},{"not_picked":[],"picked":"Accuracy+1","floor":32},{"not_picked":[],"picked":"Backstab","floor":35},{"not_picked":["Underhanded Strike"],"picked":"SKIP","floor":35},{"not_picked":[],"picked":"Deflect+1","floor":37},{"not_picked":["Cloak And Dagger+1"],"picked":"SKIP","floor":37},{"not_picked":["Caltrops+1"],"picked":"SKIP","floor":38},{"not_picked":["Underhanded Strike"],"picked":"SKIP","floor":38},{"not_picked":[],"picked":"Acrobatics+1","floor":39},{"not_picked":["PiercingWail+1"],"picked":"SKIP","floor":39},{"not_picked":[],"picked":"Footwork+1","floor":41},{"not_picked":["Finisher+1"],"picked":"SKIP","floor":41},{"not_picked":[],"picked":"Terror+1","floor":45},{"not_picked":[],"picked":"Distraction+1","floor":45},{"not_picked":[],"picked":"Tools of the Trade+1","floor":48}],"player_experience":246891,"relics_obtained":[{"floor":6,"key":"Prayer Wheel"},{"floor":8,"key":"Regal Pillow"},{"floor":9,"key":"Bottled Flame"},{"floor":11,"key":"Toxic Egg 2"},{"floor":13,"key":"Blood Vial"},{"floor":14,"key":"Ancient Tea Set"},{"floor":23,"key":"Oddly Smooth Stone"},{"floor":25,"key":"Red Mask"},{"floor":26,"key":"Dream Catcher"},{"floor":27,"key":"Bag of Marbles"},{"floor":28,"key":"Gremlin Horn"},{"floor":30,"key":"Frozen Egg 2"},{"floor":43,"key":"Ornamental Fan"},{"floor":48,"key":"War Paint"}],"event_choices":[{"damage_healed":0,"gold_gain":175,"player_choice":"AGREE","damage_taken":0,"max_hp_gain":0,"max_hp_loss":0,"event_name":"Liars Game","floor":4,"gold_loss":0,"cards_obtained":["Doubt"]},{"cards_removed":["Doubt"],"damage_healed":0,"gold_gain":0,"player_choice":"Forget","damage_taken":0,"max_hp_gain":0,"max_hp_loss":0,"event_name":"Living Wall","floor":5,"gold_loss":0},{"damage_healed":0,"gold_gain":0,"player_choice":"Fought Bandits","damage_taken":0,"max_hp_gain":0,"max_hp_loss":0,"event_name":"Masked Bandits","floor":25,"gold_loss":0},{"damage_healed":0,"gold_gain":0,"player_choice":"Relic","damage_taken":0,"max_hp_gain":0,"max_hp_loss":0,"event_name":"Wheel of Change","floor":27,"gold_loss":0},{"damage_healed":0,"gold_gain":0,"player_choice":"Ignored","damage_taken":0,"max_hp_gain":0,"max_hp_loss":0,"event_name":"Cursed Tome","floor":31,"gold_loss":0},{"cards_removed":["Strike_G"],"damage_healed":0,"gold_gain":0,"player_choice":"Offered Basic","damage_taken":0,"max_hp_gain":0,"max_hp_loss":0,"event_name":"Bonfire Elementals","floor":36,"gold_loss":0},{"cards_removed":["Cloak And Dagger"],"damage_healed":0,"gold_gain":0,"player_choice":"Removed Skill","damage_taken":0,"max_hp_gain":0,"max_hp_loss":0,"event_name":"Falling","floor":46,"gold_loss":0}],"is_beta":false,"boss_relics":[{"not_picked":["Runic Dome","WristBlade"],"picked":"Busted Crown"},{"not_picked":["HoveringKite","Tiny House"],"picked":"Sozu"}],"items_purged_floors":[22,47],"is_endless":false,"potions_floor_spawned":[8,11,16,20,21,25,28,35,38,39],"ascension_level":5}