{"gold_per_floor":[215,230,23,36,36,36,71,71,71,71,71,90,90,103,103,229,229,253,253,267,288,302,302,302],"floor_reached":24,"playtime":921,"items_purged":[],"score":223,"play_id":"9211aca5-d864-4923-9dd5-0ccd5cd87425","local_time":"20190527174357","is_ascension_mode":false,"campfire_choices":[{"data":"True Grit","floor":6,"key":"SMITH"},{"floor":8,"key":"REST"},{"data":"Clothesline","floor":10,"key":"SMITH"},{"floor":15,"key":"REST"},{"data":"Double Tap","floor":23,"key":"SMITH"}],"neow_cost":"NONE","seed_source_timestamp":2602236758339,"circlet_count":0,"master_deck":["Defend_R+1","Defend_R","Defend_R","Defend_R","Bash+1","Sever Soul","Spot Weakness","Pommel Strike","Double Tap+1","True Grit+1","Clothesline+1","Battle Trance","Flame Barrier","Reaper","Bite","Bite","Bite","Bite","Bite"],"relics":["Burning Blood","Golden Idol","Pantograph","Letter Opener","Busted Crown"],"potions_floor_usage":[],"damage_taken":[{"damage":2,"enemies":"Small Slimes","floor":1,"turns":4},{"damage":0,"enemies":"2 Louse","floor":2,"turns":2},{"damage":8,"enemies":"Jaw Worm","floor":4,"turns":3},{"damage":31,"enemies":"Lagavulin","floor":7,"turns":5},{"damage":4,"enemies":"Blue Slaver","floor":12,"turns":4},{"damage":9,"enemies":"3 Louse","floor":14,"turns":3},{"damage":34,"enemies":"The Guardian","floor":16,"turns":11},{"damage":29,"enemies":"3 Byrds","floor":18,"turns":4},{"damage":21,"enemies":"2 Thieves","floor":20,"turns":4},{"damage":22,"enemies":"Snake Plant","floor":21,"turns":3},{"damage":20,"enemies":"Centurion and Healer","floor":22,"turns":6},{"damage":76,"enemies":"Slavers","floor":24,"turns":4}],"seed_played":"3323141363645631644","potions_obtained":[{"floor":1,"key":"Energy Potion"},{"floor":7,"key":"LiquidBronze"},{"floor":21,"key":"Poison Potion"}],"is_trial":false,"path_per_floor":["M","M","$","M","?","R","E","R","T","R","?","M","?","M","R","B",null,"M","?","M","M","M","R","E"],"character_chosen":"IRONCLAD","items_purchased":["Pommel Strike","Double Tap"],"campfire_rested":2,"item_purchase_floors":[3,3],"current_hp_per_floor":[80,80,80,78,58,58,33,57,57,57,41,43,43,40,64,52,80,67,56,49,41,45,45,0],"gold":302,"neow_bonus":"HUNDRED_GOLD","is_prod":false,"is_daily":false,"chose_seed":false,"campfire_upgraded":3,"win_rate":0,"timestamp":1559004237,"path_taken":["M","M","$","M","?","R","E","R","T","R","?","M","?","?","R","BOSS","M","?","M","M","M","R","E"],"build_version":"2019-01-23","purchased_purges":0,"victory":false,"max_hp_per_floor":[80,80,80,80,80,80,80,80,80,80,80,80,80,80,80,80,80,80,56,56,56,56,56,56],"card_choices":[{"not_picked":["Seeing Red","Entrench"],"picked":"Sever Soul","floor":1},{"not_picked":["Perfected Strike","True Grit"],"picked":"Spot Weakness","floor":2},{"not_picked":["Anger","Wild Strike"],"picked":"True Grit","floor":4},{"not_picked":["Flex","Warcry"],"picked":"Clothesline","floor":7},{"not_picked":["Intimidate","Entrench"],"picked":"Battle Trance","floor":12},{"not_picked":["Hemokinesis","Clash"],"picked":"Flame Barrier","floor":14},{"not_picked":["Brutality","Impervious"],"picked":"Reaper","floor":16},{"not_picked":["Second Wind"],"picked":"SKIP","floor":18},{"not_picked":["Clothesline"],"picked":"SKIP","floor":20},{"not_picked":["Iron Wave"],"picked":"SKIP","floor":21},{"not_picked":["Clothesline"],"picked":"SKIP","floor":22}],"player_experience":338608,"relics_obtained":[{"floor":7,"key":"Pantograph"},{"floor":9,"key":"Letter Opener"}],"event_choices":[{"damage_healed":0,"gold_gain":0,"player_choice":"Take Damage","damage_taken":20,"relics_obtained":["Golden Idol"],"max_hp_gain":0,"max_hp_loss":0,"event_name":"Golden Idol","floor":5,"gold_loss":0},{"damage_healed":0,"gold_gain":0,"player_choice":"Entered Light","damage_taken":16,"max_hp_gain":0,"max_hp_loss":0,"event_name":"Shining Light","floor":11,"gold_loss":0,"cards_upgraded":["Bash","Defend_R"]},{"damage_healed":0,"gold_gain":0,"player_choice":"Ignored","damage_taken":0,"max_hp_gain":0,"max_hp_loss":0,"event_name":"Liars Game","floor":13,"gold_loss":0},{"damage_healed":0,"gold_gain":0,"player_choice":"Became a vampire","damage_taken":0,"max_hp_gain":0,"max_hp_loss":24,"event_name":"Vampires","floor":19,"gold_loss":0,"cards_obtained":["Bite","Bite","Bite","Bite","Bite"]}],"is_beta":false,"boss_relics":[{"not_picked":["Astrolabe","White Beast Statue"],"picked":"Busted Crown"}],"items_purged_floors":[],"is_endless":false,"potions_floor_spawned":[1,7,21],"killed_by":"Slavers","ascension_level":0}