{"gold_per_floor":[14,24,24,35,46,58,58,58,107,134,151,181,181,200,200,302,302,315,333,351,367,219,219,144,144,144,170,170,186,186,202,202,202],"floor_reached":33,"playtime":2015,"items_purged":["Strike_R"],"score":281,"play_id":"8232a74d-3204-4af0-94f5-d2132d32cb85","local_time":"20190523121605","is_ascension_mode":false,"campfire_choices":[{"data":"Feel No Pain","floor":8.0,"key":"SMITH"},{"data":"Sever Soul","floor":13.0,"key":"SMITH"},{"floor":15.0,"key":"REST"},{"floor":23.0,"key":"REST"},{"data":"Second Wind","floor":28.0,"key":"SMITH"},{"floor":30.0,"key":"REST"},{"data":"Sentinel","floor":32.0,"key":"SMITH"}],"neow_cost":"NO_GOLD","seed_source_timestamp":0,"circlet_count":0,"master_deck":["Strike_R","Strike_R","Defend_R","Defend_R","Bash","Clothesline","Burning Pact","Iron Wave","Metallicize","Sever Soul+1","Power Through","Feel No Pain+1","Entrench","Immolate","Shrug It Off","Dark Embrace","Body Slam","True Grit+1","Second Wind+1","RitualDagger","Sentinel+1","Sentinel"],"special_seed":0,"relics":["Burning Blood","Oddly Smooth Stone","Ornamental Fan","Regal Pillow","Mark of Pain","Juzu Bracelet"],"potions_floor_usage":[],"damage_taken":[{"damage":2.0,"enemies":"2 Louse","floor":1.0,"turns":4.0},{"damage":6.0,"enemies":"Cultist","floor":2.0,"turns":4.0},{"damage":10.0,"enemies":"Small Slimes","floor":4.0,"turns":4.0},{"damage":0.0,"enemies":"2 Fungi Beasts","floor":5.0,"turns":3.0},{"damage":0.0,"enemies":"Red Slaver","floor":6.0,"turns":5.0},{"damage":23.0,"enemies":"3 Sentries","floor":10.0,"turns":12.0},{"damage":3.0,"enemies":"Blue Slaver","floor":11.0,"turns":4.0},{"damage":20.0,"enemies":"Lagavulin","floor":12.0,"turns":8.0},{"damage":0.0,"enemies":"3 Louse","floor":14.0,"turns":1.0},{"damage":44.0,"enemies":"Slime Boss","floor":16.0,"turns":10.0},{"damage":10.0,"enemies":"Shell Parasite","floor":18.0,"turns":9.0},{"damage":26.0,"enemies":"Spheric Guardian","floor":19.0,"turns":6.0},{"damage":13.0,"enemies":"Centurion and Healer","floor":20.0,"turns":10.0},{"damage":36.0,"enemies":"Sentry and Sphere","floor":21.0,"turns":6.0},{"damage":13.0,"enemies":"Book of Stabbing","floor":27.0,"turns":10.0},{"damage":7.0,"enemies":"Cultist and Chosen","floor":29.0,"turns":8.0},{"damage":6.0,"enemies":"Snecko","floor":31.0,"turns":5.0},{"damage":81,"enemies":"Collector","floor":33,"turns":8}],"seed_played":"8805465196607229525","potions_obtained":[{"floor":2.0,"key":"Regen Potion"},{"floor":6.0,"key":"SkillPotion"},{"floor":12.0,"key":"Fire Potion"}],"is_trial":false,"path_per_floor":["M","M","$","M","M","M","?","R","T","E","M","E","R","M","R","B",null,"M","M","M","M","$","R","?","?","T","E","R","M","R","M","R","B"],"character_chosen":"IRONCLAD","items_purchased":["Second Wind"],"campfire_rested":3,"item_purchase_floors":[22],"current_hp_per_floor":[80,80,80,76,80,80,80,80,80,63,66,52,52,58,80,42,80,76,56,49,19,19,58,58,52,52,45,45,44,80,80,80,0],"gold":202,"neow_bonus":"TRANSFORM_TWO_CARDS","is_prod":false,"is_daily":false,"chose_seed":false,"campfire_upgraded":4,"win_rate":0,"timestamp":1558638965,"path_taken":["M","M","$","M","M","M","?","R","T","E","M","E","R","?","R","BOSS","M","M","M","?","$","R","?","?","T","E","R","M","R","M","R","BOSS"],"build_version":"2019-01-23","purchased_purges":1,"victory":false,"max_hp_per_floor":[80,80,80,80,80,80,80,80,80,80,80,80,80,80,80,80,80,80,80,80,80,80,80,80,80,80,80,80,80,80,80,80,80],"card_choices":[{"not_picked":["Warcry","Metallicize"],"picked":"Iron Wave","floor":1.0},{"not_picked":["Infernal Blade","Havoc"],"picked":"Metallicize","floor":2.0},{"not_picked":["Havoc","Twin Strike"],"picked":"Sever Soul","floor":4.0},{"not_picked":["Pummel","Hemokinesis"],"picked":"Power Through","floor":5.0},{"not_picked":["Flame Barrier","Hemokinesis"],"picked":"Feel No Pain","floor":6.0},{"not_picked":["Pommel Strike","True Grit"],"picked":"Immolate","floor":10.0},{"not_picked":["Heavy Blade","Perfected Strike","Flame Barrier"],"picked":"SKIP","floor":11.0},{"not_picked":["Heavy Blade","Perfected Strike","Feed"],"picked":"SKIP","floor":12.0},{"not_picked":["Rampage","Shockwave"],"picked":"Shrug It Off","floor":14.0},{"not_picked":["Berserk","Offering"],"picked":"Dark Embrace","floor":16.0},{"not_picked":["Pommel Strike+1","Corruption+1"],"picked":"Body Slam","floor":18.0},{"not_picked":["Fire Breathing","Flex","Anger"],"picked":"SKIP","floor":19.0},{"not_picked":["Evolve","Anger","Intimidate"],"picked":"SKIP","floor":20.0},{"not_picked":["Sword Boomerang","Rampage+1"],"picked":"True Grit+1","floor":21.0},{"not_picked":["Reckless Charge","Rage+1","Blood for Blood"],"picked":"SKIP","floor":27.0},{"not_picked":["Warcry","Spot Weakness+1"],"picked":"Sentinel","floor":29.0},{"not_picked":["Heavy Blade","Uppercut"],"picked":"Sentinel","floor":31.0}],"player_experience":241784,"relics_obtained":[{"floor":9.0,"key":"Oddly Smooth Stone"},{"floor":10.0,"key":"Ornamental Fan"},{"floor":12.0,"key":"Regal Pillow"},{"floor":27.0,"key":"Juzu Bracelet"}],"event_choices":[{"damage_healed":0.0,"max_hp_gain":0.0,"max_hp_loss":0.0,"gold_gain":0.0,"cards_transformed":["Strike_R"],"event_name":"Transmorgrifier","player_choice":"Transformed","floor":7.0,"gold_loss":0.0,"damage_taken":0.0,"cards_obtained":["Entrench"]},{"cards_removed":["Defend_R"],"damage_healed":0.0,"max_hp_gain":0.0,"max_hp_loss":0.0,"gold_gain":0.0,"event_name":"Beggar","player_choice":"Gave Gold","floor":24.0,"gold_loss":75.0,"damage_taken":0.0},{"damage_healed":0.0,"max_hp_gain":0.0,"max_hp_loss":0.0,"gold_gain":0.0,"event_name":"Nest","player_choice":"Joined the Cult","floor":25.0,"gold_loss":0.0,"damage_taken":6.0,"cards_obtained":["RitualDagger"]}],"is_beta":false,"boss_relics":[{"not_picked":["Ectoplasm","Runic Cube"],"picked":"Mark of Pain"}],"items_purged_floors":[22],"is_endless":false,"potions_floor_spawned":[2,6,12,16,18,21,27,31],"killed_by":"Collector","ascension_level":0}