{"gold_per_floor":[11,23,23,36,51,115,115,135,184,219,237,271,291,291,291,387,387,407,407,34,52,52,52,67,67,143,143,173,173,500,518,518,518],"floor_reached":33,"playtime":2395,"items_purged":[],"score":307,"play_id":"b08822c5-83b7-4905-a454-2618cc8ed244","local_time":"20190519125003","is_ascension_mode":false,"campfire_choices":[{"data":"Dualcast","floor":7,"key":"SMITH"},{"floor":15,"key":"REST"},{"data":"Redo","floor":23,"key":"SMITH"},{"data":"Coolheaded","floor":25,"key":"SMITH"},{"data":"Creative AI","floor":27,"key":"SMITH"},{"floor":29,"key":"REST"},{"floor":32,"key":"REST"}],"neow_cost":"NO_GOLD","seed_source_timestamp":238089304863666,"circlet_count":0,"master_deck":["Strike_B","Strike_B","Defend_B","Defend_B","Defend_B","Defend_B","Zap","Dualcast+1","Electrodynamics","Auto Shields","Steam","Steam","Tempest","Conserve Battery","Cold Snap","Coolheaded+1","Buffer","Creative AI+1","Redo+1","RitualDagger","BootSequence","Reinforced Body","Hologram+1","Coolheaded","Barrage+1","Steam+1"],"relics":["Cracked Core","Tiny Chest","Orichalcum","Cables","Centennial Puzzle","Empty Cage","Emotion Chip","Frozen Egg 2","Bag of Marbles","Old Coin"],"potions_floor_usage":[],"damage_taken":[{"damage":3,"enemies":"Jaw Worm","floor":1,"turns":3},{"damage":1,"enemies":"Cultist","floor":2,"turns":3},{"damage":8,"enemies":"2 Louse","floor":4,"turns":2},{"damage":2,"enemies":"Large Slime","floor":5,"turns":4},{"damage":7,"enemies":"3 Sentries","floor":6,"turns":4},{"damage":7,"enemies":"Blue Slaver","floor":8,"turns":3},{"damage":24,"enemies":"Gremlin Nob","floor":10,"turns":4},{"damage":3,"enemies":"Red Slaver","floor":11,"turns":3},{"damage":7,"enemies":"Lagavulin","floor":12,"turns":7},{"damage":0,"enemies":"3 Louse","floor":13,"turns":3},{"damage":12,"enemies":"The Guardian","floor":16,"turns":18},{"damage":11,"enemies":"Spheric Guardian","floor":18,"turns":4},{"damage":0,"enemies":"3 Byrds","floor":21,"turns":2},{"damage":22,"enemies":"3 Cultists","floor":24,"turns":4},{"damage":25,"enemies":"Book of Stabbing","floor":28,"turns":7},{"damage":20,"enemies":"Slavers","floor":30,"turns":4},{"damage":10,"enemies":"Snecko","floor":31,"turns":5},{"damage":41,"enemies":"Collector","floor":33,"turns":6}],"seed_played":"-5471655187377163216","potions_obtained":[{"floor":1,"key":"FocusPotion"},{"floor":2,"key":"EssenceOfSteel"},{"floor":4,"key":"FocusPotion"}],"is_trial":false,"path_per_floor":["M","M","?","M","M","E","R","M","T","E","M","E","M","?","R","B",null,"M","?","$","M","?","R","M","R","T","R","E","R","E","M","R","B"],"character_chosen":"DEFECT","items_purchased":["Emotion Chip","BootSequence"],"campfire_rested":3,"item_purchase_floors":[20,20],"current_hp_per_floor":[72,71,64,56,54,47,47,40,40,16,13,6,6,6,28,16,75,64,58,58,58,58,58,36,36,36,36,11,33,13,3,25,0],"gold":518,"neow_bonus":"THREE_RARE_CARDS","is_prod":false,"is_daily":false,"chose_seed":false,"campfire_upgraded":4,"win_rate":0,"timestamp":1558295403,"path_taken":["M","M","?","M","M","E","R","?","T","E","M","E","M","?","R","BOSS","M","?","$","M","?","R","M","R","T","R","E","R","E","M","R","BOSS"],"build_version":"2019-01-23","purchased_purges":0,"victory":false,"max_hp_per_floor":[75,75,75,75,75,75,75,75,75,75,75,75,75,75,75,75,75,75,75,75,75,75,75,75,75,75,75,75,75,75,75,75,75],"card_choices":[{"not_picked":["Buffer","Thunder Strike"],"picked":"Electrodynamics","floor":0},{"not_picked":["Gash","Streamline"],"picked":"Auto Shields","floor":1},{"not_picked":["Compile Driver","Stack"],"picked":"Steam","floor":2},{"not_picked":["Streamline","Gash"],"picked":"Steam","floor":4},{"not_picked":["Doom and Gloom","Barrage"],"picked":"Tempest","floor":5},{"not_picked":["Genetic Algorithm","Seek"],"picked":"Conserve Battery","floor":6},{"not_picked":["FTL","Compile Driver","Heatsinks"],"picked":"SKIP","floor":8},{"not_picked":["Reboot","Tempest"],"picked":"Cold Snap","floor":10},{"not_picked":["Sweeping Beam","Barrage"],"picked":"Coolheaded","floor":11},{"not_picked":["Sweeping Beam","Stack"],"picked":"Buffer","floor":12},{"not_picked":["Compile Driver","Stack","Go for the Eyes"],"picked":"SKIP","floor":13},{"not_picked":["Hyperbeam","Rainbow"],"picked":"Creative AI","floor":16},{"not_picked":["Tempest","Rip and Tear"],"picked":"Redo","floor":18},{"not_picked":["Stack","Chaos"],"picked":"Reinforced Body","floor":21},{"not_picked":["Stack","Leap"],"picked":"Hologram+1","floor":24},{"not_picked":["Hyperbeam","Ball Lightning"],"picked":"Coolheaded","floor":28},{"not_picked":["Stack","Compile Driver"],"picked":"Barrage+1","floor":30},{"not_picked":["Ball Lightning","Conserve Battery"],"picked":"Steam+1","floor":31}],"player_experience":183457,"relics_obtained":[{"floor":6,"key":"Tiny Chest"},{"floor":9,"key":"Orichalcum"},{"floor":10,"key":"Cables"},{"floor":12,"key":"Centennial Puzzle"},{"floor":26,"key":"Frozen Egg 2"},{"floor":28,"key":"Bag of Marbles"},{"floor":30,"key":"Old Coin"}],"event_choices":[{"damage_healed":0,"gold_gain":0,"player_choice":"Damaged","damage_taken":7,"max_hp_gain":0,"max_hp_loss":0,"event_name":"Wheel of Change","floor":3,"gold_loss":0},{"damage_healed":0,"gold_gain":0,"player_choice":"Fled","damage_taken":0,"max_hp_gain":0,"max_hp_loss":0,"event_name":"Scrap Ooze","floor":14,"gold_loss":0},{"damage_healed":0,"gold_gain":0,"player_choice":"Joined the Cult","damage_taken":6,"max_hp_gain":0,"max_hp_loss":0,"event_name":"Nest","floor":19,"gold_loss":0,"cards_obtained":["RitualDagger"]},{"damage_healed":0,"gold_gain":0,"player_choice":"Got Potions","damage_taken":0,"max_hp_gain":0,"max_hp_loss":0,"event_name":"Lab","floor":22,"gold_loss":0}],"is_beta":false,"boss_relics":[{"not_picked":["Cursed Key","Astrolabe"],"picked":"Empty Cage"}],"items_purged_floors":[],"is_endless":false,"potions_floor_spawned":[1,2,4,13,16,18,21,31],"killed_by":"Collector","ascension_level":0}