{"gold_per_floor":[117,134,144,154,154,154,154,154,154,216,266,291,291,291],"floor_reached":14,"playtime":690,"items_purged":[],"score":82,"play_id":"062ea53c-5597-4a85-a9ef-e762facf324f","local_time":"20190514153642","is_ascension_mode":false,"campfire_choices":[{"data":"Loop","floor":6,"key":"SMITH"},{"data":"Beam Cell","floor":8,"key":"SMITH"},{"data":"Creative AI","floor":13,"key":"SMITH"}],"neow_cost":"NONE","seed_source_timestamp":7565520204744,"circlet_count":0,"master_deck":["Strike_B","Strike_B","Strike_B","Defend_B","Defend_B","Defend_B","Defend_B","Zap","Dualcast","Beam Cell+1","Sweeping Beam","Loop+1","Leap","Creative AI+1","Fusion"],"relics":["Cracked Core","NeowsBlessing","SsserpentHead","Question Card","Golden Idol"],"potions_floor_usage":[],"damage_taken":[{"damage":0,"enemies":"Jaw Worm","floor":1,"turns":1},{"damage":0,"enemies":"Cultist","floor":2,"turns":1},{"damage":0,"enemies":"Small Slimes","floor":3,"turns":1},{"damage":11,"enemies":"Red Slaver","floor":4,"turns":3},{"damage":2,"enemies":"Blue Slaver","floor":10,"turns":4},{"damage":2,"enemies":"2 Fungi Beasts","floor":12,"turns":3},{"damage":57,"enemies":"Gremlin Gang","floor":14,"turns":3}],"seed_played":"6863923623617298043","potions_obtained":[{"floor":1,"key":"Poison Potion"},{"floor":10,"key":"EssenceOfSteel"},{"floor":12,"key":"PowerPotion"}],"is_trial":false,"path_per_floor":["M","M","M","M","?","R","?","R","T","M","?","M","R","M"],"character_chosen":"DEFECT","items_purchased":[],"campfire_rested":0,"item_purchase_floors":[],"current_hp_per_floor":[75,75,75,64,57,57,57,57,57,55,55,53,53,0],"gold":291,"neow_bonus":"THREE_ENEMY_KILL","is_prod":false,"is_daily":false,"chose_seed":false,"campfire_upgraded":3,"win_rate":0.0,"timestamp":1557873402,"path_taken":["M","M","M","M","?","R","?","R","T","?","?","M","R","M"],"build_version":"2019-01-23","purchased_purges":0,"victory":false,"max_hp_per_floor":[75,75,75,75,75,75,75,75,75,75,69,69,69,69],"card_choices":[{"not_picked":["Force Field","Leap"],"picked":"Beam Cell","floor":1},{"not_picked":["White Noise","Compile Driver"],"picked":"Sweeping Beam","floor":2},{"not_picked":["Doom and Gloom","White Noise"],"picked":"Loop","floor":3},{"not_picked":["Double Energy","Beam Cell"],"picked":"Leap","floor":4},{"not_picked":["Redo","Hologram","Steam"],"picked":"Creative AI","floor":10},{"not_picked":["Go for the Eyes","Cold Snap","Leap"],"picked":"Fusion","floor":12}],"player_experience":5026,"relics_obtained":[{"floor":9,"key":"Question Card"}],"event_choices":[{"cards_removed":["Strike_B"],"damage_healed":0,"gold_gain":0,"player_choice":"Card Removal","damage_taken":7,"max_hp_gain":0,"max_hp_loss":0,"event_name":"Golden Wing","floor":5,"gold_loss":0},{"damage_healed":0,"gold_gain":0,"player_choice":"Trade","damage_taken":0,"relics_obtained":["SsserpentHead"],"max_hp_gain":0,"max_hp_loss":0,"event_name":"FaceTrader","floor":7,"gold_loss":0},{"damage_healed":0,"gold_gain":0,"player_choice":"Lose Max HP","damage_taken":0,"relics_obtained":["Golden Idol"],"max_hp_gain":0,"max_hp_loss":6,"event_name":"Golden Idol","floor":11,"gold_loss":0}],"is_beta":false,"boss_relics":[],"items_purged_floors":[],"is_endless":false,"potions_floor_spawned":[1,10,12],"killed_by":"Gremlin Gang","ascension_level":0}