{"gold_per_floor":[116,130,150,225,239,239,117,144,144,144,144,144,155,155,155,252,252,267,267,267,267,129,159,175,175],"floor_reached":25,"playtime":990,"items_purged":["Defend_R"],"score":219,"play_id":"63ea0129-1f88-4dba-8539-4b6e39071fb7","local_time":"20190206225331","is_ascension_mode":false,"campfire_choices":[{"data":"Seeing Red","floor":6,"key":"SMITH"},{"data":"Seeing Red","floor":10,"key":"SMITH"},{"data":"Perfected Strike","floor":12,"key":"SMITH"},{"data":"Shrug It Off","floor":15,"key":"SMITH"}],"neow_cost":"","seed_source_timestamp":367953035477600,"circlet_count":0,"master_deck":["Strike_R","Strike_R","Strike_R","Strike_R","Strike_R","Defend_R","Defend_R","Defend_R","Bash+1","Seeing Red+1","Twin Strike","Seeing Red+1","Perfected Strike+1","Shrug It Off+1","Twin Strike","Double Tap","Headbutt","Twin Strike","Feed","Shockwave","Double Tap","Pommel Strike"],"relics":["Burning Blood","Regal Pillow","Paper Frog","Orrery","Unceasing Top"],"potions_floor_usage":[16,16],"damage_taken":[{"damage":0,"enemies":"Small Slimes","floor":1,"turns":3},{"damage":1,"enemies":"2 Louse","floor":2,"turns":3},{"damage":3,"enemies":"Jaw Worm","floor":3,"turns":3},{"damage":8,"enemies":"3 Louse","floor":5,"turns":3},{"damage":13,"enemies":"Gremlin Nob","floor":8,"turns":3},{"damage":0,"enemies":"Blue Slaver","floor":13,"turns":1},{"damage":57,"enemies":"The Guardian","floor":16,"turns":8},{"damage":20,"enemies":"2 Thieves","floor":18,"turns":4},{"damage":48,"enemies":"Slavers","floor":23,"turns":5},{"damage":6,"enemies":"Chosen","floor":24,"turns":2},{"damage":16,"enemies":"Centurion and Healer","floor":25,"turns":4}],"seed_played":"6106420937686094943","potions_obtained":[{"floor":3,"key":"Swift Potion"},{"floor":5,"key":"Poison Potion"}],"is_trial":false,"path_per_floor":["M","M","M","?","M","R","$","E","T","R","?","R","M","?","R","B",null,"M","$","?","?","$","E","M","M"],"character_chosen":"IRONCLAD","items_purchased":["Shrug It Off","Double Tap"],"campfire_rested":0,"item_purchase_floors":[7,22],"current_hp_per_floor":[80,80,80,69,67,67,67,60,60,60,60,60,66,66,66,15,80,69,69,53,53,53,14,14,0],"gold":175,"neow_bonus":"","is_prod":false,"is_daily":false,"chose_seed":false,"campfire_upgraded":4,"win_rate":0.0,"timestamp":1549518811,"path_taken":["M","M","M","?","M","R","$","E","T","R","?","R","M","?","R","BOSS","M","$","?","?","$","E","M","M"],"build_version":"2019-01-23","purchased_purges":1,"victory":false,"max_hp_per_floor":[80,80,80,80,80,80,80,80,80,80,80,80,80,80,80,80,80,83,83,88,88,88,91,91,91],"card_choices":[{"not_picked":["Pommel Strike","Whirlwind"],"picked":"Seeing Red","floor":1},{"not_picked":["Sword Boomerang","Body Slam"],"picked":"Twin Strike","floor":2},{"not_picked":["Warcry","Entrench"],"picked":"Seeing Red","floor":3},{"not_picked":["Clothesline","True Grit"],"picked":"Perfected Strike","floor":5},{"not_picked":["Shockwave","Double Tap"],"picked":"Twin Strike","floor":8},{"not_picked":["Pummel","Second Wind","Sword Boomerang"],"picked":"SKIP","floor":13},{"not_picked":["Offering","Impervious"],"picked":"Double Tap","floor":16},{"not_picked":["Armaments","Anger"],"picked":"Headbutt","floor":17},{"not_picked":["Warcry","Intimidate"],"picked":"Twin Strike","floor":17},{"not_picked":["Inflame","Pommel Strike"],"picked":"Feed","floor":17},{"not_picked":["True Grit+1","Body Slam+1"],"picked":"Shockwave","floor":18},{"not_picked":["Body Slam","Iron Wave","Pummel"],"picked":"SKIP","floor":23},{"not_picked":["Headbutt","True Grit"],"picked":"Pommel Strike","floor":24}],"player_experience":0,"relics_obtained":[{"floor":8,"key":"Regal Pillow"},{"floor":9,"key":"Paper Frog"},{"floor":23,"key":"Unceasing Top"}],"event_choices":[{"damage_healed":0,"gold_gain":75,"player_choice":"Gather Gold","damage_taken":11,"max_hp_gain":0,"max_hp_loss":0,"event_name":"World of Goop","floor":4,"gold_loss":0},{"damage_healed":0,"gold_gain":0,"player_choice":"Ignored","damage_taken":0,"max_hp_gain":0,"max_hp_loss":0,"event_name":"Golden Wing","floor":11,"gold_loss":0},{"damage_healed":0,"gold_gain":0,"player_choice":"Grow","damage_taken":0,"max_hp_gain":0,"max_hp_loss":0,"event_name":"Living Wall","floor":14,"gold_loss":0,"cards_upgraded":["Bash"]},{"damage_healed":0,"gold_gain":0,"player_choice":"Shed Blood","damage_taken":21,"max_hp_gain":5,"max_hp_loss":0,"event_name":"Forgotten Altar","floor":20,"gold_loss":0},{"damage_healed":0,"gold_gain":0,"player_choice":"Ignored","damage_taken":0,"max_hp_gain":0,"max_hp_loss":0,"event_name":"Vampires","floor":21,"gold_loss":0}],"is_beta":false,"boss_relics":[{"not_picked":["Empty Cage","Lizard Tail"],"picked":"Orrery"}],"items_purged_floors":[7],"is_endless":false,"potions_floor_spawned":[3,5],"killed_by":"Centurion and Healer","ascension_level":0}