{"gold_per_floor":[111,186,53,68,33,33,64,83,154,24,39,39,57,91,91,91],"floor_reached":16,"playtime":530,"items_purged":["Strike_G"],"score":204,"play_id":"7ceae1d1-478b-4a1a-a21d-c53120dde415","local_time":"20190514024755","is_ascension_mode":true,"campfire_choices":[{"data":"Noxious Fumes","floor":6.0,"key":"SMITH"},{"floor":12.0,"key":"REST"},{"data":"Cloak And Dagger","floor":15.0,"key":"SMITH"}],"neow_cost":"NONE","seed_source_timestamp":1422581451971358,"circlet_count":0,"master_deck":["AscendersBane","Defend_G","Defend_G","Defend_G","Defend_G","Defend_G","Strike_G","Strike_G","Strike_G","Strike_G","Survivor+1","Neutralize","Quick Slash","Noxious Fumes+1","Deadly Poison","Cloak And Dagger+1","Calculated Gamble","PiercingWail","Slice","PiercingWail"],"special_seed":0,"relics":["Ring of the Snake","PreservedInsect","Meat on the Bone","Prayer Wheel"],"potions_floor_usage":[],"damage_taken":[{"damage":4.0,"enemies":"2 Louse","floor":1.0,"turns":5.0},{"damage":6.0,"enemies":"Small Slimes","floor":4.0,"turns":4.0},{"damage":49.0,"enemies":"Gremlin Nob","floor":7.0,"turns":5.0},{"damage":0.0,"enemies":"Cultist","floor":8.0,"turns":3.0},{"damage":1.0,"enemies":"Exordium Wildlife","floor":11.0,"turns":6.0},{"damage":5.0,"enemies":"Exordium Thugs","floor":13.0,"turns":5.0},{"damage":4.0,"enemies":"3 Sentries","floor":14.0,"turns":5.0},{"damage":47,"enemies":"Slime Boss","floor":16,"turns":11}],"seed_played":"829172373957232192","potions_obtained":[{"floor":7.0,"key":"AttackPotion"},{"floor":8.0,"key":"GamblersBrew"}],"is_trial":false,"path_per_floor":["M","?","$","M","?","R","E","M","T","$","M","R","M","E","R","B"],"character_chosen":"THE_SILENT","items_purchased":["Noxious Fumes","Deadly Poison","PiercingWail"],"campfire_rested":1,"item_purchase_floors":[3,3,10],"current_hp_per_floor":[55,44,44,38,54,54,5,5,5,5,16,35,42,38,38,0],"gold":91,"neow_bonus":"UPGRADE_CARD","is_prod":false,"is_daily":false,"chose_seed":false,"campfire_upgraded":2,"win_rate":0,"timestamp":1557820075,"path_taken":["M","?","$","M","?","R","E","M","T","$","M","R","M","E","R","BOSS"],"build_version":"2019-01-23","purchased_purges":1,"victory":false,"max_hp_per_floor":[66,66,66,66,66,66,66,66,66,66,66,66,66,66,66,66],"card_choices":[{"not_picked":["Acrobatics","Choke"],"picked":"Quick Slash","floor":1.0},{"not_picked":["Reflex","Flechettes"],"picked":"Cloak And Dagger","floor":4.0},{"not_picked":["Distraction","Underhanded Strike","Sucker Punch"],"picked":"SKIP","floor":7.0},{"not_picked":["Finisher","Eviscerate"],"picked":"Calculated Gamble","floor":8.0},{"not_picked":["Blur","Skewer"],"picked":"Slice","floor":11.0},{"not_picked":["Quick Slash","Bane","Slice"],"picked":"SKIP","floor":13.0},{"not_picked":["Poisoned Stab","Sucker Punch"],"picked":"PiercingWail","floor":14.0}],"player_experience":419577,"relics_obtained":[{"floor":7.0,"key":"PreservedInsect"},{"floor":9.0,"key":"Meat on the Bone"},{"floor":14.0,"key":"Prayer Wheel"}],"event_choices":[{"damage_healed":0.0,"max_hp_gain":0.0,"max_hp_loss":0.0,"gold_gain":75.0,"event_name":"World of Goop","player_choice":"Gather Gold","floor":2.0,"gold_loss":0.0,"damage_taken":11.0},{"damage_healed":16.0,"max_hp_gain":0.0,"max_hp_loss":0.0,"gold_gain":0.0,"event_name":"The Cleric","player_choice":"Healed","floor":5.0,"gold_loss":35.0,"damage_taken":0.0}],"is_beta":false,"boss_relics":[],"items_purged_floors":[10],"is_endless":false,"potions_floor_spawned":[7,8,13],"killed_by":"Slime Boss","ascension_level":17}