{"gold_per_floor":[17,29,45,45,45,45,55,80,80,2,2,2,2,37,37,136,136,148,248,248,0,0,0,12,32,81,6,6,18,18,32,32,32],"floor_reached":33,"playtime":1943,"items_purged":["Strike_G"],"score":253,"play_id":"53f7d8eb-a291-4bc4-ae48-0f20c8c5e406","local_time":"20190527125933","is_ascension_mode":false,"campfire_choices":[{"data":"1","floor":6,"key":"LIFT"},{"floor":13,"key":"REST"},{"data":"2","floor":15,"key":"LIFT"},{"floor":23,"key":"REST"},{"data":"3","floor":28,"key":"LIFT"},{"data":"Neutralize","floor":30,"key":"SMITH"},{"data":"Prepared","floor":32,"key":"SMITH"}],"neow_cost":"NO_GOLD","seed_source_timestamp":159641568646300,"circlet_count":0,"master_deck":["Defend_G","Defend_G","Defend_G","Defend_G","Strike_G","Strike_G","Strike_G","Strike_G","Survivor","Neutralize+1","Prepared+1","Dagger Throw","Outmaneuver","Deflect","Infinite Blades","Dagger Throw","Wraith Form v2","Riddle With Holes","Endless Agony+1","Prepared+1","Well Laid Plans+1"],"relics":["Ring of the Snake","Girya","Vajra","Calipers","Darkstone Periapt","Bag of Marbles","Eternal Feather","Thread and Needle","Pantograph","Torii","Bronze Scales"],"potions_floor_usage":[33,33],"damage_taken":[{"damage":0,"enemies":"Cultist","floor":1,"turns":4},{"damage":0,"enemies":"Jaw Worm","floor":2,"turns":6},{"damage":0,"enemies":"2 Louse","floor":3,"turns":4},{"damage":2,"enemies":"Blue Slaver","floor":7,"turns":4},{"damage":20,"enemies":"Gremlin Nob","floor":8,"turns":5},{"damage":9,"enemies":"Lagavulin","floor":14,"turns":6},{"damage":44,"enemies":"Hexaghost","floor":16,"turns":10},{"damage":1,"enemies":"Spheric Guardian","floor":18,"turns":4},{"damage":34,"enemies":"Colosseum Slavers","floor":19,"turns":5},{"damage":10,"enemies":"Colosseum Nobs","floor":19,"turns":5},{"damage":1,"enemies":"Shell Parasite","floor":24,"turns":4},{"damage":11,"enemies":"Shelled Parasite and Fungi","floor":25,"turns":5},{"damage":2,"enemies":"Centurion and Healer","floor":29,"turns":6},{"damage":1,"enemies":"Snecko","floor":31,"turns":3},{"damage":74,"enemies":"Collector","floor":33,"turns":6}],"seed_played":"-1925665829128962048","potions_obtained":[{"floor":7,"key":"GamblersBrew"},{"floor":14,"key":"GhostInAJar"},{"floor":18,"key":"AttackPotion"}],"is_trial":false,"path_per_floor":["M","M","M","?","?","R","M","E","T","$","?","?","R","E","R","B",null,"M","?","T","?","?","R","M","M","T","$","R","M","R","M","R","B"],"character_chosen":"THE_SILENT","items_purchased":["Infinite Blades"],"campfire_rested":2,"item_purchase_floors":[10],"current_hp_per_floor":[70,70,70,70,67,67,65,45,45,45,45,45,66,57,57,13,70,69,25,25,25,25,58,57,46,46,46,58,56,68,67,70,0],"gold":32,"neow_bonus":"ONE_RARE_RELIC","is_prod":false,"is_daily":false,"chose_seed":false,"campfire_upgraded":2,"win_rate":0.0,"timestamp":1558976373,"path_taken":["M","?","M","?","?","R","M","E","T","$","?","?","R","E","R","BOSS","M","?","?","?","?","R","M","?","T","$","R","M","R","M","R","BOSS"],"build_version":"2019-01-23","purchased_purges":1,"victory":false,"max_hp_per_floor":[70,70,70,70,70,70,70,70,70,70,70,70,70,70,70,70,70,70,70,70,70,70,70,70,70,70,70,70,70,70,70,70,70],"card_choices":[{"not_picked":["Outmaneuver","Flying Knee"],"picked":"Prepared","floor":1},{"not_picked":["Deadly Poison","Choke","Dodge and Roll"],"picked":"SKIP","floor":2},{"not_picked":["Bane","Phantasmal Killer"],"picked":"Dagger Throw","floor":3},{"not_picked":["Tactician","Sucker Punch"],"picked":"Outmaneuver","floor":7},{"not_picked":["Flechettes","Acrobatics"],"picked":"Deflect","floor":8},{"not_picked":["Caltrops","Outmaneuver"],"picked":"Dagger Throw","floor":14},{"not_picked":["Malaise","Storm of Steel"],"picked":"Wraith Form v2","floor":16},{"not_picked":["Expertise+1","Prepared"],"picked":"Riddle With Holes","floor":18},{"not_picked":["Dagger Spray","Poisoned Stab+1"],"picked":"Endless Agony+1","floor":19},{"not_picked":["Calculated Gamble","Outmaneuver+1","Deadly Poison+1"],"picked":"SKIP","floor":24},{"not_picked":["Blur","Leg Sweep"],"picked":"Prepared+1","floor":25},{"not_picked":["Prepared","Dagger Throw"],"picked":"Well Laid Plans+1","floor":29},{"not_picked":["Expertise","Finisher","Catalyst+1"],"picked":"SKIP","floor":31}],"player_experience":51189,"relics_obtained":[{"floor":8,"key":"Calipers"},{"floor":9,"key":"Darkstone Periapt"},{"floor":14,"key":"Bag of Marbles"},{"floor":19,"key":"Thread and Needle"},{"floor":19,"key":"Pantograph"},{"floor":20,"key":"Torii"},{"floor":26,"key":"Bronze Scales"}],"event_choices":[{"damage_healed":0,"gold_gain":0,"player_choice":"Leave","damage_taken":0,"max_hp_gain":0,"max_hp_loss":0,"event_name":"The Cleric","floor":4,"gold_loss":0},{"damage_healed":0,"gold_gain":0,"player_choice":"Success","damage_taken":3,"relics_obtained":["Vajra"],"max_hp_gain":0,"max_hp_loss":0,"event_name":"Scrap Ooze","floor":5,"gold_loss":0},{"damage_healed":0,"gold_gain":0,"player_choice":"Ignored","damage_taken":0,"max_hp_gain":0,"max_hp_loss":0,"event_name":"Liars Game","floor":11,"gold_loss":0},{"cards_removed":["Defend_G"],"damage_healed":0,"gold_gain":0,"player_choice":"Offered Basic","damage_taken":0,"max_hp_gain":0,"max_hp_loss":0,"event_name":"Bonfire Elementals","floor":12,"gold_loss":0},{"damage_healed":0,"gold_gain":0,"player_choice":"Fight","damage_taken":0,"max_hp_gain":0,"max_hp_loss":0,"event_name":"Colosseum","floor":19,"gold_loss":0},{"damage_healed":0,"gold_gain":0,"player_choice":"Fought Nobs","damage_taken":0,"max_hp_gain":0,"max_hp_loss":0,"event_name":"Colosseum","floor":19,"gold_loss":0},{"damage_healed":0,"gold_gain":0,"player_choice":"Paid Fearfully","damage_taken":0,"max_hp_gain":0,"max_hp_loss":0,"event_name":"Masked Bandits","floor":21,"gold_loss":248},{"damage_healed":0,"gold_gain":0,"player_choice":"Ignored","damage_taken":0,"max_hp_gain":0,"max_hp_loss":0,"event_name":"Ghosts","floor":22,"gold_loss":0}],"is_beta":false,"boss_relics":[{"not_picked":["Velvet Choker","Lizard Tail"],"picked":"Eternal Feather"}],"items_purged_floors":[27],"is_endless":false,"potions_floor_spawned":[7,14,18,19],"killed_by":"Collector","ascension_level":0}