{"gold_per_floor":[116,116,116,129,149,179,179,217,242,260,284,284,299,320,320,449,449,470,89,114,24,47,91,107,107,131,131,171,186,224,249,249,249],"floor_reached":33,"playtime":1635,"items_purged":["Defend_R"],"score":346,"play_id":"6729a064-9b00-4b35-828c-17c22168e11f","local_time":"20190210214218","is_ascension_mode":false,"campfire_choices":[{"data":"Pommel Strike","floor":15,"key":"SMITH"},{"data":"Demon Form","floor":25,"key":"SMITH"},{"floor":32,"key":"REST"}],"neow_cost":"NONE","seed_source_timestamp":2142325903750881,"circlet_count":0,"master_deck":["Strike_R","Strike_R","Strike_R","Strike_R+1","Strike_R","Defend_R+1","Bash","Flex+1","Headbutt","Twin Strike","Injury","Iron Wave","Twin Strike+1","Sword Boomerang+1","Pommel Strike+1","Clash","Demon Form+1","Sword Boomerang+1","Pommel Strike","Flex+1","Anger","Rupture","Heavy Blade","Cleave+1","Flex"],"relics":["Burning Blood","NeowsBlessing","Centennial Puzzle","Golden Idol","Red Skull","Oddly Smooth Stone","Black Star","War Paint","Dream Catcher","Bronze Scales","Ginger","Bag of Preparation","Whetstone","Magic Flower","Blood Vial","Omamori"],"potions_floor_usage":[8,8,18,23,28,29,31,31],"damage_taken":[{"damage":0,"enemies":"Jaw Worm","floor":1,"turns":1},{"damage":0,"enemies":"Cultist","floor":4,"turns":1},{"damage":0,"enemies":"Small Slimes","floor":5,"turns":1},{"damage":40,"enemies":"Lagavulin","floor":6,"turns":6},{"damage":28,"enemies":"Gremlin Nob","floor":8,"turns":5},{"damage":4,"enemies":"Looter","floor":10,"turns":2},{"damage":0,"enemies":"2 Fungi Beasts","floor":11,"turns":2},{"damage":5,"enemies":"Lots of Slimes","floor":13,"turns":2},{"damage":1,"enemies":"Looter","floor":14,"turns":2},{"damage":7,"enemies":"Hexaghost","floor":16,"turns":7},{"damage":22,"enemies":"Shell Parasite","floor":18,"turns":5},{"damage":3,"enemies":"3 Byrds","floor":20,"turns":6},{"damage":35,"enemies":"Centurion and Healer","floor":22,"turns":5},{"damage":0,"enemies":"Gremlin Leader","floor":23,"turns":5},{"damage":1,"enemies":"Sentry and Sphere","floor":24,"turns":3},{"damage":24,"enemies":"Book of Stabbing","floor":28,"turns":3},{"damage":16,"enemies":"Shelled Parasite and Fungi","floor":29,"turns":3},{"damage":31,"enemies":"Slavers","floor":30,"turns":3},{"damage":0,"enemies":"Snecko","floor":31,"turns":3},{"damage":62,"enemies":"Champ","floor":33,"turns":7}],"seed_played":"-6089016106975452764","potions_obtained":[{"floor":3,"key":"Fire Potion"},{"floor":3,"key":"PowerPotion"},{"floor":3,"key":"Weak Potion"},{"floor":6,"key":"Regen Potion"},{"floor":11,"key":"SteroidPotion"},{"floor":16,"key":"Swift Potion"},{"floor":24,"key":"AttackPotion"},{"floor":28,"key":"Energy Potion"},{"floor":29,"key":"Energy Potion"}],"is_trial":false,"path_per_floor":["M","?","?","M","M","E","?","E","T","M","M","?","M","M","R","B",null,"M","$","M","?","M","E","M","R","T","?","E","M","E","M","R","B"],"character_chosen":"IRONCLAD","items_purchased":["War Paint","Dream Catcher"],"campfire_rested":1,"item_purchase_floors":[19,19],"current_hp_per_floor":[80,73,73,79,80,46,46,36,36,38,44,28,29,34,34,33,80,64,64,67,67,38,44,49,49,49,75,57,50,28,40,64,5],"gold":249,"neow_bonus":"THREE_ENEMY_KILL","is_prod":false,"is_daily":false,"chose_seed":false,"campfire_upgraded":2,"win_rate":0.0,"timestamp":1549856538,"path_taken":["M","?","?","M","?","E","?","E","T","M","M","?","M","M","R","BOSS","M","$","M","?","M","E","?","R","T","?","E","M","E","M","R","BOSS"],"build_version":"2019-01-23","purchased_purges":1,"victory":false,"max_hp_per_floor":[80,80,80,80,80,80,80,80,80,80,80,80,80,80,80,80,80,80,80,80,80,80,80,80,80,80,80,80,80,80,80,80,80],"card_choices":[{"not_picked":["Reckless Charge","Armaments"],"picked":"Flex","floor":1},{"not_picked":["Metallicize","Infernal Blade"],"picked":"Headbutt","floor":4},{"not_picked":["Metallicize","Armaments"],"picked":"Twin Strike","floor":5},{"not_picked":["Flex","Warcry","Shockwave"],"picked":"SKIP","floor":6},{"not_picked":["Shockwave","Shrug It Off"],"picked":"Iron Wave","floor":8},{"not_picked":["True Grit","Clothesline"],"picked":"Twin Strike","floor":10},{"not_picked":["Body Slam","Uppercut"],"picked":"Sword Boomerang","floor":11},{"not_picked":["Infernal Blade","Clothesline"],"picked":"Pommel Strike","floor":13},{"not_picked":["Dual Wield","Cleave"],"picked":"Clash","floor":14},{"not_picked":["Double Tap","Exhume"],"picked":"Demon Form","floor":16},{"not_picked":["Wild Strike","Warcry"],"picked":"Sword Boomerang","floor":18},{"not_picked":["Warcry","Inflame"],"picked":"Pommel Strike","floor":20},{"not_picked":["Wild Strike","Body Slam+1"],"picked":"Flex+1","floor":22},{"not_picked":["Offering","Body Slam"],"picked":"Anger","floor":23},{"not_picked":["Havoc","Dual Wield+1"],"picked":"Rupture","floor":24},{"not_picked":["Feel No Pain","Reckless Charge","Havoc"],"picked":"SKIP","floor":28},{"not_picked":["Havoc","Clothesline+1","Armaments"],"picked":"SKIP","floor":29},{"not_picked":["Corruption","Pummel+1"],"picked":"Heavy Blade","floor":30},{"not_picked":["Perfected Strike","True Grit"],"picked":"Cleave+1","floor":31},{"not_picked":["Twin Strike","Headbutt+1"],"picked":"Flex","floor":32}],"player_experience":33270,"relics_obtained":[{"floor":6,"key":"Centennial Puzzle"},{"floor":8,"key":"Red Skull"},{"floor":9,"key":"Oddly Smooth Stone"},{"floor":23,"key":"Bronze Scales"},{"floor":23,"key":"Ginger"},{"floor":26,"key":"Bag of Preparation"},{"floor":28,"key":"Whetstone"},{"floor":28,"key":"Magic Flower"},{"floor":30,"key":"Blood Vial"},{"floor":30,"key":"Omamori"}],"event_choices":[{"cards_removed":["Defend_R"],"damage_healed":0,"gold_gain":0,"player_choice":"Card Removal","damage_taken":7,"max_hp_gain":0,"max_hp_loss":0,"event_name":"Golden Wing","floor":2,"gold_loss":0},{"damage_healed":0,"gold_gain":0,"player_choice":"Got Potions","damage_taken":0,"max_hp_gain":0,"max_hp_loss":0,"event_name":"Lab","floor":3,"gold_loss":0},{"damage_healed":0,"gold_gain":0,"player_choice":"Take Wound","damage_taken":0,"relics_obtained":["Golden Idol"],"max_hp_gain":0,"max_hp_loss":0,"event_name":"Golden Idol","floor":7,"gold_loss":0,"cards_obtained":["Injury"]},{"damage_healed":0,"gold_gain":0,"player_choice":"Entered Light","damage_taken":16,"max_hp_gain":0,"max_hp_loss":0,"event_name":"Shining Light","floor":12,"gold_loss":0,"cards_upgraded":["Defend_R","Sword Boomerang"]},{"cards_removed":["Defend_R"],"damage_healed":0,"gold_gain":0,"player_choice":"Upgrade and Remove","damage_taken":0,"max_hp_gain":0,"max_hp_loss":0,"event_name":"Designer","floor":21,"gold_loss":90,"cards_upgraded":["Strike_R"]},{"damage_healed":26,"gold_gain":0,"player_choice":"Heal","damage_taken":0,"max_hp_gain":0,"max_hp_loss":0,"event_name":"The Library","floor":27,"gold_loss":0}],"is_beta":false,"boss_relics":[{"not_picked":["Velvet Choker","Fusion Hammer"],"picked":"Black Star"}],"items_purged_floors":[19],"is_endless":false,"potions_floor_spawned":[4,6,11,16,24,28,29],"killed_by":"Champ","ascension_level":0}