{"gold_per_floor":[99,99,99,99,99,99,99,99,99,99,99,99,99,99,99,99,99,99,99,99,99,99,99,99,99,99,99,99,99,99,25,25,25],"floor_reached":33,"playtime":3469,"items_purged":["Strike_G"],"score":269,"play_id":"67fd8a8a-8b5d-455a-9a04-38c5660ae580","local_time":"20190517220614","is_ascension_mode":false,"campfire_choices":[{"data":"Dagger Spray","floor":6,"key":"SMITH"},{"data":"Neutralize","floor":8,"key":"SMITH"},{"floor":15,"key":"REST"},{"floor":23,"key":"REST"},{"data":"1","floor":28,"key":"LIFT"},{"floor":32,"key":"REST"}],"neow_cost":"NONE","seed_source_timestamp":168138493205224,"circlet_count":0,"master_deck":["Defend_G","Defend_G","Defend_G","Defend_G","Defend_G","Strike_G","Strike_G","Strike_G","Strike_G","Survivor","Neutralize+1","Backflip","Quick Slash","Dagger Spray+1","Quick Slash","Die Die Die","Skewer","A Thousand Cuts","Decay","Clumsy","Infinite Blades","Accuracy","Necronomicurse","Blade Dance","Terror","Backflip+1","Sucker Punch+1","Cloak And Dagger"],"relics":["Ectoplasm","Omamori","Blue Candle","Girya","Smiling Mask","Matryoshka","Calling Bell","Blood Vial","Meat on the Bone","Bird Faced Urn","Necronomicon","Strawberry","MawBank"],"potions_floor_usage":[33],"damage_taken":[{"damage":1,"enemies":"Cultist","floor":1,"turns":5},{"damage":0,"enemies":"Small Slimes","floor":2,"turns":5},{"damage":0,"enemies":"Jaw Worm","floor":3,"turns":4},{"damage":0,"enemies":"3 Louse","floor":4,"turns":4},{"damage":3,"enemies":"2 Fungi Beasts","floor":5,"turns":4},{"damage":5,"enemies":"3 Sentries","floor":7,"turns":9},{"damage":16,"enemies":"Lagavulin","floor":10,"turns":7},{"damage":4,"enemies":"Exordium Wildlife","floor":11,"turns":3},{"damage":9,"enemies":"Gremlin Nob","floor":14,"turns":5},{"damage":32,"enemies":"The Guardian","floor":16,"turns":16},{"damage":26,"enemies":"Spheric Guardian","floor":18,"turns":5},{"damage":27,"enemies":"Shell Parasite","floor":21,"turns":5},{"damage":24,"enemies":"Colosseum Slavers","floor":22,"turns":3},{"damage":25,"enemies":"3 Cultists","floor":24,"turns":5},{"damage":8,"enemies":"Chosen and Byrds","floor":25,"turns":5},{"damage":27,"enemies":"Cultist and Chosen","floor":27,"turns":5},{"damage":26,"enemies":"Snake Plant","floor":30,"turns":4},{"damage":65,"enemies":"Champ","floor":33,"turns":13}],"seed_played":"696667963403057167","potions_obtained":[{"floor":2,"key":"Dexterity Potion"},{"floor":7,"key":"Energy Potion"},{"floor":10,"key":"Poison Potion"}],"is_trial":false,"path_per_floor":["M","M","M","M","M","R","E","R","T","E","M","?","?","E","R","B",null,"M","?","?","M","?","R","M","M","T","M","R","?","M","$","R","B"],"character_chosen":"THE_SILENT","items_purchased":["Cloak And Dagger"],"campfire_rested":3,"item_purchase_floors":[31],"current_hp_per_floor":[69,69,69,69,66,66,61,61,61,45,41,58,46,37,58,26,70,45,45,29,22,14,35,30,40,47,40,40,26,18,18,42,0],"gold":25,"neow_bonus":"BOSS_RELIC","is_prod":false,"is_daily":false,"chose_seed":false,"campfire_upgraded":2,"win_rate":0,"timestamp":1558155974,"path_taken":["M","M","M","?","M","R","E","R","T","E","M","?","?","E","R","BOSS","M","?","?","M","?","R","M","M","T","M","R","?","?","$","R","BOSS"],"build_version":"2019-01-23","purchased_purges":1,"victory":false,"max_hp_per_floor":[70,70,70,70,70,70,70,70,70,70,70,70,70,70,70,70,70,70,70,70,70,70,70,70,70,77,77,77,82,82,82,82,82],"card_choices":[{"not_picked":["Deflect","Distraction","Poisoned Stab"],"picked":"SKIP","floor":1},{"not_picked":["PiercingWail","Quick Slash"],"picked":"Backflip","floor":2},{"not_picked":["Terror","Outmaneuver","Finisher"],"picked":"SKIP","floor":3},{"not_picked":["Prepared","Choke"],"picked":"Quick Slash","floor":4},{"not_picked":["Bane","Prepared"],"picked":"Dagger Spray","floor":5},{"not_picked":["Crippling Poison","Calculated Gamble"],"picked":"Quick Slash","floor":7},{"not_picked":["Expertise","Cloak And Dagger"],"picked":"Die Die Die","floor":10},{"not_picked":["Predator","Dodge and Roll","Slice"],"picked":"SKIP","floor":11},{"not_picked":["Endless Agony","PiercingWail"],"picked":"Skewer","floor":14},{"not_picked":["Doppelganger","Night Terror"],"picked":"A Thousand Cuts","floor":16},{"not_picked":["Flying Knee","Deadly Poison"],"picked":"Infinite Blades","floor":18},{"not_picked":["Riddle With Holes","Catalyst+1"],"picked":"Blade Dance","floor":21},{"not_picked":["Dagger Throw","Bane","Outmaneuver"],"picked":"SKIP","floor":24},{"not_picked":["Crippling Poison","Masterful Stab"],"picked":"Terror","floor":25},{"not_picked":["Acrobatics","Cloak And Dagger"],"picked":"Backflip+1","floor":27},{"not_picked":["Heel Hook","Skewer"],"picked":"Sucker Punch+1","floor":30}],"player_experience":129588,"relics_obtained":[{"floor":7,"key":"Omamori"},{"floor":9,"key":"Blue Candle"},{"floor":10,"key":"Girya"},{"floor":14,"key":"Matryoshka"},{"floor":17,"key":"Blood Vial"},{"floor":17,"key":"Meat on the Bone"},{"floor":17,"key":"Bird Faced Urn"},{"floor":20,"key":"Necronomicon"},{"floor":26,"key":"Strawberry"},{"floor":26,"key":"MawBank"}],"event_choices":[{"damage_healed":17,"gold_gain":0,"player_choice":"Healed and dodged fight","damage_taken":0,"max_hp_gain":0,"max_hp_loss":0,"event_name":"Mushrooms","floor":12,"gold_loss":0,"cards_obtained":["Parasite"]},{"damage_healed":0,"gold_gain":0,"player_choice":"Success","damage_taken":12,"relics_obtained":["Smiling Mask"],"max_hp_gain":0,"max_hp_loss":0,"event_name":"Scrap Ooze","floor":13,"gold_loss":0},{"damage_healed":0,"gold_gain":0,"player_choice":"Read","damage_taken":0,"max_hp_gain":0,"max_hp_loss":0,"event_name":"The Library","floor":19,"gold_loss":0,"cards_obtained":["Accuracy"]},{"damage_healed":0,"gold_gain":0,"player_choice":"Obtained Book","damage_taken":16,"max_hp_gain":0,"max_hp_loss":0,"event_name":"Cursed Tome","floor":20,"gold_loss":0},{"damage_healed":0,"gold_gain":0,"player_choice":"Fight","damage_taken":0,"max_hp_gain":0,"max_hp_loss":0,"event_name":"Colosseum","floor":22,"gold_loss":0},{"damage_healed":0,"gold_gain":0,"player_choice":"Fled From Nobs","damage_taken":0,"max_hp_gain":0,"max_hp_loss":0,"event_name":"Colosseum","floor":22,"gold_loss":0},{"damage_healed":0,"gold_gain":0,"player_choice":"Shed Blood","damage_taken":19,"max_hp_gain":5,"max_hp_loss":0,"event_name":"Forgotten Altar","floor":29,"gold_loss":0}],"is_beta":false,"boss_relics":[{"not_picked":["Fusion Hammer","Coffee Dripper"],"picked":"Calling Bell"}],"items_purged_floors":[31],"is_endless":false,"potions_floor_spawned":[2,7,10,11,14,18,22,30],"killed_by":"Champ","ascension_level":0}