{"gold_per_floor":[213,213,231,156,56,56,71,105,105,105,105,105,105,123,123,224,224,235,253,265,140,140],"floor_reached":22,"playtime":783,"items_purged":["Pain","Strike_R","Strike_R"],"score":193,"play_id":"f63f61b3-3ce3-40d0-a210-b294cdd19518","local_time":"20190424170114","is_ascension_mode":true,"campfire_choices":[{"data":"Twin Strike","floor":6.0,"key":"SMITH"},{"floor":13.0,"key":"REST"},{"data":"Demon Form","floor":15.0,"key":"SMITH"}],"neow_cost":"NONE","seed_source_timestamp":0,"circlet_count":0,"master_deck":["Strike_R+1","Strike_R","Strike_R","Defend_R","Defend_R+1","Defend_R","Defend_R","Bash","Warcry","Twin Strike+1","Thunderclap","Demon Form+1","Demon Form","Anger","Anger","Heavy Blade"],"special_seed":0,"relics":["Burning Blood","WarpedTongs","Self Forming Clay","Blue Candle","Orrery"],"potions_floor_usage":[19],"damage_taken":[{"damage":6.0,"enemies":"Cultist","floor":1.0,"turns":4.0},{"damage":6.0,"enemies":"2 Louse","floor":3.0,"turns":3.0},{"damage":3.0,"enemies":"Small Slimes","floor":7.0,"turns":2.0},{"damage":37.0,"enemies":"Lagavulin","floor":8.0,"turns":6.0},{"damage":3.0,"enemies":"2 Fungi Beasts","floor":14.0,"turns":3.0},{"damage":22.0,"enemies":"Slime Boss","floor":16.0,"turns":5.0},{"damage":42,"enemies":"2 Thieves","floor":18,"turns":4},{"damage":19,"enemies":"Spheric Guardian","floor":19,"turns":4},{"damage":22,"enemies":"Snecko","floor":20,"turns":4},{"damage":19,"enemies":"Shelled Parasite and Fungi","floor":22,"turns":2}],"seed_played":"1977579977292002768","potions_obtained":[{"floor":1.0,"key":"Ancient Potion"},{"floor":7.0,"key":"Energy Potion"}],"is_trial":false,"path_per_floor":["M","?","M","$","$","R","M","E","T","?","$","?","R","M","R","B",null,"M","M","M","$","M"],"character_chosen":"IRONCLAD","items_purchased":[],"campfire_rested":1,"item_purchase_floors":[],"current_hp_per_floor":[80,80,80,80,80,80,80,49,49,49,49,33,57,60,60,44,80,44,31,15,15,0],"gold":140,"neow_bonus":"HUNDRED_GOLD","is_prod":false,"is_daily":false,"chose_seed":false,"campfire_upgraded":2,"win_rate":0,"timestamp":1556146874,"path_taken":["M","?","M","?","$","R","?","E","T","?","$","?","R","M","R","BOSS","M","M","M","$","M"],"build_version":"2019-01-23","purchased_purges":3,"victory":false,"max_hp_per_floor":[80,80,80,80,80,80,80,80,80,80,80,80,80,80,80,80,80,80,80,80,80,80],"card_choices":[{"not_picked":["Sever Soul","Burning Pact"],"picked":"Warcry","floor":1.0},{"not_picked":["Pommel Strike","Wild Strike"],"picked":"Twin Strike","floor":3.0},{"not_picked":["Cleave","Battle Trance"],"picked":"Thunderclap","floor":7.0},{"not_picked":["Wild Strike","Pummel"],"picked":"Demon Form","floor":8.0},{"not_picked":["Flame Barrier","Clash","Carnage"],"picked":"SKIP","floor":14.0},{"not_picked":["Fiend Fire","Immolate"],"picked":"Demon Form","floor":16.0},{"not_picked":["Carnage","Pommel Strike"],"picked":"Anger","floor":17.0},{"not_picked":["Combust","True Grit"],"picked":"Anger","floor":17.0},{"not_picked":["Clash","Flex"],"picked":"Heavy Blade","floor":18},{"not_picked":["Heavy Blade","Battle Trance","Fire Breathing+1"],"picked":"SKIP","floor":19},{"not_picked":["Hemokinesis","Anger","Headbutt"],"picked":"SKIP","floor":20}],"player_experience":179318,"relics_obtained":[{"floor":8.0,"key":"Self Forming Clay"},{"floor":9.0,"key":"Blue Candle"}],"event_choices":[{"damage_healed":0.0,"max_hp_gain":0.0,"max_hp_loss":0.0,"gold_gain":0.0,"event_name":"Accursed Blacksmith","player_choice":"Rummage","floor":2.0,"gold_loss":0.0,"damage_taken":0.0,"relics_obtained":["WarpedTongs"],"cards_obtained":["Pain"]},{"damage_healed":0.0,"max_hp_gain":0.0,"max_hp_loss":0.0,"gold_gain":0.0,"event_name":"The Cleric","player_choice":"Leave","floor":10.0,"gold_loss":0.0,"damage_taken":0.0},{"damage_healed":0.0,"max_hp_gain":0.0,"max_hp_loss":0.0,"gold_gain":0.0,"event_name":"Shining Light","player_choice":"Entered Light","floor":12.0,"gold_loss":0.0,"damage_taken":16.0,"cards_upgraded":["Strike_R","Defend_R"]}],"is_beta":false,"boss_relics":[{"not_picked":["Astrolabe","Lizard Tail"],"picked":"Orrery"}],"items_purged_floors":[4,5,21],"is_endless":false,"potions_floor_spawned":[1,7],"killed_by":"Shelled Parasite and Fungi","ascension_level":1}