{"gold_per_floor":[119,119,119,130,144,144,174,174,200,200,228,82,82,98,98,98],"floor_reached":16,"playtime":1519,"items_purged":["Strike_B"],"score":98,"play_id":"76ddab49-636a-49c8-8acc-5bad7db82315","local_time":"20190515133651","is_ascension_mode":false,"campfire_choices":[{"data":"Redo","floor":6,"key":"SMITH"},{"data":"Coolheaded","floor":8,"key":"SMITH"},{"floor":13,"key":"REST"},{"floor":15,"key":"REST"}],"neow_cost":"NONE","seed_source_timestamp":52035447391856,"circlet_count":0,"master_deck":["Strike_B","Strike_B","Strike_B","Defend_B","Defend_B","Defend_B+1","Defend_B","Zap","Dualcast+1","Cold Snap","Go for the Eyes","Regret","Go for the Eyes","Redo+1","Coolheaded+1","Turbo","Skim"],"relics":["Cracked Core","Boot","War Paint","Question Card","Juzu Bracelet","Odd Mushroom"],"potions_floor_usage":[16,16],"damage_taken":[{"damage":0,"enemies":"Small Slimes","floor":1,"turns":3},{"damage":0,"enemies":"Jaw Worm","floor":4,"turns":2},{"damage":1,"enemies":"2 Louse","floor":5,"turns":3},{"damage":23,"enemies":"Gremlin Nob","floor":7,"turns":5},{"damage":17,"enemies":"The Mushroom Lair","floor":11,"turns":4},{"damage":2,"enemies":"Blue Slaver","floor":14,"turns":3},{"damage":71,"enemies":"Hexaghost","floor":16,"turns":16}],"seed_played":"-8381934263599062734","potions_obtained":[{"floor":5,"key":"GamblersBrew"},{"floor":7,"key":"EssenceOfSteel"},{"floor":11,"key":"PowerPotion"}],"is_trial":false,"path_per_floor":["M","?","?","M","M","R","E","R","T","?","?","$","R","M","R","B"],"character_chosen":"DEFECT","items_purchased":["Skim"],"campfire_rested":2,"item_purchase_floors":[12],"current_hp_per_floor":[75,75,68,68,67,67,44,44,44,44,27,27,49,47,69,0],"gold":98,"neow_bonus":"THREE_CARDS","is_prod":false,"is_daily":false,"chose_seed":false,"campfire_upgraded":2,"win_rate":0.0,"timestamp":1557952611,"path_taken":["M","?","?","M","M","R","E","R","T","?","?","$","R","M","R","BOSS"],"build_version":"2019-01-23","purchased_purges":1,"victory":false,"max_hp_per_floor":[75,75,75,75,75,75,75,75,75,75,75,75,75,75,75,75],"card_choices":[{"not_picked":["Capacitor","Conserve Battery"],"picked":"Cold Snap","floor":0},{"not_picked":["Cold Snap","Heatsinks"],"picked":"Go for the Eyes","floor":1},{"not_picked":["Hello World","Cold Snap"],"picked":"Go for the Eyes","floor":4},{"not_picked":["Tempest","Cold Snap"],"picked":"Redo","floor":5},{"not_picked":["Go for the Eyes","Lockon"],"picked":"Coolheaded","floor":7},{"not_picked":["Rebound","White Noise","Glacier"],"picked":"Turbo","floor":11},{"not_picked":["Turbo","Streamline","Stack","Leap"],"picked":"SKIP","floor":14}],"player_experience":33414,"relics_obtained":[{"floor":7,"key":"Question Card"},{"floor":9,"key":"Juzu Bracelet"},{"floor":11,"key":"Odd Mushroom"}],"event_choices":[{"damage_healed":0,"gold_gain":0,"player_choice":"Box","damage_taken":0,"relics_obtained":["Boot"],"max_hp_gain":0,"max_hp_loss":0,"event_name":"Big Fish","floor":2,"gold_loss":0,"cards_obtained":["Regret"]},{"damage_healed":0,"gold_gain":0,"player_choice":"Success","damage_taken":7,"relics_obtained":["War Paint"],"max_hp_gain":0,"max_hp_loss":0,"event_name":"Scrap Ooze","floor":3,"gold_loss":0},{"damage_healed":0,"gold_gain":0,"player_choice":"Ignored","damage_taken":0,"max_hp_gain":0,"max_hp_loss":0,"event_name":"Golden Idol","floor":10,"gold_loss":0},{"damage_healed":0,"gold_gain":0,"player_choice":"Fought Mushrooms","damage_taken":0,"max_hp_gain":0,"max_hp_loss":0,"event_name":"Mushrooms","floor":11,"gold_loss":0}],"is_beta":false,"boss_relics":[],"items_purged_floors":[12],"is_endless":false,"potions_floor_spawned":[5,7,11,14],"killed_by":"Hexaghost","ascension_level":0}