{"gold_per_floor":[109,184,30,30,45,79,79,93,139,173,173,173,173,25,25,145,145,158,181,181,205,8,43,43,57,57,93,93,106,144,144,144,267,267,288,413,413,431,38,38,78,78],"floor_reached":42,"playtime":1851,"items_purged":["Defend_R","Injury","Strike_R"],"score":490,"play_id":"b5e7ba79-b57e-4fe1-ae45-3c9c7153d424","local_time":"20190210181813","is_ascension_mode":false,"campfire_choices":[{"data":"Fire Breathing","floor":7,"key":"SMITH"},{"floor":15,"key":"REST"},{"floor":24,"key":"REST"},{"floor":32,"key":"REST"},{"floor":40,"key":"REST"}],"neow_cost":"NONE","seed_source_timestamp":2129865120360322,"circlet_count":0,"master_deck":["Strike_R","Strike_R","Strike_R","Strike_R","Bash","Clash","Fire Breathing+1","Warcry","Cleave","Cleave","Anger","Fire Breathing","Brutality","Twin Strike+1","Rampage","Pommel Strike","Flex","Anger","Anger","Rampage","Rupture+1","Bash","Spot Weakness","Headbutt+1","Brutality","Thunderclap+1","Rupture","Iron Wave","Cleave","Metallicize","Clash","Offering"],"relics":["Burning Blood","Centennial Puzzle","Dream Catcher","Juzu Bracelet","Golden Idol","Mark of Pain","Red Skull","Gremlin Horn","Ice Cream","Ancient Tea Set","Vajra","Sozu","Magic Flower","Anchor","Paper Frog"],"potions_floor_usage":[16,16,23,23,29,29,30,41],"damage_taken":[{"damage":6,"enemies":"2 Louse","floor":1,"turns":4},{"damage":0,"enemies":"Small Slimes","floor":5,"turns":2},{"damage":49,"enemies":"3 Sentries","floor":6,"turns":9},{"damage":6,"enemies":"Cultist","floor":8,"turns":3},{"damage":14,"enemies":"Gremlin Nob","floor":10,"turns":3},{"damage":42,"enemies":"Hexaghost","floor":16,"turns":6},{"damage":7,"enemies":"Chosen","floor":18,"turns":4},{"damage":20,"enemies":"Shell Parasite","floor":19,"turns":3},{"damage":23,"enemies":"Snecko","floor":21,"turns":4},{"damage":20,"enemies":"Book of Stabbing","floor":23,"turns":3},{"damage":22,"enemies":"Centurion and Healer","floor":25,"turns":3},{"damage":19,"enemies":"Gremlin Leader","floor":27,"turns":4},{"damage":11,"enemies":"Chosen and Byrds","floor":29,"turns":3},{"damage":36,"enemies":"Slavers","floor":30,"turns":3},{"damage":28,"enemies":"Collector","floor":33,"turns":5},{"damage":18,"enemies":"3 Darklings","floor":35,"turns":3},{"damage":55,"enemies":"Mind Bloom Boss Battle","floor":36,"turns":5},{"damage":10,"enemies":"Orb Walker","floor":38,"turns":2},{"damage":44,"enemies":"Giant Head","floor":41,"turns":6},{"damage":5,"enemies":"3 Darklings","floor":42,"turns":2}],"seed_played":"-5111059145736476342","potions_obtained":[{"floor":5,"key":"FearPotion"},{"floor":6,"key":"EntropicBrew"},{"floor":18,"key":"LiquidBronze"},{"floor":23,"key":"BloodPotion"},{"floor":27,"key":"Fruit Juice"},{"floor":33,"key":"AttackPotion"}],"is_trial":false,"path_per_floor":["M","?","$","?","M","E","R","M","T","E","?","?","?","$","R","B",null,"M","M","?","M","$","E","R","M","T","E","?","M","E","?","R","B",null,"M","?","?","M","$","R","E","M"],"character_chosen":"IRONCLAD","items_purchased":["Fire Breathing","Anger","Red Skull","Flex","Cleave","Anchor","Metallicize"],"campfire_rested":4,"item_purchase_floors":[3,14,22,22,39,39,39],"current_hp_per_floor":[80,69,69,69,75,32,32,32,32,24,24,24,24,24,48,12,80,79,65,65,48,48,34,58,42,42,29,29,37,7,7,32,10,85,73,24,24,23,23,48,13,8],"gold":78,"neow_bonus":"REMOVE_CARD","is_prod":false,"is_daily":false,"chose_seed":false,"campfire_upgraded":1,"win_rate":0.0,"timestamp":1549844293,"path_taken":["M","?","$","?","M","E","R","M","T","E","?","?","?","$","R","BOSS","M","M","?","M","$","E","R","M","T","E","?","M","E","?","R","BOSS","M","?","?","M","$","R","E","M"],"build_version":"2019-01-23","purchased_purges":3,"victory":false,"max_hp_per_floor":[80,80,80,80,80,80,80,80,80,80,80,80,80,80,80,80,80,80,80,80,80,80,80,80,80,80,80,80,85,85,85,85,85,85,85,85,85,85,85,85,85,85],"card_choices":[{"not_picked":["Flex","Thunderclap"],"picked":"Clash","floor":1},{"not_picked":["Body Slam","Power Through","Flame Barrier"],"picked":"SKIP","floor":5},{"not_picked":["Pummel","Iron Wave"],"picked":"Warcry","floor":6},{"not_picked":["Warcry","Heavy Blade"],"picked":"Cleave","floor":8},{"not_picked":["Searing Blow","Flame Barrier"],"picked":"Cleave","floor":10},{"not_picked":["Burning Pact","Armaments"],"picked":"Fire Breathing","floor":15},{"not_picked":["Feed","Impervious"],"picked":"Brutality","floor":16},{"not_picked":["Warcry+1","Clash"],"picked":"Twin Strike+1","floor":18},{"not_picked":["Body Slam","Sword Boomerang"],"picked":"Rampage","floor":19},{"not_picked":["Iron Wave","Thunderclap+1"],"picked":"Pommel Strike","floor":21},{"not_picked":["Iron Wave","Clash"],"picked":"Anger","floor":23},{"not_picked":["Reckless Charge","Armaments"],"picked":"Anger","floor":24},{"not_picked":["Searing Blow+1","Headbutt"],"picked":"Rampage","floor":25},{"not_picked":["Juggernaut","Ghostly Armor"],"picked":"Rupture+1","floor":27},{"not_picked":["Body Slam","Burning Pact"],"picked":"Spot Weakness","floor":29},{"not_picked":["Rampage","Feel No Pain","Juggernaut"],"picked":"SKIP","floor":30},{"not_picked":["Whirlwind+1","Armaments"],"picked":"Headbutt+1","floor":32},{"not_picked":["Impervious","Barricade"],"picked":"Brutality","floor":33},{"not_picked":["Blood for Blood+1","Ghostly Armor"],"picked":"Thunderclap+1","floor":35},{"not_picked":["Iron Wave","Battle Trance+1"],"picked":"Rupture","floor":36},{"not_picked":["Warcry+1","Headbutt+1"],"picked":"Iron Wave","floor":38},{"not_picked":["Twin Strike","Whirlwind+1"],"picked":"Clash","floor":40},{"not_picked":["Clash+1","Sword Boomerang"],"picked":"Offering","floor":41}],"player_experience":30931,"relics_obtained":[{"floor":6,"key":"Centennial Puzzle"},{"floor":9,"key":"Dream Catcher"},{"floor":10,"key":"Juzu Bracelet"},{"floor":23,"key":"Gremlin Horn"},{"floor":26,"key":"Ice Cream"},{"floor":27,"key":"Ancient Tea Set"},{"floor":30,"key":"Vajra"},{"floor":36,"key":"Magic Flower"},{"floor":41,"key":"Paper Frog"}],"event_choices":[{"damage_healed":0,"gold_gain":75,"player_choice":"Gather Gold","damage_taken":11,"max_hp_gain":0,"max_hp_loss":0,"event_name":"World of Goop","floor":2,"gold_loss":0},{"damage_healed":0,"gold_gain":0,"player_choice":"Leave","damage_taken":0,"max_hp_gain":0,"max_hp_loss":0,"event_name":"The Cleric","floor":4,"gold_loss":0},{"cards_removed":["Defend_R"],"damage_healed":0,"gold_gain":0,"player_choice":"Forget","damage_taken":0,"max_hp_gain":0,"max_hp_loss":0,"event_name":"Living Wall","floor":11,"gold_loss":0},{"damage_healed":0,"gold_gain":0,"player_choice":"Take Wound","damage_taken":0,"relics_obtained":["Golden Idol"],"max_hp_gain":0,"max_hp_loss":0,"event_name":"Golden Idol","floor":12,"gold_loss":0,"cards_obtained":["Injury"]},{"damage_healed":0,"gold_gain":0,"player_choice":"Ignored","damage_taken":0,"max_hp_gain":0,"max_hp_loss":0,"event_name":"NoteForYourself","floor":13,"gold_loss":0},{"damage_healed":0,"gold_gain":0,"player_choice":"Bought 0 Potions","damage_taken":0,"max_hp_gain":0,"max_hp_loss":0,"event_name":"The Woman in Blue","floor":20,"gold_loss":0},{"damage_healed":0,"gold_gain":0,"player_choice":"1 cards matched","damage_taken":0,"max_hp_gain":0,"max_hp_loss":0,"event_name":"Match and Keep!","floor":28,"gold_loss":0,"cards_obtained":["Bash"]},{"cards_removed":["Defend_R"],"damage_healed":0,"gold_gain":0,"player_choice":"Offered Basic","damage_taken":0,"max_hp_gain":0,"max_hp_loss":0,"event_name":"Bonfire Elementals","floor":31,"gold_loss":0},{"damage_healed":0,"gold_gain":0,"player_choice":"Fight","damage_taken":0,"max_hp_gain":0,"max_hp_loss":0,"event_name":"MindBloom","floor":36,"gold_loss":0},{"damage_healed":0,"gold_gain":0,"player_choice":"Ignored","damage_taken":0,"max_hp_gain":0,"max_hp_loss":0,"event_name":"Tomb of Lord Red Mask","floor":37,"gold_loss":0}],"is_beta":false,"boss_relics":[{"not_picked":["Busted Crown","Fusion Hammer"],"picked":"Mark of Pain"},{"not_picked":["Lizard Tail","Astrolabe"],"picked":"Sozu"}],"items_purged_floors":[3,14,39],"is_endless":false,"potions_floor_spawned":[5,6,18,21,23,27,33,36,41],"killed_by":"3 Darklings","ascension_level":0}