{"gold_per_floor":[118,118,3,21,21,54,54,64,64,84,84,110,35,62,62,136,136,148,48,61,61,61],"floor_reached":22,"playtime":661,"items_purged":["Strike_B","Strike_B"],"score":380,"play_id":"09c1ff77-d2c9-48cd-8689-c2a2a580d901","local_time":"20190509222938","is_ascension_mode":true,"campfire_choices":[{"data":"Zap","floor":7,"key":"SMITH"},{"data":"Machine Learning","floor":15,"key":"SMITH"}],"neow_cost":"NONE","seed_source_timestamp":1061411482878842,"circlet_count":0,"master_deck":["AscendersBane","Strike_B","Defend_B","Defend_B","Defend_B","Defend_B","Zap+1","Dualcast","Sweeping Beam","FTL","Rip and Tear","Machine Learning+1","Doom and Gloom","Coolheaded","Leap","Hologram","All For One","Loop"],"relics":["Cracked Core","NeowsBlessing","Mango","Bottled Flame","CultistMask","Ornamental Fan","Art of War","Runic Pyramid"],"potions_floor_usage":[16,16,21],"damage_taken":[{"damage":0,"enemies":"Small Slimes","floor":1,"turns":1},{"damage":0,"enemies":"2 Louse","floor":4,"turns":1},{"damage":0,"enemies":"3 Sentries","floor":6,"turns":1},{"damage":0,"enemies":"Cultist","floor":8,"turns":2},{"damage":7,"enemies":"2 Fungi Beasts","floor":10,"turns":3},{"damage":18,"enemies":"Gremlin Nob","floor":12,"turns":3},{"damage":38,"enemies":"Slime Boss","floor":16,"turns":11},{"damage":21,"enemies":"Chosen","floor":18,"turns":5},{"damage":7,"enemies":"Shell Parasite","floor":20,"turns":5},{"damage":49,"enemies":"Colosseum Slavers","floor":21,"turns":6},{"damage":7,"enemies":"Snake Plant","floor":22,"turns":1}],"seed_played":"2812220757082053051","potions_obtained":[{"floor":4,"key":"Weak Potion"},{"floor":6,"key":"PowerPotion"},{"floor":20,"key":"Regen Potion"}],"is_trial":false,"path_per_floor":["M","?","$","M","?","E","R","M","T","M","?","E","$","T","R","B",null,"M","$","M","?","M"],"character_chosen":"DEFECT","items_purchased":["FTL","Rip and Tear"],"campfire_rested":0,"item_purchase_floors":[3,3],"current_hp_per_floor":[64,57,57,57,57,71,71,71,71,64,64,46,46,46,46,8,66,45,45,38,4,0],"gold":61,"neow_bonus":"THREE_ENEMY_KILL","is_prod":false,"is_daily":false,"chose_seed":false,"campfire_upgraded":2,"win_rate":0,"timestamp":1557458978,"path_taken":["M","?","$","M","?","E","R","M","T","?","?","E","$","?","R","BOSS","M","$","M","?","M"],"build_version":"2019-01-23","purchased_purges":2,"victory":false,"max_hp_per_floor":[71,71,71,71,71,85,85,85,85,85,85,85,85,85,85,85,85,85,85,85,85,85],"card_choices":[{"not_picked":["Go for the Eyes","Melter"],"picked":"Sweeping Beam","floor":1},{"not_picked":["Conserve Battery","Compile Driver"],"picked":"Machine Learning","floor":4},{"not_picked":["Reinforced Body","Ball Lightning"],"picked":"Doom and Gloom","floor":6},{"not_picked":["Double Energy","BootSequence"],"picked":"Coolheaded","floor":8},{"not_picked":["Go for the Eyes","Steam"],"picked":"Leap","floor":10},{"not_picked":["Turbo","Gash"],"picked":"Hologram","floor":12},{"not_picked":["Buffer","Rainbow"],"picked":"All For One","floor":16},{"not_picked":["Blizzard","Ball Lightning"],"picked":"Loop","floor":18},{"not_picked":["Scrape","Redo","Steam Power"],"picked":"SKIP","floor":20}],"player_experience":384263,"relics_obtained":[{"floor":6,"key":"Mango"},{"floor":9,"key":"Bottled Flame"},{"floor":12,"key":"Ornamental Fan"},{"floor":14,"key":"Art of War"}],"event_choices":[{"cards_removed":["Strike_B"],"damage_healed":0,"gold_gain":0,"player_choice":"Card Removal","damage_taken":7,"max_hp_gain":0,"max_hp_loss":0,"event_name":"Golden Wing","floor":2,"gold_loss":0},{"damage_healed":0,"gold_gain":0,"player_choice":"0 cards matched","damage_taken":0,"max_hp_gain":0,"max_hp_loss":0,"event_name":"Match and Keep!","floor":5,"gold_loss":0,"cards_obtained":[]},{"damage_healed":0,"gold_gain":0,"player_choice":"Trade","damage_taken":0,"relics_obtained":["CultistMask"],"max_hp_gain":0,"max_hp_loss":0,"event_name":"FaceTrader","floor":11,"gold_loss":0},{"damage_healed":0,"gold_gain":0,"player_choice":"Fight","damage_taken":0,"max_hp_gain":0,"max_hp_loss":0,"event_name":"Colosseum","floor":21,"gold_loss":0},{"damage_healed":0,"gold_gain":0,"player_choice":"Fled From Nobs","damage_taken":0,"max_hp_gain":0,"max_hp_loss":0,"event_name":"Colosseum","floor":21,"gold_loss":0}],"is_beta":false,"boss_relics":[{"not_picked":["Ectoplasm","Philosopher\u0027s Stone"],"picked":"Runic Pyramid"}],"items_purged_floors":[13,19],"is_endless":false,"potions_floor_spawned":[4,6,10,20],"killed_by":"Snake Plant","ascension_level":15}