{"gold_per_floor":[119,119,131,145,164,229,229,229,253,284,299,319,9,9,9,9],"floor_reached":16,"playtime":838,"items_purged":[],"score":129,"play_id":"2ffc4ef8-a693-4906-a2c7-3599376ac533","local_time":"20190312162502","is_ascension_mode":true,"campfire_choices":[{"data":"Dual Wield","floor":7,"key":"SMITH"},{"data":"Flex","floor":15,"key":"SMITH"}],"neow_cost":"NONE","seed_source_timestamp":1780518303602123,"circlet_count":0,"master_deck":["Strike_R","Strike_R","Strike_R","Strike_R+1","Strike_R+1","Defend_R","Defend_R","Defend_R+1","Defend_R+1","Bash","Pommel Strike+1","Shockwave","Rampage","Dual Wield+1","Flex+1","Sword Boomerang","Feed","Pummel","Parasite"],"relics":["Burning Blood","NeowsBlessing","Tiny Chest","War Paint","Whetstone","Bronze Scales","Orichalcum"],"potions_floor_usage":[16],"damage_taken":[{"damage":0,"enemies":"Jaw Worm","floor":1,"turns":1},{"damage":0,"enemies":"Cultist","floor":3,"turns":1},{"damage":0,"enemies":"2 Louse","floor":4,"turns":1},{"damage":20,"enemies":"Gremlin Gang","floor":5,"turns":5},{"damage":25,"enemies":"Lagavulin","floor":6,"turns":7},{"damage":31,"enemies":"3 Sentries","floor":10,"turns":9},{"damage":15,"enemies":"3 Louse","floor":11,"turns":3},{"damage":10,"enemies":"Blue Slaver","floor":12,"turns":3},{"damage":29,"enemies":"The Guardian","floor":16,"turns":8}],"seed_played":"-8519913018197570958","potions_obtained":[{"floor":5,"key":"Swift Potion"},{"floor":6,"key":"FearPotion"},{"floor":10,"key":"SteroidPotion"},{"floor":12,"key":"Strength Potion"}],"is_trial":false,"path_per_floor":["M","?","M","M","M","E","R","?","T","E","M","M","$","?","R","B"],"character_chosen":"IRONCLAD","items_purchased":["Bronze Scales","Orichalcum"],"campfire_rested":0,"item_purchase_floors":[13,13],"current_hp_per_floor":[80,80,80,80,66,47,47,47,47,22,13,9,9,29,29,0],"gold":9,"neow_bonus":"THREE_ENEMY_KILL","is_prod":false,"is_daily":false,"chose_seed":false,"campfire_upgraded":2,"win_rate":0,"timestamp":1552425902,"path_taken":["M","?","M","?","M","E","R","?","T","E","M","?","$","?","R","BOSS"],"build_version":"2019-01-23","purchased_purges":0,"victory":false,"max_hp_per_floor":[80,80,80,80,80,80,80,80,80,80,80,80,80,80,80,80],"card_choices":[{"not_picked":["Perfected Strike","Feel No Pain"],"picked":"Pommel Strike","floor":1},{"not_picked":["Sentinel","Clash"],"picked":"Shockwave","floor":3},{"not_picked":["Anger","Thunderclap"],"picked":"Rampage","floor":4},{"not_picked":["Body Slam","Twin Strike"],"picked":"Dual Wield","floor":5},{"not_picked":["Reckless Charge","Thunderclap"],"picked":"Flex","floor":6},{"not_picked":["Body Slam","Headbutt"],"picked":"Sword Boomerang","floor":10},{"not_picked":["Uppercut","Sword Boomerang"],"picked":"Feed","floor":11},{"not_picked":["Pommel Strike","Wild Strike"],"picked":"Pummel","floor":12}],"player_experience":190280,"relics_obtained":[{"floor":6,"key":"Tiny Chest"},{"floor":9,"key":"War Paint"},{"floor":10,"key":"Whetstone"}],"event_choices":[{"damage_healed":0,"gold_gain":0,"player_choice":"Upgraded","damage_taken":0,"max_hp_gain":0,"max_hp_loss":0,"event_name":"Upgrade Shrine","floor":2,"gold_loss":0,"cards_upgraded":["Pommel Strike"]},{"damage_healed":0,"gold_gain":0,"player_choice":"Bought 0 Potions","damage_taken":0,"max_hp_gain":0,"max_hp_loss":0,"event_name":"The Woman in Blue","floor":8,"gold_loss":0},{"damage_healed":20,"gold_gain":0,"player_choice":"Healed and dodged fight","damage_taken":0,"max_hp_gain":0,"max_hp_loss":0,"event_name":"Mushrooms","floor":14,"gold_loss":0,"cards_obtained":["Parasite"]}],"is_beta":false,"boss_relics":[],"items_purged_floors":[],"is_endless":false,"potions_floor_spawned":[5,6,10,12],"killed_by":"The Guardian","ascension_level":3}