{"gold_per_floor":[116,127,127,202,52,52,90,90,113,128,128,128],"floor_reached":12,"playtime":228,"items_purged":[],"score":122,"play_id":"49517afe-0d01-4bad-a767-b45ea139db62","local_time":"20190428172910","is_ascension_mode":true,"campfire_choices":[{"floor":6,"key":"REST"},{"data":"Decay","floor":8,"key":"PURGE"}],"neow_cost":"NONE","seed_source_timestamp":93396582126742,"circlet_count":0,"master_deck":["AscendersBane","Strike_B","Strike_B","Strike_B","Strike_B","Defend_B","Defend_B","Defend_B","Defend_B","Zap","Dualcast","Clumsy","Shame","Rebound","Streamline","Gash","White Noise"],"relics":["Calling Bell","Ancient Tea Set","Blue Candle","Peace Pipe","Golden Idol","PreservedInsect","StoneCalendar","Anchor"],"potions_floor_usage":[12],"damage_taken":[{"damage":21,"enemies":"Small Slimes","floor":1,"turns":4},{"damage":12,"enemies":"Jaw Worm","floor":2,"turns":3},{"damage":27,"enemies":"Lagavulin","floor":7,"turns":7},{"damage":1,"enemies":"Cultist","floor":10,"turns":4},{"damage":25,"enemies":"Gremlin Nob","floor":12,"turns":3}],"seed_played":"3606371121219567702","potions_obtained":[{"floor":2,"key":"Swift Potion"}],"is_trial":false,"path_per_floor":["M","M","?","?","$","R","E","R","T","M","?","E"],"character_chosen":"DEFECT","items_purchased":["PreservedInsect"],"campfire_rested":1,"item_purchase_floors":[5],"current_hp_per_floor":[47,35,35,24,24,44,17,17,17,16,16,0],"gold":128,"neow_bonus":"BOSS_RELIC","is_prod":false,"is_daily":false,"chose_seed":false,"campfire_upgraded":0,"win_rate":0,"timestamp":1556490550,"path_taken":["M","M","?","?","?","R","E","R","T","M","?","E"],"build_version":"2019-01-23","purchased_purges":0,"victory":false,"max_hp_per_floor":[75,75,69,69,69,69,69,69,69,69,69,69],"card_choices":[{"not_picked":["Hologram","Hello World"],"picked":"Rebound","floor":1},{"not_picked":["Rebound","Leap"],"picked":"Streamline","floor":2},{"not_picked":["Creative AI","Go for the Eyes"],"picked":"Gash","floor":7},{"not_picked":["Barrage","Double Energy"],"picked":"White Noise","floor":10}],"player_experience":337736,"relics_obtained":[{"floor":0,"key":"Ancient Tea Set"},{"floor":0,"key":"Blue Candle"},{"floor":0,"key":"Peace Pipe"},{"floor":7,"key":"StoneCalendar"},{"floor":9,"key":"Anchor"}],"event_choices":[{"damage_healed":0,"gold_gain":0,"player_choice":"Lose Max HP","damage_taken":0,"relics_obtained":["Golden Idol"],"max_hp_gain":0,"max_hp_loss":6,"event_name":"Golden Idol","floor":3,"gold_loss":0},{"damage_healed":0,"gold_gain":75,"player_choice":"Gather Gold","damage_taken":11,"max_hp_gain":0,"max_hp_loss":0,"event_name":"World of Goop","floor":4,"gold_loss":0},{"damage_healed":0,"gold_gain":0,"player_choice":"Ignored","damage_taken":0,"max_hp_gain":0,"max_hp_loss":0,"event_name":"Liars Game","floor":11,"gold_loss":0}],"is_beta":false,"boss_relics":[],"items_purged_floors":[],"is_endless":false,"potions_floor_spawned":[2],"killed_by":"Gremlin Nob","ascension_level":12}