{"gold_per_floor":[112,37,48,9,27,57,57,92,115,115,132,132,149,160,160,160],"floor_reached":16,"playtime":715,"items_purged":["Shame"],"score":112,"play_id":"40f7d073-8dd2-4519-a380-4c42bf7b749e","local_time":"20190526144348","is_ascension_mode":false,"campfire_choices":[{"floor":7,"key":"REST"},{"data":"Dagger Throw","floor":12,"key":"SMITH"},{"floor":15,"key":"REST"}],"neow_cost":"CURSE","seed_source_timestamp":20424406625025,"circlet_count":0,"master_deck":["Defend_G","Defend_G","Defend_G","Defend_G","Defend_G","Strike_G","Strike_G","Strike_G","Strike_G","Strike_G","Survivor","Neutralize","Dagger Throw+1","Sucker Punch","Skewer","Quick Slash","Outmaneuver","Leg Sweep","Calculated Gamble","Dagger Spray"],"relics":["Ring of the Snake","FossilizedHelix","Regal Pillow","Pen Nib","Art of War"],"potions_floor_usage":[],"damage_taken":[{"damage":0,"enemies":"Small Slimes","floor":1,"turns":4},{"damage":0,"enemies":"Cultist","floor":3,"turns":3},{"damage":0,"enemies":"2 Louse","floor":5,"turns":3},{"damage":38,"enemies":"3 Sentries","floor":6,"turns":8},{"damage":36,"enemies":"Lagavulin","floor":8,"turns":7},{"damage":0,"enemies":"2 Fungi Beasts","floor":11,"turns":4},{"damage":0,"enemies":"Large Slime","floor":13,"turns":4},{"damage":9,"enemies":"Exordium Thugs","floor":14,"turns":4},{"damage":61,"enemies":"Hexaghost","floor":16,"turns":12}],"seed_played":"-6467907446108515993","potions_obtained":[{"floor":1,"key":"FearPotion"},{"floor":3,"key":"Poison Potion"},{"floor":8,"key":"Swift Potion"}],"is_trial":false,"path_per_floor":["M","$","M","$","M","E","R","E","T","?","M","R","M","M","R","B"],"character_chosen":"THE_SILENT","items_purchased":["Skewer"],"campfire_rested":2,"item_purchase_floors":[4],"current_hp_per_floor":[70,70,70,70,70,32,68,32,32,32,32,32,32,23,59,0],"gold":160,"neow_bonus":"ONE_RARE_RELIC","is_prod":false,"is_daily":false,"chose_seed":false,"campfire_upgraded":1,"win_rate":0,"timestamp":1558907028,"path_taken":["M","$","M","$","M","E","R","E","T","?","M","R","?","M","R","BOSS"],"build_version":"2019-01-23","purchased_purges":1,"victory":false,"max_hp_per_floor":[70,70,70,70,70,70,70,70,70,70,70,70,70,70,70,70],"card_choices":[{"not_picked":["Dodge and Roll","Quick Slash"],"picked":"Dagger Throw","floor":1},{"not_picked":["Dodge and Roll","Deadly Poison"],"picked":"Sucker Punch","floor":3},{"not_picked":["Reflex","Underhanded Strike"],"picked":"Quick Slash","floor":5},{"not_picked":["Deflect","Poisoned Stab"],"picked":"Outmaneuver","floor":6},{"not_picked":["Accuracy","PiercingWail"],"picked":"Dagger Throw","floor":8},{"not_picked":["Bane","Outmaneuver","PiercingWail"],"picked":"SKIP","floor":11},{"not_picked":["Prepared","Caltrops"],"picked":"Calculated Gamble","floor":13},{"not_picked":["Blade Dance","Concentrate"],"picked":"Dagger Spray","floor":14}],"player_experience":328593,"relics_obtained":[{"floor":6,"key":"Regal Pillow"},{"floor":8,"key":"Pen Nib"},{"floor":9,"key":"Art of War"}],"event_choices":[{"cards_removed":["Dagger Throw"],"damage_healed":0,"gold_gain":0,"player_choice":"Took Card","damage_taken":0,"max_hp_gain":0,"max_hp_loss":0,"event_name":"NoteForYourself","floor":10,"gold_loss":0,"cards_obtained":["Leg Sweep"]}],"is_beta":false,"boss_relics":[],"items_purged_floors":[2],"is_endless":false,"potions_floor_spawned":[1,3,8,13,14],"killed_by":"Hexaghost","ascension_level":0}