{"gold_per_floor":[115,1,1,1,20,20,60,60,106,106,106,130,161,177,177,303,303,323,337,350,350,53,53,53],"floor_reached":24,"playtime":1995,"items_purged":["Strike_R"],"score":323,"play_id":"6f6d9862-edb3-4eeb-9e38-bb2a0da3b330","local_time":"20190323020821","is_ascension_mode":true,"campfire_choices":[{"data":"Combust","floor":6,"key":"SMITH"},{"data":"Blood for Blood","floor":8,"key":"SMITH"},{"data":"Demon Form","floor":11,"key":"SMITH"},{"floor":15,"key":"REST"},{"floor":23,"key":"REST"}],"neow_cost":"NONE","seed_source_timestamp":523574708326814,"circlet_count":0,"master_deck":["Strike_R","Strike_R","Strike_R","Strike_R","Defend_R","Defend_R","Defend_R","Defend_R","Bash","Metallicize","Cleave","Combust+1","Shrug It Off","Blood for Blood+1","Demon Form+1","True Grit","Reaper","Sword Boomerang","Reaper","Warcry","Thunderclap","Intimidate","Feel No Pain"],"relics":["Burning Blood","NeowsBlessing","Golden Idol","Lantern","Gambling Chip","Regal Pillow","Sundial","White Beast Statue","Oddly Smooth Stone"],"potions_floor_usage":[20,20,21,24],"damage_taken":[{"damage":0,"enemies":"Cultist","floor":1,"turns":1},{"damage":0,"enemies":"Jaw Worm","floor":5,"turns":1},{"damage":0,"enemies":"Lagavulin","floor":7,"turns":1},{"damage":1,"enemies":"2 Louse","floor":12,"turns":2},{"damage":54,"enemies":"Gremlin Nob","floor":13,"turns":5},{"damage":16,"enemies":"Red Slaver","floor":14,"turns":6},{"damage":51,"enemies":"Slime Boss","floor":16,"turns":12},{"damage":54,"enemies":"2 Thieves","floor":18,"turns":4},{"damage":24,"enemies":"3 Byrds","floor":19,"turns":4},{"damage":13,"enemies":"Cultist and Chosen","floor":20,"turns":4},{"damage":1,"enemies":"Centurion and Healer","floor":21,"turns":2},{"damage":60,"enemies":"Gremlin Leader","floor":24,"turns":4}],"seed_played":"4915844510740590863","potions_obtained":[{"floor":1,"key":"AttackPotion"},{"floor":5,"key":"FearPotion"},{"floor":16,"key":"SmokeBomb"},{"floor":18,"key":"Swift Potion"},{"floor":19,"key":"Energy Potion"},{"floor":20,"key":"LiquidBronze"}],"is_trial":false,"path_per_floor":["M","$","?","?","M","R","E","R","T","?","R","M","E","M","R","B",null,"M","M","M","M","$","R","E"],"character_chosen":"IRONCLAD","items_purchased":["Cleave","Combust","Feel No Pain","Oddly Smooth Stone"],"campfire_rested":2,"item_purchase_floors":[2,2,22,22],"current_hp_per_floor":[78,78,74,74,74,74,74,74,74,74,74,74,26,16,53,44,67,39,25,18,23,23,60,0],"gold":53,"neow_bonus":"THREE_ENEMY_KILL","is_prod":false,"is_daily":false,"chose_seed":false,"campfire_upgraded":3,"win_rate":0,"timestamp":1553324901,"path_taken":["M","$","?","?","?","R","E","R","T","?","R","M","E","M","R","BOSS","M","M","?","M","$","R","E"],"build_version":"2019-01-23","purchased_purges":1,"victory":false,"max_hp_per_floor":[80,80,74,74,74,74,74,74,74,74,74,74,74,74,74,74,74,74,74,74,74,74,74,74],"card_choices":[{"not_picked":["Cleave","Whirlwind"],"picked":"Metallicize","floor":1},{"not_picked":["Iron Wave","Pommel Strike"],"picked":"Shrug It Off","floor":5},{"not_picked":["Dropkick","Iron Wave"],"picked":"Blood for Blood","floor":7},{"not_picked":["Shrug It Off","Cleave"],"picked":"True Grit","floor":12},{"not_picked":["Pommel Strike","Burning Pact"],"picked":"Reaper","floor":13},{"not_picked":["Intimidate","Rage"],"picked":"Sword Boomerang","floor":14},{"not_picked":["Barricade","Feed"],"picked":"Reaper","floor":16},{"not_picked":["Body Slam+1","Dropkick"],"picked":"Warcry","floor":18},{"not_picked":["Burning Pact","Blood for Blood"],"picked":"Thunderclap","floor":19},{"not_picked":["Hemokinesis","Wild Strike+1"],"picked":"Intimidate","floor":20}],"player_experience":261057,"relics_obtained":[{"floor":7,"key":"Gambling Chip"},{"floor":9,"key":"Regal Pillow"},{"floor":13,"key":"Sundial"}],"event_choices":[{"damage_healed":0,"gold_gain":0,"player_choice":"Lose Max HP","damage_taken":0,"relics_obtained":["Golden Idol"],"max_hp_gain":0,"max_hp_loss":6,"event_name":"Golden Idol","floor":3,"gold_loss":0},{"damage_healed":0,"gold_gain":0,"player_choice":"Gave Potion","damage_taken":0,"relics_obtained":["Lantern"],"max_hp_gain":0,"max_hp_loss":0,"event_name":"WeMeetAgain","floor":4,"gold_loss":0},{"damage_healed":0,"gold_gain":0,"player_choice":"1 cards matched","damage_taken":0,"max_hp_gain":0,"max_hp_loss":0,"event_name":"Match and Keep!","floor":10,"gold_loss":0,"cards_obtained":["Demon Form"]}],"is_beta":false,"boss_relics":[{"not_picked":["Pandora\u0027s Box","Cursed Key"],"picked":"White Beast Statue"}],"items_purged_floors":[22],"is_endless":false,"potions_floor_spawned":[1,5,16,18,19,20,21],"killed_by":"Gremlin Leader","ascension_level":8}