{"gold_per_floor":[118,193,143,159,169,197,197,210,210,210,238,238],"floor_reached":12,"playtime":298,"items_purged":[],"score":141,"play_id":"503cfa8a-0c88-4d93-b97d-658ee55ea5cb","local_time":"20190501140928","is_ascension_mode":true,"campfire_choices":[{"data":"Rampage","floor":7.0,"key":"SMITH"},{"data":"Cleave","floor":10.0,"key":"SMITH"}],"neow_cost":"NONE","seed_source_timestamp":340521586529378,"circlet_count":0,"master_deck":["AscendersBane","Strike_R","Strike_R","Strike_R","Strike_R","Defend_R","Defend_R","Defend_R","Defend_R","Bash","Cleave+1","Pommel Strike","Rampage+1","Ghostly Armor","Flex"],"special_seed":0,"relics":["Burning Blood","Bronze Scales","Regal Pillow","Bottled Lightning","Paper Frog"],"potions_floor_usage":[],"damage_taken":[{"damage":6.0,"enemies":"Cultist","floor":1.0,"turns":4.0},{"damage":8.0,"enemies":"Jaw Worm","floor":4.0,"turns":4.0},{"damage":1.0,"enemies":"2 Louse","floor":5.0,"turns":3.0},{"damage":24.0,"enemies":"Gremlin Nob","floor":6.0,"turns":4.0},{"damage":13.0,"enemies":"Exordium Thugs","floor":8.0,"turns":5.0},{"damage":34.0,"enemies":"Lagavulin","floor":11.0,"turns":7.0},{"damage":16,"enemies":"Large Slime","floor":12,"turns":3}],"seed_played":"-6404592913878230778","potions_obtained":[{"floor":5.0,"key":"SpeedPotion"},{"floor":6.0,"key":"GamblersBrew"}],"is_trial":false,"path_per_floor":["M","?","?","M","M","E","R","M","T","R","E","M"],"character_chosen":"IRONCLAD","items_purchased":[],"campfire_rested":0,"item_purchase_floors":[],"current_hp_per_floor":[72,61,61,59,64,46,46,39,39,39,11,0],"gold":238,"neow_bonus":"RANDOM_COMMON_RELIC","is_prod":false,"is_daily":false,"chose_seed":false,"campfire_upgraded":2,"win_rate":0,"timestamp":1556737768,"path_taken":["M","?","?","M","M","E","R","M","T","R","E","M"],"build_version":"2019-01-23","purchased_purges":0,"victory":false,"max_hp_per_floor":[80,80,80,80,80,80,80,80,80,80,80,80],"card_choices":[{"not_picked":["Armaments","Wild Strike"],"picked":"Cleave","floor":1.0},{"not_picked":["Ghostly Armor","Rupture"],"picked":"Pommel Strike","floor":4.0},{"not_picked":["Anger","Wild Strike","Burning Pact"],"picked":"SKIP","floor":5.0},{"not_picked":["Clash","Power Through"],"picked":"Rampage","floor":6.0},{"not_picked":["Bloodletting","Berserk"],"picked":"Ghostly Armor","floor":8.0},{"not_picked":["Havoc","Iron Wave"],"picked":"Flex","floor":11.0}],"player_experience":353739,"relics_obtained":[{"floor":6.0,"key":"Regal Pillow"},{"floor":9.0,"key":"Bottled Lightning"},{"floor":11.0,"key":"Paper Frog"}],"event_choices":[{"damage_healed":0.0,"max_hp_gain":0.0,"max_hp_loss":0.0,"gold_gain":75.0,"event_name":"World of Goop","player_choice":"Gather Gold","floor":2.0,"gold_loss":0.0,"damage_taken":11.0},{"cards_removed":["Strike_R"],"damage_healed":0.0,"max_hp_gain":0.0,"max_hp_loss":0.0,"gold_gain":0.0,"event_name":"The Cleric","player_choice":"Card Removal","floor":3.0,"gold_loss":50.0,"damage_taken":0.0}],"is_beta":false,"boss_relics":[],"items_purged_floors":[],"is_endless":false,"potions_floor_spawned":[5,6,8],"killed_by":"Large Slime","ascension_level":12}