{"gold_per_floor":[118,130,130,141,111,146,70,60,139,139,139,152,172,186,186,283,283,293,293],"floor_reached":19,"playtime":5251,"items_purged":[],"score":171,"play_id":"754fbee7-002e-4e38-a314-0c6b8210e4d8","local_time":"20190514195704","is_ascension_mode":false,"campfire_choices":[{"data":"True Grit","floor":10,"key":"SMITH"},{"data":"Uppercut","floor":15,"key":"SMITH"}],"neow_cost":"NONE","seed_source_timestamp":11285100502453,"circlet_count":0,"master_deck":["Strike_R","Strike_R","Strike_R","Strike_R","Strike_R","Defend_R","Defend_R","Defend_R","Defend_R","Bash","Trip","Uppercut+1","Inflame","Dual Wield","True Grit+1","Inflame","Reaper","Dropkick","Ghostly Armor","Juggernaut","True Grit+1"],"relics":["Burning Blood","Bird Faced Urn","Question Card","Bag of Preparation","Coffee Dripper"],"potions_floor_usage":[],"damage_taken":[{"damage":5,"enemies":"Jaw Worm","floor":1,"turns":5},{"damage":4,"enemies":"Cultist","floor":2,"turns":3},{"damage":4,"enemies":"Small Slimes","floor":4,"turns":4},{"damage":14,"enemies":"Gremlin Nob","floor":6,"turns":3},{"damage":32,"enemies":"Exordium Thugs","floor":8,"turns":4},{"damage":10,"enemies":"Looter","floor":12,"turns":4},{"damage":11,"enemies":"2 Fungi Beasts","floor":13,"turns":4},{"damage":23,"enemies":"Large Slime","floor":14,"turns":6},{"damage":38,"enemies":"Slime Boss","floor":16,"turns":11},{"damage":26,"enemies":"Chosen","floor":18,"turns":5},{"damage":56,"enemies":"Colosseum Slavers","floor":19,"turns":6},{"damage":59,"enemies":"Colosseum Nobs","floor":19,"turns":4}],"seed_played":"-4197557198816401183","potions_obtained":[{"floor":4,"key":"SpeedPotion"},{"floor":5,"key":"AttackPotion"},{"floor":5,"key":"Energy Potion"},{"floor":13,"key":"Ancient Potion"}],"is_trial":false,"path_per_floor":["M","M","?","M","?","E","$","M","T","R","?","M","M","M","R","B",null,"M","?"],"character_chosen":"IRONCLAD","items_purchased":["Inflame"],"campfire_rested":0,"item_purchase_floors":[7],"current_hp_per_floor":[80,80,80,80,80,72,72,52,52,52,45,45,68,67,67,56,80,69,0],"gold":293,"neow_bonus":"RANDOM_COLORLESS","is_prod":false,"is_daily":false,"chose_seed":false,"campfire_upgraded":2,"win_rate":0.0,"timestamp":1557889024,"path_taken":["M","M","?","?","?","E","?","M","T","R","?","M","M","M","R","BOSS","M","?"],"build_version":"2019-01-23","purchased_purges":0,"victory":false,"max_hp_per_floor":[80,80,80,80,80,80,80,80,80,80,80,80,80,80,80,80,80,80,80],"card_choices":[{"not_picked":["Flex","Cleave"],"picked":"Uppercut","floor":1},{"not_picked":["Dropkick","Shrug It Off"],"picked":"Inflame","floor":2},{"not_picked":["Flex","Twin Strike"],"picked":"Dual Wield","floor":4},{"not_picked":["Pummel","Thunderclap"],"picked":"True Grit","floor":6},{"not_picked":["Sever Soul","Sword Boomerang","Anger"],"picked":"SKIP","floor":8},{"not_picked":["Pommel Strike","Warcry","Rampage"],"picked":"Reaper","floor":12},{"not_picked":["Cleave","Pommel Strike","True Grit"],"picked":"Dropkick","floor":13},{"not_picked":["Dual Wield","Dark Embrace","Anger"],"picked":"Ghostly Armor","floor":14},{"not_picked":["Double Tap","Berserk","Fiend Fire"],"picked":"Juggernaut","floor":16},{"not_picked":["Infernal Blade","Headbutt+1","Iron Wave"],"picked":"True Grit+1","floor":18}],"player_experience":7538,"relics_obtained":[{"floor":6,"key":"Bird Faced Urn"},{"floor":9,"key":"Question Card"}],"event_choices":[{"damage_healed":0,"gold_gain":0,"player_choice":"Ignored","damage_taken":0,"max_hp_gain":0,"max_hp_loss":0,"event_name":"WeMeetAgain","floor":3,"gold_loss":0},{"damage_healed":0,"gold_gain":0,"player_choice":"Bought 2 Potions","damage_taken":0,"max_hp_gain":0,"max_hp_loss":0,"event_name":"The Woman in Blue","floor":5,"gold_loss":0},{"damage_healed":0,"gold_gain":0,"player_choice":"Success","damage_taken":7,"relics_obtained":["Bag of Preparation"],"max_hp_gain":0,"max_hp_loss":0,"event_name":"Scrap Ooze","floor":11,"gold_loss":0},{"damage_healed":0,"gold_gain":0,"player_choice":"Fight","damage_taken":0,"max_hp_gain":0,"max_hp_loss":0,"event_name":"Colosseum","floor":19,"gold_loss":0},{"damage_healed":0,"gold_gain":0,"player_choice":"Fought Nobs","damage_taken":0,"max_hp_gain":0,"max_hp_loss":0,"event_name":"Colosseum","floor":19,"gold_loss":0}],"is_beta":false,"boss_relics":[{"not_picked":["Astrolabe","Eternal Feather"],"picked":"Coffee Dripper"}],"items_purged_floors":[],"is_endless":false,"potions_floor_spawned":[4,13],"killed_by":"Colosseum Nobs","ascension_level":0}