{"gold_per_floor":[218,218,232,243,213,240,240,256,256,256,0,0,11,43,43,43],"floor_reached":16,"playtime":543,"items_purged":["Strike_G"],"score":207,"play_id":"38f0bf49-bbab-4154-a7df-803699bddc8e","local_time":"20190514021334","is_ascension_mode":true,"campfire_choices":[{"data":"Glass Knife","floor":7.0,"key":"SMITH"},{"data":"Prepared","floor":10.0,"key":"SMITH"},{"floor":12.0,"key":"REST"},{"floor":15.0,"key":"REST"}],"neow_cost":"NONE","seed_source_timestamp":1420324376332090,"circlet_count":0,"master_deck":["AscendersBane","Defend_G","Defend_G","Defend_G","Defend_G","Defend_G","Strike_G","Strike_G","Strike_G","Survivor","Neutralize","Dagger Spray","Poisoned Stab","Cloak And Dagger","Glass Knife+1","Slice","Prepared+1","PiercingWail","Choke","Caltrops","Deflect"],"special_seed":0,"relics":["Ring of the Snake","Art of War","Darkstone Periapt","Matryoshka"],"potions_floor_usage":[16,16],"damage_taken":[{"damage":0.0,"enemies":"2 Louse","floor":1.0,"turns":4.0},{"damage":3.0,"enemies":"Cultist","floor":3.0,"turns":5.0},{"damage":1.0,"enemies":"Small Slimes","floor":4.0,"turns":3.0},{"damage":8.0,"enemies":"Exordium Thugs","floor":5.0,"turns":4.0},{"damage":17.0,"enemies":"Lagavulin","floor":6.0,"turns":6.0},{"damage":0.0,"enemies":"3 Louse","floor":8.0,"turns":3.0},{"damage":0.0,"enemies":"Red Slaver","floor":13.0,"turns":4.0},{"damage":31.0,"enemies":"Gremlin Nob","floor":14.0,"turns":3.0},{"damage":38,"enemies":"Slime Boss","floor":16,"turns":8}],"seed_played":"-3738931411529890412","potions_obtained":[{"floor":3.0,"key":"LiquidBronze"},{"floor":5.0,"key":"Fire Potion"},{"floor":6.0,"key":"LiquidBronze"}],"is_trial":false,"path_per_floor":["M","?","M","M","M","E","R","M","T","R","$","R","M","E","R","B"],"character_chosen":"THE_SILENT","items_purchased":["PiercingWail","Choke","Caltrops"],"campfire_rested":2,"item_purchase_floors":[11,11,11],"current_hp_per_floor":[59,59,56,55,47,30,30,30,30,30,30,49,49,18,37,0],"gold":43,"neow_bonus":"HUNDRED_GOLD","is_prod":false,"is_daily":false,"chose_seed":false,"campfire_upgraded":2,"win_rate":0,"timestamp":1557818014,"path_taken":["M","?","M","M","M","E","R","M","T","R","$","R","?","E","R","BOSS"],"build_version":"2019-01-23","purchased_purges":1,"victory":false,"max_hp_per_floor":[66,66,66,66,66,66,66,66,66,66,66,66,66,66,66,66],"card_choices":[{"not_picked":["Cloak And Dagger","Slice"],"picked":"Dagger Spray","floor":1.0},{"not_picked":["Sucker Punch","Finisher"],"picked":"Poisoned Stab","floor":3.0},{"not_picked":["Acrobatics","Bane"],"picked":"Cloak And Dagger","floor":4.0},{"not_picked":["Well Laid Plans","Backflip"],"picked":"Glass Knife","floor":5.0},{"not_picked":["Predator","Storm of Steel"],"picked":"Slice","floor":6.0},{"not_picked":["Dagger Spray","Eviscerate"],"picked":"Prepared","floor":8.0},{"not_picked":["Outmaneuver","Blade Dance","Dagger Throw"],"picked":"SKIP","floor":13.0},{"not_picked":["Masterful Stab","Slice"],"picked":"Deflect","floor":14.0}],"player_experience":417632,"relics_obtained":[{"floor":6.0,"key":"Art of War"},{"floor":9.0,"key":"Darkstone Periapt"},{"floor":14.0,"key":"Matryoshka"}],"event_choices":[{"cards_removed":["Strike_G"],"damage_healed":0.0,"max_hp_gain":0.0,"max_hp_loss":0.0,"gold_gain":0.0,"event_name":"Purifier","player_choice":"Purged","floor":2.0,"gold_loss":0.0,"damage_taken":0.0}],"is_beta":false,"boss_relics":[],"items_purged_floors":[11],"is_endless":false,"potions_floor_spawned":[3,5,6,14],"killed_by":"Slime Boss","ascension_level":17}