{"gold_per_floor":[116,135,147,66,66,66,100,275,275,275,275,295,295],"floor_reached":13,"playtime":238,"items_purged":[],"score":116,"play_id":"55a8b64f-caee-4021-a86e-258f9a50c106","local_time":"20190318023649","is_ascension_mode":true,"campfire_choices":[{"data":"Offering","floor":6,"key":"SMITH"},{"floor":11,"key":"REST"}],"neow_cost":"NONE","seed_source_timestamp":95023659268182,"circlet_count":0,"master_deck":["Strike_R","Strike_R","Strike_R","Strike_R","Strike_R","Defend_R","Defend_R","Defend_R","Defend_R","Bash","Cleave","Feel No Pain","Iron Wave","Offering+1","Regret","Headbutt","Feel No Pain+1","Metallicize+1"],"relics":["Burning Blood","NeowsBlessing","Dream Catcher","Charon\u0027s Ashes","Frozen Egg 2"],"potions_floor_usage":[7],"damage_taken":[{"damage":0,"enemies":"2 Louse","floor":1,"turns":1},{"damage":0,"enemies":"Small Slimes","floor":2,"turns":1},{"damage":0,"enemies":"Jaw Worm","floor":3,"turns":1},{"damage":72,"enemies":"Lagavulin","floor":7,"turns":9},{"damage":8,"enemies":"3 Louse","floor":12,"turns":3},{"damage":18,"enemies":"Gremlin Nob","floor":13,"turns":5}],"seed_played":"6825331783756687089","potions_obtained":[{"floor":1,"key":"SkillPotion"},{"floor":2,"key":"SpeedPotion"},{"floor":12,"key":"LiquidBronze"}],"is_trial":false,"path_per_floor":["M","M","M","$","?","R","E","?","T","?","R","M","E"],"character_chosen":"IRONCLAD","items_purchased":["Offering"],"campfire_rested":1,"item_purchase_floors":[4],"current_hp_per_floor":[78,80,80,80,80,80,14,14,14,14,38,36,18],"gold":295,"neow_bonus":"THREE_ENEMY_KILL","is_prod":false,"is_daily":false,"chose_seed":false,"campfire_upgraded":1,"win_rate":0,"timestamp":1552894609,"path_taken":["M","M","M","$","?","R","E","?","T","?","R","M","E"],"build_version":"2019-01-23","purchased_purges":0,"victory":false,"max_hp_per_floor":[80,80,80,80,80,80,80,80,80,80,80,80,80],"card_choices":[{"not_picked":["Second Wind","Battle Trance"],"picked":"Cleave","floor":1},{"not_picked":["Iron Wave","Perfected Strike"],"picked":"Feel No Pain","floor":2},{"not_picked":["Power Through","Infernal Blade"],"picked":"Iron Wave","floor":3},{"not_picked":["Havoc","Barricade"],"picked":"Headbutt","floor":7},{"not_picked":["Havoc","Combust+1"],"picked":"Feel No Pain+1","floor":11},{"not_picked":["Warcry","Pommel Strike"],"picked":"Metallicize+1","floor":12}],"player_experience":218533,"relics_obtained":[{"floor":7,"key":"Charon\u0027s Ashes"},{"floor":9,"key":"Frozen Egg 2"}],"event_choices":[{"damage_healed":0,"gold_gain":0,"player_choice":"Box","damage_taken":0,"relics_obtained":["Dream Catcher"],"max_hp_gain":0,"max_hp_loss":0,"event_name":"Big Fish","floor":5,"gold_loss":0,"cards_obtained":["Regret"]},{"damage_healed":0,"gold_gain":175,"player_choice":"AGREE","damage_taken":0,"max_hp_gain":0,"max_hp_loss":0,"event_name":"Liars Game","floor":8,"gold_loss":0,"cards_obtained":["Doubt"]},{"cards_removed":["Doubt"],"damage_healed":0,"gold_gain":0,"player_choice":"Forget","damage_taken":0,"max_hp_gain":0,"max_hp_loss":0,"event_name":"Living Wall","floor":10,"gold_loss":0}],"is_beta":false,"boss_relics":[],"items_purged_floors":[],"is_endless":false,"potions_floor_spawned":[1,2,12],"killed_by":"Gremlin Nob","ascension_level":8}