{"gold_per_floor":[111,130,141,441,171,171,187,219,219,219,219,231,231,249,249,249],"floor_reached":16,"playtime":759,"items_purged":["Strike_B"],"score":102,"play_id":"e537ebf9-1a47-43dd-a04e-526dcf533aba","local_time":"20190519010853","is_ascension_mode":false,"campfire_choices":[{"data":"Dualcast","floor":6,"key":"SMITH"},{"floor":10,"key":"REST"},{"data":"Echo Form","floor":13,"key":"SMITH"},{"floor":15,"key":"REST"}],"neow_cost":"CURSE","seed_source_timestamp":227363687224708,"circlet_count":0,"master_deck":["Strike_B","Strike_B","Defend_B","Defend_B","Defend_B","Defend_B","Zap","Dualcast+1","Pain","Machine Learning","Steam","Sweeping Beam","Hologram","Redo","Cold Snap","Steam","Echo Form+1","Undo"],"relics":["Cracked Core","Old Coin","Blood Vial","Symbiotic Virus","Letter Opener"],"potions_floor_usage":[],"damage_taken":[{"damage":6,"enemies":"Cultist","floor":1,"turns":5},{"damage":3,"enemies":"2 Louse","floor":2,"turns":3},{"damage":1,"enemies":"Small Slimes","floor":3,"turns":3},{"damage":5,"enemies":"Blue Slaver","floor":7,"turns":4},{"damage":40,"enemies":"Gremlin Nob","floor":8,"turns":5},{"damage":4,"enemies":"Red Slaver","floor":12,"turns":3},{"damage":8,"enemies":"Exordium Thugs","floor":14,"turns":3},{"damage":43,"enemies":"The Guardian","floor":16,"turns":9}],"seed_played":"-3650869917528077495","potions_obtained":[{"floor":7,"key":"Poison Potion"},{"floor":12,"key":"Fire Potion"}],"is_trial":false,"path_per_floor":["M","M","M","?","$","R","M","E","T","R","?","M","R","M","R","B"],"character_chosen":"DEFECT","items_purchased":["Redo","Blood Vial"],"campfire_rested":2,"item_purchase_floors":[5,5],"current_hp_per_floor":[69,66,65,53,53,53,50,12,12,34,27,25,25,19,41,0],"gold":249,"neow_bonus":"THREE_RARE_CARDS","is_prod":false,"is_daily":false,"chose_seed":false,"campfire_upgraded":2,"win_rate":0,"timestamp":1558253333,"path_taken":["M","?","?","?","$","R","M","E","T","R","?","M","R","M","R","BOSS"],"build_version":"2019-01-23","purchased_purges":1,"victory":false,"max_hp_per_floor":[75,75,75,75,75,75,75,75,75,75,75,75,75,75,75,75],"card_choices":[{"not_picked":["Buffer","Hyperbeam"],"picked":"Machine Learning","floor":0},{"not_picked":["Compile Driver","Rebound"],"picked":"Steam","floor":1},{"not_picked":["Ball Lightning","Go for the Eyes"],"picked":"Sweeping Beam","floor":2},{"not_picked":["Sunder","Steam Power"],"picked":"Hologram","floor":3},{"not_picked":["Conserve Battery","Beam Cell"],"picked":"Cold Snap","floor":7},{"not_picked":["Steam Power","Leap"],"picked":"Steam","floor":8},{"not_picked":["Reprogram","Barrage"],"picked":"Echo Form","floor":12},{"not_picked":["Rip and Tear","BootSequence"],"picked":"Undo","floor":14}],"player_experience":176864,"relics_obtained":[{"floor":8,"key":"Symbiotic Virus"},{"floor":9,"key":"Letter Opener"}],"event_choices":[{"damage_healed":0,"gold_gain":0,"player_choice":"Success","damage_taken":12,"relics_obtained":["Old Coin"],"max_hp_gain":0,"max_hp_loss":0,"event_name":"Scrap Ooze","floor":4,"gold_loss":0},{"cards_removed":["Strike_B"],"damage_healed":0,"gold_gain":0,"player_choice":"Card Removal","damage_taken":7,"max_hp_gain":0,"max_hp_loss":0,"event_name":"Golden Wing","floor":11,"gold_loss":0}],"is_beta":false,"boss_relics":[],"items_purged_floors":[5],"is_endless":false,"potions_floor_spawned":[7,12],"killed_by":"The Guardian","ascension_level":0}