{"gold_per_floor":[114,131,131,131,131,131,157,157,157,170,181,215,226,237,237,314,314,326,42,57,69,69,69,69],"floor_reached":24,"playtime":867,"items_purged":[],"score":354,"play_id":"75a9fdb4-0d31-4287-82f2-8c2bb6e69640","local_time":"20190430134638","is_ascension_mode":true,"campfire_choices":[{"data":"Barrage","floor":6.0,"key":"SMITH"},{"floor":15.0,"key":"REST"},{"data":"White Noise","floor":23.0,"key":"SMITH"}],"neow_cost":"NONE","seed_source_timestamp":252056242147831,"circlet_count":0,"master_deck":["AscendersBane","Zap+1","Dualcast+1","Barrage+1","Capacitor","Cold Snap","Conserve Battery","White Noise+1","Leap","Leap","Hologram","Echo Form","Genetic Algorithm","Steam Power","Thunder Strike","Rainbow","Heatsinks","Barrage","Meteor Strike","Self Repair","Coolheaded","Hologram","Coolheaded"],"special_seed":0,"relics":["Cracked Core","Cables","Kunai","Blue Candle","Pandora\u0027s Box","Mummified Hand"],"potions_floor_usage":[24],"damage_taken":[{"damage":0.0,"enemies":"Small Slimes","floor":1.0,"turns":3.0},{"damage":2.0,"enemies":"Jaw Worm","floor":2.0,"turns":3.0},{"damage":35.0,"enemies":"Gremlin Nob","floor":7.0,"turns":4.0},{"damage":0.0,"enemies":"2 Louse","floor":10.0,"turns":1.0},{"damage":1.0,"enemies":"Large Slime","floor":11.0,"turns":3.0},{"damage":15.0,"enemies":"3 Sentries","floor":12.0,"turns":7.0},{"damage":6.0,"enemies":"Gremlin Gang","floor":13.0,"turns":3.0},{"damage":4.0,"enemies":"Looter","floor":14.0,"turns":3.0},{"damage":24.0,"enemies":"The Guardian","floor":16.0,"turns":11.0},{"damage":26.0,"enemies":"Chosen","floor":18.0,"turns":6.0},{"damage":5.0,"enemies":"Shell Parasite","floor":20.0,"turns":4.0},{"damage":0.0,"enemies":"Snecko","floor":21.0,"turns":5.0},{"damage":53,"enemies":"Gremlin Leader","floor":24,"turns":4}],"seed_played":"-6001278990261162742","potions_obtained":[{"floor":1.0,"key":"Regen Potion"},{"floor":10.0,"key":"Weak Potion"},{"floor":11.0,"key":"LiquidBronze"},{"floor":21.0,"key":"PowerPotion"}],"is_trial":false,"path_per_floor":["M","M","?","?","?","R","E","?","T","M","M","E","M","M","R","B",null,"M","$","M","M","?","R","E"],"character_chosen":"DEFECT","items_purchased":["Mummified Hand","Coolheaded"],"campfire_rested":1,"item_purchase_floors":[19,19],"current_hp_per_floor":[64,62,55,41,64,64,39,39,39,39,38,23,17,13,34,10,56,30,30,39,53,53,53,0],"gold":69,"neow_bonus":"UPGRADE_CARD","is_prod":false,"is_daily":false,"chose_seed":false,"campfire_upgraded":2,"win_rate":0,"timestamp":1556649998,"path_taken":["M","M","?","?","?","R","E","?","T","M","M","E","M","M","R","BOSS","M","$","M","?","?","R","E"],"build_version":"2019-01-23","purchased_purges":0,"victory":false,"max_hp_per_floor":[71,71,71,71,71,71,71,71,71,71,71,71,71,71,71,71,71,71,71,71,71,71,71,71],"card_choices":[{"not_picked":["Chill","Steam"],"picked":"Barrage","floor":1.0},{"not_picked":["Streamline","Barrage"],"picked":"Capacitor","floor":2.0},{"not_picked":["Stack","All For One"],"picked":"Cold Snap","floor":7.0},{"not_picked":["Rebound","Sweeping Beam"],"picked":"Conserve Battery","floor":10.0},{"not_picked":["FTL","Rebound"],"picked":"White Noise","floor":11.0},{"not_picked":["Auto Shields","Beam Cell"],"picked":"Leap","floor":12.0},{"not_picked":["Reprogram","Barrage"],"picked":"Leap","floor":13.0},{"not_picked":["Steam","Conserve Battery"],"picked":"Hologram","floor":14.0},{"not_picked":["Rainbow","Thunder Strike"],"picked":"Echo Form","floor":16.0},{"not_picked":["Coolheaded","Gash"],"picked":"Self Repair","floor":18.0},{"not_picked":["Genetic Algorithm","Streamline"],"picked":"Hologram","floor":20.0},{"not_picked":["Redo","BootSequence"],"picked":"Coolheaded","floor":21.0}],"player_experience":344206,"relics_obtained":[{"floor":7.0,"key":"Cables"},{"floor":9.0,"key":"Kunai"},{"floor":12.0,"key":"Blue Candle"}],"event_choices":[{"cards_removed":["Strike_B"],"damage_healed":0.0,"max_hp_gain":0.0,"max_hp_loss":0.0,"gold_gain":0.0,"event_name":"Golden Wing","player_choice":"Card Removal","floor":3.0,"gold_loss":0.0,"damage_taken":7.0},{"damage_healed":0.0,"max_hp_gain":0.0,"max_hp_loss":0.0,"gold_gain":0.0,"event_name":"Shining Light","player_choice":"Entered Light","floor":4.0,"gold_loss":0.0,"damage_taken":14.0,"cards_upgraded":["Dualcast","Defend_B"]},{"damage_healed":23.0,"max_hp_gain":0.0,"max_hp_loss":0.0,"gold_gain":0.0,"event_name":"Big Fish","player_choice":"Banana","floor":5.0,"gold_loss":0.0,"damage_taken":0.0},{"damage_healed":0.0,"max_hp_gain":0.0,"max_hp_loss":0.0,"gold_gain":0.0,"event_name":"The Woman in Blue","player_choice":"Bought 0 Potions","floor":8.0,"gold_loss":0.0,"damage_taken":0.0},{"damage_healed":0.0,"max_hp_gain":0.0,"max_hp_loss":0.0,"gold_gain":0.0,"event_name":"Vampires","player_choice":"Ignored","floor":22.0,"gold_loss":0.0,"damage_taken":0.0}],"is_beta":false,"boss_relics":[{"not_picked":["Runic Dome","Philosopher\u0027s Stone"],"picked":"Pandora\u0027s Box"}],"items_purged_floors":[],"is_endless":false,"potions_floor_spawned":[1,10,11,12,21],"killed_by":"Gremlin Leader","ascension_level":14}