{"gold_per_floor":[20,33,48,59,75,75,75,107,107,119,119,139,149,176,176,277,277,287,303,27,40,40,40,70,86,86,106,106,126,51,51,51,146,146,164,164,177,194,44,44,56,56],"floor_reached":42,"playtime":3415,"items_purged":[],"score":438,"play_id":"396e8f94-f164-4d04-accf-0aa67e74aa28","local_time":"20190524003652","is_ascension_mode":false,"campfire_choices":[{"data":"Dagger Throw","floor":6.0,"key":"SMITH"},{"data":"Noxious Fumes","floor":11.0,"key":"SMITH"},{"floor":15.0,"key":"REST"},{"data":"Armaments","floor":23.0,"key":"SMITH"},{"data":"Leg Sweep","floor":28.0,"key":"SMITH"},{"floor":32.0,"key":"REST"},{"floor":40,"key":"REST"}],"neow_cost":"NO_GOLD","seed_source_timestamp":0,"circlet_count":0,"master_deck":["Survivor","Neutralize","Caltrops","Bouncing Flask","Acrobatics","Dagger Throw+1","Noxious Fumes+1","Tools of the Trade","Deflect","Underhanded Strike","Blade Dance","Unload","Backstab","Grand Finale","Unload","Leg Sweep+1","Dagger Throw","Blur","Dagger Throw","Blur","Flying Knee","Dash+1","Well Laid Plans","Blur","Armaments+1","Concentrate","Bane","Footwork+1","PiercingWail+1","Envenom+1","Phantasmal Killer","Sucker Punch+1","Bandage Up","Backflip+1"],"special_seed":0,"relics":["Ring of the Snake","Incense Burner","Snake Skull","Meat on the Bone","Potion Belt","Pandora\u0027s Box","Membership Card","Frozen Egg 2","Juzu Bracelet","Black Star","Ice Cream"],"potions_floor_usage":[],"damage_taken":[{"damage":5.0,"enemies":"Small Slimes","floor":1.0,"turns":5.0},{"damage":0.0,"enemies":"Cultist","floor":2.0,"turns":5.0},{"damage":4.0,"enemies":"Jaw Worm","floor":3.0,"turns":3.0},{"damage":10.0,"enemies":"Large Slime","floor":4.0,"turns":6.0},{"damage":0.0,"enemies":"2 Fungi Beasts","floor":5.0,"turns":5.0},{"damage":9.0,"enemies":"Exordium Wildlife","floor":7.0,"turns":4.0},{"damage":27.0,"enemies":"Lagavulin","floor":8.0,"turns":7.0},{"damage":1.0,"enemies":"Blue Slaver","floor":10.0,"turns":3.0},{"damage":7.0,"enemies":"2 Fungi Beasts","floor":12.0,"turns":4.0},{"damage":10.0,"enemies":"Large Slime","floor":13.0,"turns":6.0},{"damage":25.0,"enemies":"Gremlin Nob","floor":14.0,"turns":4.0},{"damage":34.0,"enemies":"Slime Boss","floor":16.0,"turns":7.0},{"damage":8.0,"enemies":"Shell Parasite","floor":18.0,"turns":5.0},{"damage":13.0,"enemies":"3 Byrds","floor":19.0,"turns":4.0},{"damage":19.0,"enemies":"Shelled Parasite and Fungi","floor":21.0,"turns":5.0},{"damage":25.0,"enemies":"Book of Stabbing","floor":24.0,"turns":7.0},{"damage":1.0,"enemies":"Centurion and Healer","floor":25.0,"turns":5.0},{"damage":8.0,"enemies":"Snecko","floor":27.0,"turns":5.0},{"damage":8.0,"enemies":"Snake Plant","floor":29.0,"turns":4.0},{"damage":38.0,"enemies":"Champ","floor":33.0,"turns":11.0},{"damage":34,"enemies":"3 Darklings","floor":35,"turns":6},{"damage":14,"enemies":"Orb Walker","floor":37,"turns":3},{"damage":30,"enemies":"Sphere and 2 Shapes","floor":38,"turns":7},{"damage":12,"enemies":"Jaw Worm Horde","floor":41,"turns":7},{"damage":53,"enemies":"4 Shapes","floor":42,"turns":3}],"seed_played":"5661292995065008643","potions_obtained":[{"floor":3.0,"key":"SteroidPotion"},{"floor":4.0,"key":"Block Potion"},{"floor":10.0,"key":"Poison Potion"},{"floor":14.0,"key":"Regen Potion"},{"floor":19.0,"key":"SneckoOil"}],"is_trial":false,"path_per_floor":["M","M","M","M","M","R","M","E","T","M","R","M","M","E","R","B",null,"M","M","$","M","?","R","E","M","T","M","R","M","$","?","R","B",null,"M","?","M","M","$","R","M","M"],"character_chosen":"THE_SILENT","items_purchased":["Well Laid Plans","Membership Card","Envenom+1","Ice Cream"],"campfire_rested":3,"item_purchase_floors":[20,20,30,39],"current_hp_per_floor":[65,65,61,51,51,51,42,15,15,26,26,31,33,20,41,19,70,62,49,49,42,42,42,29,40,40,44,44,36,36,36,57,31,70,36,36,34,20,20,41,45,0],"gold":56,"neow_bonus":"ONE_RARE_RELIC","is_prod":false,"is_daily":false,"chose_seed":false,"campfire_upgraded":4,"win_rate":0,"timestamp":1558683412,"path_taken":["M","M","M","M","M","R","M","E","T","M","R","M","M","E","R","BOSS","M","M","$","M","?","R","E","?","T","M","R","M","$","?","R","BOSS","M","?","M","M","$","R","M","M"],"build_version":"2019-01-23","purchased_purges":0,"victory":false,"max_hp_per_floor":[70,70,70,70,70,70,70,70,70,70,70,70,70,70,70,70,70,70,70,70,70,70,70,70,70,70,70,70,70,70,70,70,70,70,70,70,70,70,70,70,70,70],"card_choices":[{"not_picked":["Backflip","Dagger Throw"],"picked":"Caltrops","floor":1.0},{"not_picked":["Bane","Deflect"],"picked":"Bouncing Flask","floor":2.0},{"not_picked":["Dodge and Roll","Eviscerate","Tactician"],"picked":"SKIP","floor":3.0},{"not_picked":["Backflip","Cloak And Dagger"],"picked":"Acrobatics","floor":4.0},{"not_picked":["Dodge and Roll","Acrobatics"],"picked":"Dagger Throw","floor":5.0},{"not_picked":["Acrobatics","Sucker Punch","Quick Slash"],"picked":"SKIP","floor":7.0},{"not_picked":["Bane","Backflip"],"picked":"Noxious Fumes","floor":8.0},{"not_picked":["Eviscerate","Deflect"],"picked":"Tools of the Trade","floor":10.0},{"not_picked":["Deadly Poison","Backstab"],"picked":"Deflect","floor":12.0},{"not_picked":["Blade Dance","Quick Slash"],"picked":"Underhanded Strike","floor":13.0},{"not_picked":["Slice","Deadly Poison"],"picked":"Blade Dance","floor":14.0},{"not_picked":["Phantasmal Killer","Storm of Steel"],"picked":"Unload","floor":16.0},{"not_picked":["Poisoned Stab+1","PiercingWail"],"picked":"Flying Knee","floor":18.0},{"not_picked":["Cloak And Dagger","Prepared"],"picked":"Dash+1","floor":19.0},{"not_picked":["Acrobatics","All Out Attack"],"picked":"Blur","floor":21.0},{"not_picked":["Expertise","Heel Hook+1"],"picked":"Concentrate","floor":24.0},{"not_picked":["Deadly Poison","Blade Dance+1"],"picked":"Bane","floor":25.0},{"not_picked":["Prepared","Reflex+1"],"picked":"Footwork+1","floor":27.0},{"not_picked":["Flying Knee+1","Blur"],"picked":"PiercingWail+1","floor":29.0},{"not_picked":["Venomology","Tools of the Trade+1"],"picked":"Phantasmal Killer","floor":33.0},{"not_picked":["Outmaneuver+1","Acrobatics+1"],"picked":"Sucker Punch+1","floor":35},{"not_picked":["Master of Strategy","Panacea"],"picked":"Bandage Up","floor":36},{"not_picked":["Calculated Gamble","Deadly Poison+1"],"picked":"Backflip+1","floor":37},{"not_picked":["Dagger Spray+1","Poisoned Stab+1","Distraction"],"picked":"SKIP","floor":38},{"not_picked":["PiercingWail","Underhanded Strike","Quick Slash+1"],"picked":"SKIP","floor":41}],"player_experience":246189,"relics_obtained":[{"floor":8.0,"key":"Snake Skull"},{"floor":9.0,"key":"Meat on the Bone"},{"floor":14.0,"key":"Potion Belt"},{"floor":24.0,"key":"Frozen Egg 2"},{"floor":26.0,"key":"Juzu Bracelet"}],"event_choices":[{"cards_removed":["Noxious Fumes"],"damage_healed":0.0,"max_hp_gain":0.0,"max_hp_loss":0.0,"gold_gain":0.0,"event_name":"NoteForYourself","player_choice":"Took Card","floor":22.0,"gold_loss":0.0,"damage_taken":0.0,"cards_obtained":["Armaments"]},{"cards_removed":["Predator"],"damage_healed":0.0,"max_hp_gain":0.0,"max_hp_loss":0.0,"gold_gain":0.0,"event_name":"Purifier","player_choice":"Purged","floor":31.0,"gold_loss":0.0,"damage_taken":0.0},{"damage_healed":0,"gold_gain":0,"player_choice":"Memory 1","damage_taken":0,"max_hp_gain":0,"max_hp_loss":0,"event_name":"SensoryStone","floor":36,"gold_loss":0}],"is_beta":false,"boss_relics":[{"not_picked":["White Beast Statue","Calling Bell"],"picked":"Pandora\u0027s Box"},{"not_picked":["Astrolabe","Cursed Key"],"picked":"Black Star"}],"items_purged_floors":[],"is_endless":false,"potions_floor_spawned":[3,4,10,12,13,14,16,19,24,25,27,41],"killed_by":"4 Shapes","ascension_level":0}