{"gold_per_floor":[111,122,39,114,33,33,61,61,61,95,95,129,129,129,129,129],"floor_reached":16,"playtime":224,"items_purged":[],"score":264,"play_id":"484bb664-958c-4017-95af-ced4fdebcfa5","local_time":"20190517145444","is_ascension_mode":true,"campfire_choices":[{"data":"Sunder","floor":6,"key":"SMITH"},{"data":"Loop","floor":8,"key":"SMITH"},{"data":"Static Discharge","floor":11,"key":"SMITH"},{"data":"Self Repair","floor":13,"key":"SMITH"},{"data":"Zap","floor":15,"key":"SMITH"}],"neow_cost":"NONE","seed_source_timestamp":3745058224640,"circlet_count":0,"master_deck":["AscendersBane","Strike_B","Strike_B+1","Strike_B","Strike_B+1","Defend_B","Defend_B","Defend_B","Defend_B","Zap+1","Dualcast","Sunder+1","Sweeping Beam","Loop+1","Static Discharge+1","Self Repair+1"],"relics":["Cracked Core","NeowsBlessing","Ancient Tea Set","Ginger","Turnip","Whetstone"],"potions_floor_usage":[16],"damage_taken":[{"damage":0,"enemies":"Cultist","floor":1,"turns":1},{"damage":0,"enemies":"Small Slimes","floor":2,"turns":1},{"damage":0,"enemies":"3 Sentries","floor":7,"turns":2},{"damage":11,"enemies":"Gremlin Nob","floor":10,"turns":3},{"damage":25,"enemies":"Lagavulin","floor":12,"turns":4},{"damage":21,"enemies":"Hexaghost","floor":16,"turns":4}],"seed_played":"-2362837938078338041","potions_obtained":[{"floor":2,"key":"Energy Potion"},{"floor":7,"key":"LiquidBronze"}],"is_trial":false,"path_per_floor":["M","M","$","?","$","R","E","R","T","E","R","E","R","?","R","B"],"character_chosen":"DEFECT","items_purchased":["Loop","Static Discharge"],"campfire_rested":0,"item_purchase_floors":[3,5],"current_hp_per_floor":[64,64,64,53,53,53,53,53,53,42,42,17,17,17,17,0],"gold":129,"neow_bonus":"THREE_ENEMY_KILL","is_prod":false,"is_daily":false,"chose_seed":false,"campfire_upgraded":5,"win_rate":0,"timestamp":1558122884,"path_taken":["M","?","$","?","$","R","E","R","T","E","R","E","R","?","R","BOSS"],"build_version":"2019-01-23","purchased_purges":0,"victory":false,"max_hp_per_floor":[71,71,71,71,71,71,71,71,71,71,71,71,71,71,71,71],"card_choices":[{"not_picked":["Conserve Battery","Beam Cell"],"picked":"Sunder","floor":1},{"not_picked":["Conserve Battery","Compile Driver"],"picked":"Sweeping Beam","floor":2},{"not_picked":["Sweeping Beam","Gash","Lockon"],"picked":"SKIP","floor":7},{"not_picked":["Stack","Beam Cell","Hello World"],"picked":"SKIP","floor":10},{"not_picked":["Redo","Sweeping Beam"],"picked":"Self Repair","floor":12}],"player_experience":431563,"relics_obtained":[{"floor":7,"key":"Ancient Tea Set"},{"floor":9,"key":"Ginger"},{"floor":10,"key":"Turnip"},{"floor":12,"key":"Whetstone"}],"event_choices":[{"damage_healed":0,"gold_gain":75,"player_choice":"Gather Gold","damage_taken":11,"max_hp_gain":0,"max_hp_loss":0,"event_name":"World of Goop","floor":4,"gold_loss":0},{"damage_healed":0,"gold_gain":0,"player_choice":"Ignored","damage_taken":0,"max_hp_gain":0,"max_hp_loss":0,"event_name":"Liars Game","floor":14,"gold_loss":0}],"is_beta":false,"boss_relics":[],"items_purged_floors":[],"is_endless":false,"potions_floor_spawned":[2,7,12],"killed_by":"Hexaghost","ascension_level":18}