{"gold_per_floor":[109,109,129,144,319,349,349,363,389,406,437,437,466,14,14,116,116,127,55,155,82,99,134,146,72,72,72,72,103,119,119,119,223,223,242,242,242,242,254,284,297,310,310,21,36,36,36,36,36,36],"floor_reached":50,"playtime":3413,"items_purged":["Defend_G"],"score":601,"play_id":"b0736154-b11f-4f4e-9b8c-b6959c41d288","local_time":"20190212181223","is_ascension_mode":false,"campfire_choices":[{"data":"Noxious Fumes","floor":7,"key":"SMITH"},{"floor":12,"key":"REST"},{"data":"Noxious Fumes","floor":15,"key":"SMITH"},{"data":"Adrenaline","floor":24,"key":"SMITH"},{"floor":28,"key":"REST"},{"floor":32,"key":"REST"},{"floor":46,"key":"REST"},{"floor":49,"key":"REST"}],"neow_cost":"NONE","seed_source_timestamp":2300755485286124,"circlet_count":0,"master_deck":["Defend_G","Defend_G","Defend_G","Defend_G","Strike_G","Strike_G","Strike_G","Survivor","Neutralize","Deflect","Blade Dance","Noxious Fumes+1","Doubt","Crippling Poison","Backflip","Deadly Poison","Bouncing Flask","Noxious Fumes+1","Noxious Fumes","Deflect","Dodge and Roll","Dramatic Entrance","Master of Strategy","Adrenaline+1","Backflip","Escape Plan","Deflect","Deadly Poison","Flying Knee","Slice+1","Infinite Blades","Poisoned Stab","Shame","Deadly Poison","Escape Plan","Slice+1","Deflect+1","Adrenaline","Backflip","Chrysalis","Prepared","Endless Agony+1","Endless Agony+1","Outmaneuver+1","Deflect+1","Deflect","Deflect","Madness","Madness","Crippling Poison"],"relics":["Ring of the Snake","PreservedInsect","Boot","Ancient Tea Set","Dream Catcher","Potion Belt","WristBlade","MawBank","Molten Egg 2","Happy Flower","Thread and Needle","Runic Pyramid","Frozen Egg 2","Gremlin Horn","Snake Skull","Bag of Preparation"],"potions_floor_usage":[6,16,23,23,30,30,33,42,45,45],"damage_taken":[{"damage":0,"enemies":"Cultist","floor":1,"turns":5},{"damage":8,"enemies":"Jaw Worm","floor":3,"turns":7},{"damage":0,"enemies":"Small Slimes","floor":4,"turns":4},{"damage":12,"enemies":"Gremlin Nob","floor":6,"turns":4},{"damage":0,"enemies":"3 Louse","floor":8,"turns":4},{"damage":1,"enemies":"Blue Slaver","floor":10,"turns":4},{"damage":12,"enemies":"3 Sentries","floor":11,"turns":6},{"damage":14,"enemies":"Lagavulin","floor":13,"turns":5},{"damage":21,"enemies":"Slime Boss","floor":16,"turns":8},{"damage":3,"enemies":"Shell Parasite","floor":18,"turns":4},{"damage":16,"enemies":"2 Thieves","floor":22,"turns":5},{"damage":11,"enemies":"Slavers","floor":23,"turns":5},{"damage":23,"enemies":"Book of Stabbing","floor":29,"turns":5},{"damage":18,"enemies":"Snecko","floor":30,"turns":6},{"damage":30,"enemies":"Champ","floor":33,"turns":8},{"damage":4,"enemies":"3 Shapes","floor":35,"turns":5},{"damage":2,"enemies":"Orb Walker","floor":39,"turns":4},{"damage":28,"enemies":"Giant Head","floor":40,"turns":8},{"damage":4,"enemies":"Sphere and 2 Shapes","floor":41,"turns":5},{"damage":22,"enemies":"4 Shapes","floor":42,"turns":4},{"damage":1,"enemies":"Writhing Mass","floor":45,"turns":7},{"damage":65,"enemies":"Awakened One","floor":50,"turns":9}],"seed_played":"-5469681562263652991","potions_obtained":[{"floor":1,"key":"PowerPotion"},{"floor":3,"key":"Fire Potion"},{"floor":10,"key":"EssenceOfSteel"},{"floor":11,"key":"SneckoOil"},{"floor":22,"key":"Energy Potion"},{"floor":23,"key":"GamblersBrew"},{"floor":30,"key":"SteroidPotion"},{"floor":33,"key":"LiquidBronze"},{"floor":41,"key":"Dexterity Potion"},{"floor":42,"key":"Block Potion"}],"is_trial":false,"path_per_floor":["M","?","M","M","?","E","R","M","T","M","E","R","E","$","R","B",null,"M","$","?","$","M","E","R","$","T","?","R","E","M","?","R","B",null,"M","?","?","?","M","E","M","M","T","$","M","R","?","?","R","B"],"character_chosen":"THE_SILENT","items_purchased":["Deflect","Dodge and Roll","Dramatic Entrance","Master of Strategy","Escape Plan","Deflect","Deadly Poison","Infinite Blades","Poisoned Stab","Snake Skull","Bag of Preparation"],"campfire_rested":5,"item_purchase_floors":[14,14,14,14,19,21,21,25,25,44,44],"current_hp_per_floor":[70,63,55,55,55,43,43,43,43,42,30,51,37,37,37,16,70,67,67,67,67,51,40,40,40,40,40,61,38,20,20,41,11,70,66,66,66,66,64,36,32,10,10,10,9,30,61,53,61,0],"gold":36,"neow_bonus":"RANDOM_COMMON_RELIC","is_prod":false,"is_daily":false,"chose_seed":false,"campfire_upgraded":3,"win_rate":0.0,"timestamp":1550016743,"path_taken":["M","?","M","M","?","E","R","M","T","M","E","R","E","$","R","BOSS","M","$","?","$","?","E","R","?","T","?","R","E","M","?","R","BOSS","M","?","?","?","M","E","?","M","T","$","M","R","?","?","R","BOSS"],"build_version":"2019-01-23","purchased_purges":1,"victory":false,"max_hp_per_floor":[70,70,70,70,70,70,70,70,70,70,70,70,70,70,70,70,70,70,70,70,70,70,70,70,70,70,70,70,70,70,70,70,70,70,70,70,70,70,70,70,70,70,70,70,70,70,61,61,61,61],"card_choices":[{"not_picked":["All Out Attack","Blur"],"picked":"Deflect","floor":1},{"not_picked":["Riddle With Holes","Backflip"],"picked":"Blade Dance","floor":3},{"not_picked":["Backflip","Bouncing Flask"],"picked":"Noxious Fumes","floor":4},{"not_picked":["Venomology","Caltrops"],"picked":"Crippling Poison","floor":6},{"not_picked":["Eviscerate","Quick Slash"],"picked":"Backflip","floor":8},{"not_picked":["Underhanded Strike","Poisoned Stab"],"picked":"Deadly Poison","floor":10},{"not_picked":["Dash","Leg Sweep"],"picked":"Bouncing Flask","floor":11},{"not_picked":["PiercingWail","Underhanded Strike"],"picked":"Noxious Fumes","floor":12},{"not_picked":["Backflip","Distraction"],"picked":"Noxious Fumes","floor":13},{"not_picked":["Malaise","Bullet Time"],"picked":"Adrenaline","floor":16},{"not_picked":["Heel Hook","Dagger Spray"],"picked":"Backflip","floor":18},{"not_picked":["Expertise+1","Acrobatics"],"picked":"Flying Knee","floor":22},{"not_picked":["Poisoned Stab","Quick Slash"],"picked":"Slice+1","floor":23},{"not_picked":["Dagger Throw+1","Bouncing Flask"],"picked":"Deadly Poison","floor":28},{"not_picked":["Finisher+1","Deadly Poison"],"picked":"Escape Plan","floor":29},{"not_picked":["PiercingWail+1","Reflex"],"picked":"Slice+1","floor":30},{"not_picked":["Tools of the Trade","Sucker Punch+1"],"picked":"Deflect+1","floor":32},{"not_picked":["Tools of the Trade","Unload+1"],"picked":"Adrenaline","floor":33},{"not_picked":["PiercingWail","Outmaneuver"],"picked":"Backflip","floor":35},{"not_picked":["Deep Breath","Impatience"],"picked":"Chrysalis","floor":36},{"not_picked":["Choke+1","Quick Slash+1"],"picked":"Endless Agony+1","floor":39},{"not_picked":["Caltrops","Deadly Poison"],"picked":"Endless Agony+1","floor":40},{"not_picked":["Poisoned Stab+1","Sucker Punch+1"],"picked":"Outmaneuver+1","floor":41},{"not_picked":["PiercingWail+1","Sucker Punch+1"],"picked":"Deflect+1","floor":42},{"not_picked":["Bouncing Flask+1","Endless Agony+1"],"picked":"Deflect","floor":45},{"not_picked":["Calculated Gamble+1","Flechettes+1"],"picked":"Deflect","floor":46},{"not_picked":["PiercingWail","Predator+1"],"picked":"Crippling Poison","floor":49}],"player_experience":51477,"relics_obtained":[{"floor":6,"key":"Boot"},{"floor":9,"key":"Ancient Tea Set"},{"floor":11,"key":"Dream Catcher"},{"floor":13,"key":"Potion Belt"},{"floor":23,"key":"MawBank"},{"floor":26,"key":"Molten Egg 2"},{"floor":29,"key":"Thread and Needle"},{"floor":40,"key":"Frozen Egg 2"},{"floor":43,"key":"Gremlin Horn"}],"event_choices":[{"cards_removed":["Strike_G"],"damage_healed":0,"gold_gain":0,"player_choice":"Card Removal","damage_taken":7,"max_hp_gain":0,"max_hp_loss":0,"event_name":"Golden Wing","floor":2,"gold_loss":0},{"damage_healed":0,"gold_gain":175,"player_choice":"AGREE","damage_taken":0,"max_hp_gain":0,"max_hp_loss":0,"event_name":"Liars Game","floor":5,"gold_loss":0,"cards_obtained":["Doubt"]},{"damage_healed":0,"gold_gain":100,"player_choice":"Pray","damage_taken":0,"max_hp_gain":0,"max_hp_loss":0,"event_name":"Golden Shrine","floor":20,"gold_loss":0},{"damage_healed":0,"gold_gain":0,"player_choice":"Stole Relic","damage_taken":0,"relics_obtained":["Happy Flower"],"max_hp_gain":0,"max_hp_loss":0,"event_name":"Addict","floor":27,"gold_loss":0,"cards_obtained":["Shame"]},{"damage_healed":0,"gold_gain":0,"player_choice":"Ignored","damage_taken":0,"max_hp_gain":0,"max_hp_loss":0,"event_name":"Vampires","floor":31,"gold_loss":0},{"damage_healed":0,"gold_gain":0,"player_choice":"Memory 1","damage_taken":0,"max_hp_gain":0,"max_hp_loss":0,"event_name":"SensoryStone","floor":36,"gold_loss":0},{"damage_healed":0,"gold_gain":0,"player_choice":"Ignored","damage_taken":0,"max_hp_gain":0,"max_hp_loss":0,"event_name":"Tomb of Lord Red Mask","floor":37,"gold_loss":0},{"damage_healed":0,"gold_gain":0,"cards_transformed":["Strike_G"],"player_choice":"Transformed","damage_taken":0,"max_hp_gain":0,"max_hp_loss":0,"event_name":"Transmorgrifier","floor":38,"gold_loss":0,"cards_obtained":["Prepared"]},{"damage_healed":61,"gold_gain":0,"player_choice":"Heal","damage_taken":0,"max_hp_gain":0,"max_hp_loss":9,"event_name":"The Moai Head","floor":47,"gold_loss":0},{"damage_healed":0,"gold_gain":0,"player_choice":"Embrace Madness","damage_taken":8,"max_hp_gain":0,"max_hp_loss":0,"event_name":"Winding Halls","floor":48,"gold_loss":0,"cards_obtained":["Madness","Madness"]}],"is_beta":false,"boss_relics":[{"not_picked":["Cursed Key","HoveringKite"],"picked":"WristBlade"},{"not_picked":["Coffee Dripper","White Beast Statue"],"picked":"Runic Pyramid"}],"items_purged_floors":[14],"is_endless":false,"potions_floor_spawned":[1,3,10,11,22,23,30,33,41,42],"killed_by":"Awakened One","ascension_level":0}