{"gold_per_floor":[111,111,131,148,2,2,2,16,65,76,91,109,109,135,135,232,232,252,239,239,239],"floor_reached":21,"playtime":3099,"items_purged":["Defend_G"],"score":198,"play_id":"2fdf7ba0-f61d-4141-bb5e-ca30d5604f39","local_time":"20190514150326","is_ascension_mode":false,"campfire_choices":[{"data":"Infinite Blades","floor":6,"key":"SMITH"},{"floor":13,"key":"REST"},{"data":"Finisher","floor":15,"key":"SMITH"}],"neow_cost":"NONE","seed_source_timestamp":3158416360473,"circlet_count":0,"master_deck":["Defend_G","Defend_G","Defend_G","Strike_G","Strike_G","Strike_G","Strike_G","Survivor","Neutralize","Infinite Blades+1","Slice","Bouncing Flask","Leg Sweep","Footwork","Finisher+1","Prepared","Dagger Spray","Bullet Time","Unload","Blade Dance","Poisoned Stab","Necronomicurse"],"relics":["Ring of the Snake","Strawberry","PreservedInsect","Philosopher\u0027s Stone","Necronomicon"],"potions_floor_usage":[12],"damage_taken":[{"damage":0,"enemies":"2 Louse","floor":1,"turns":4},{"damage":5,"enemies":"Jaw Worm","floor":3,"turns":4},{"damage":1,"enemies":"Cultist","floor":4,"turns":4},{"damage":3,"enemies":"Exordium Wildlife","floor":8,"turns":5},{"damage":4,"enemies":"Blue Slaver","floor":10,"turns":4},{"damage":0,"enemies":"Large Slime","floor":11,"turns":3},{"damage":20,"enemies":"Exordium Thugs","floor":12,"turns":6},{"damage":36,"enemies":"The Guardian","floor":16,"turns":12},{"damage":12,"enemies":"Chosen","floor":18,"turns":3},{"damage":17,"enemies":"2 Thieves","floor":19,"turns":4},{"damage":32,"enemies":"Centurion and Healer","floor":21,"turns":5}],"seed_played":"1700479234202030027","potions_obtained":[{"floor":1,"key":"Strength Potion"},{"floor":4,"key":"Block Potion"},{"floor":8,"key":"Fruit Juice"},{"floor":12,"key":"SkillPotion"},{"floor":19,"key":"Strength Potion"}],"is_trial":false,"path_per_floor":["M","?","M","M","$","R","?","M","T","M","M","M","R","T","R","B",null,"M","M","?","M"],"character_chosen":"THE_SILENT","items_purchased":["Leg Sweep"],"campfire_rested":1,"item_purchase_floors":[5],"current_hp_per_floor":[77,70,65,64,64,64,64,61,68,64,64,49,75,75,75,39,89,77,60,44,12],"gold":239,"neow_bonus":"TEN_PERCENT_HP_BONUS","is_prod":false,"is_daily":false,"chose_seed":false,"campfire_upgraded":2,"win_rate":0.0,"timestamp":1557871406,"path_taken":["M","?","M","M","$","R","?","?","T","M","M","M","R","?","R","BOSS","M","M","?","M"],"build_version":"2019-01-23","purchased_purges":1,"victory":false,"max_hp_per_floor":[77,77,77,77,77,77,77,77,84,84,84,89,89,89,89,89,89,89,89,89,89],"card_choices":[{"not_picked":["Acrobatics","Slice"],"picked":"Infinite Blades","floor":1},{"not_picked":["Terror","Well Laid Plans"],"picked":"Slice","floor":3},{"not_picked":["All Out Attack","Poisoned Stab"],"picked":"Bouncing Flask","floor":4},{"not_picked":["Acrobatics","Deadly Poison"],"picked":"Finisher","floor":8},{"not_picked":["Acrobatics","Footwork"],"picked":"Prepared","floor":10},{"not_picked":["Riddle With Holes","Acrobatics"],"picked":"Dagger Spray","floor":11},{"not_picked":["Backstab","Escape Plan"],"picked":"Bullet Time","floor":12},{"not_picked":["Burst","Venomology"],"picked":"Unload","floor":16},{"not_picked":["Choke","Prepared+1"],"picked":"Blade Dance","floor":18},{"not_picked":["Underhanded Strike","Eviscerate"],"picked":"Poisoned Stab","floor":19}],"player_experience":817,"relics_obtained":[{"floor":9,"key":"Strawberry"},{"floor":14,"key":"PreservedInsect"},{"floor":20,"key":"Necronomicon"}],"event_choices":[{"cards_removed":["Defend_G"],"damage_healed":0,"gold_gain":0,"player_choice":"Card Removal","damage_taken":7,"max_hp_gain":0,"max_hp_loss":0,"event_name":"Golden Wing","floor":2,"gold_loss":0},{"damage_healed":0,"gold_gain":0,"cards_transformed":["Strike_G"],"player_choice":"Transformed","damage_taken":0,"max_hp_gain":0,"max_hp_loss":0,"event_name":"Transmorgrifier","floor":7,"gold_loss":0,"cards_obtained":["Footwork"]},{"damage_healed":0,"gold_gain":0,"player_choice":"Obtained Book","damage_taken":16,"max_hp_gain":0,"max_hp_loss":0,"event_name":"Cursed Tome","floor":20,"gold_loss":0}],"is_beta":false,"boss_relics":[{"not_picked":["Coffee Dripper","Cursed Key"],"picked":"Philosopher\u0027s Stone"}],"items_purged_floors":[5],"is_endless":false,"potions_floor_spawned":[1,4,8,12,19],"killed_by":"Centurion and Healer","ascension_level":0}