{"gold_per_floor":[109,121,171,187,62,62,89,106,132,132,32,32,32,32],"floor_reached":14,"playtime":318,"items_purged":["Strike_G","Strike_G"],"score":163,"play_id":"433ecbcb-238f-450c-9432-2a11e7e0c864","local_time":"20190514022607","is_ascension_mode":true,"campfire_choices":[{"data":"Slice","floor":6,"key":"SMITH"},{"floor":10,"key":"REST"}],"neow_cost":"NONE","seed_source_timestamp":1421554802943776,"circlet_count":0,"master_deck":["AscendersBane","Defend_G","Defend_G","Defend_G","Defend_G","Defend_G","Strike_G","Strike_G","Survivor","Neutralize","PiercingWail","Slice+1","Dagger Throw","Deadly Poison","Bane","Prepared"],"relics":["Ring of the Snake","NeowsBlessing","Snake Skull","Bag of Preparation"],"potions_floor_usage":[7],"damage_taken":[{"damage":0,"enemies":"Cultist","floor":1,"turns":1},{"damage":0,"enemies":"2 Louse","floor":2,"turns":1},{"damage":0,"enemies":"Jaw Worm","floor":4,"turns":1},{"damage":28,"enemies":"3 Sentries","floor":7,"turns":12},{"damage":20,"enemies":"Large Slime","floor":8,"turns":8},{"damage":44,"enemies":"Gremlin Nob","floor":14,"turns":4}],"seed_played":"-4579953336554692932","potions_obtained":[{"floor":2,"key":"Explosive Potion"}],"is_trial":false,"path_per_floor":["M","M","?","M","$","R","E","M","T","R","$","?","$","E"],"character_chosen":"THE_SILENT","items_purchased":["Deadly Poison"],"campfire_rested":1,"item_purchase_floors":[5],"current_hp_per_floor":[59,59,59,59,59,59,31,11,11,30,30,23,23,0],"gold":32,"neow_bonus":"THREE_ENEMY_KILL","is_prod":false,"is_daily":false,"chose_seed":false,"campfire_upgraded":1,"win_rate":0,"timestamp":1557818767,"path_taken":["M","?","?","M","$","R","E","?","T","R","$","?","?","E"],"build_version":"2019-01-23","purchased_purges":2,"victory":false,"max_hp_per_floor":[66,66,66,66,66,66,66,66,66,66,66,66,66,66],"card_choices":[{"not_picked":["Acrobatics","Expertise"],"picked":"PiercingWail","floor":1},{"not_picked":["Acrobatics","Distraction"],"picked":"Slice","floor":2},{"not_picked":["Eviscerate","Bane"],"picked":"Dagger Throw","floor":4},{"not_picked":["Quick Slash","Expertise"],"picked":"Bane","floor":7},{"not_picked":["Calculated Gamble","Eviscerate"],"picked":"Prepared","floor":8}],"player_experience":418575,"relics_obtained":[{"floor":7,"key":"Snake Skull"},{"floor":9,"key":"Bag of Preparation"}],"event_choices":[{"damage_healed":0,"gold_gain":50,"player_choice":"Pray","damage_taken":0,"max_hp_gain":0,"max_hp_loss":0,"event_name":"Golden Shrine","floor":3,"gold_loss":0},{"cards_removed":["Strike_G"],"damage_healed":0,"gold_gain":0,"player_choice":"Card Removal","damage_taken":7,"max_hp_gain":0,"max_hp_loss":0,"event_name":"Golden Wing","floor":12,"gold_loss":0}],"is_beta":false,"boss_relics":[],"items_purged_floors":[5,11],"is_endless":false,"potions_floor_spawned":[2],"killed_by":"Gremlin Nob","ascension_level":17}