{"gold_per_floor":[114,124,138,84,102,102,137,147,147,164,184,202,202,111,111,111],"floor_reached":16,"playtime":420,"items_purged":["Parasite"],"score":122,"play_id":"00fc7d35-8533-4e1d-ae59-c2c142511092","local_time":"20190312165857","is_ascension_mode":true,"campfire_choices":[{"data":"True Grit","floor":6,"key":"SMITH"},{"data":"Dual Wield","floor":15,"key":"SMITH"}],"neow_cost":"NONE","seed_source_timestamp":1782972189306526,"circlet_count":0,"master_deck":["Strike_R","Strike_R","Strike_R","Strike_R","Strike_R","Defend_R","Defend_R","Defend_R","Defend_R","Bash","Whirlwind","Seeing Red","Searing Blow","True Grit+1","Twin Strike","Warcry","Reckless Charge","Dual Wield+1","Immolate","Feel No Pain"],"relics":["Burning Blood","Bag of Marbles","Potion Belt","The Courier"],"potions_floor_usage":[11,16],"damage_taken":[{"damage":1,"enemies":"Cultist","floor":1,"turns":3},{"damage":10,"enemies":"Small Slimes","floor":2,"turns":3},{"damage":4,"enemies":"Jaw Worm","floor":3,"turns":5},{"damage":6,"enemies":"Looter","floor":5,"turns":4},{"damage":61,"enemies":"Lagavulin","floor":7,"turns":10},{"damage":11,"enemies":"Blue Slaver","floor":8,"turns":3},{"damage":14,"enemies":"Exordium Thugs","floor":10,"turns":4},{"damage":8,"enemies":"Looter","floor":11,"turns":3},{"damage":0,"enemies":"Gremlin Gang","floor":12,"turns":1},{"damage":32,"enemies":"Hexaghost","floor":16,"turns":9}],"seed_played":"754922461720237397","potions_obtained":[{"floor":1,"key":"LiquidBronze"},{"floor":8,"key":"Weak Potion"},{"floor":11,"key":"AttackPotion"},{"floor":12,"key":"EssenceOfSteel"}],"is_trial":false,"path_per_floor":["M","M","M","$","M","R","E","M","T","M","M","M","?","$","R","B"],"character_chosen":"IRONCLAD","items_purchased":["True Grit","Feel No Pain"],"campfire_rested":0,"item_purchase_floors":[4,14],"current_hp_per_floor":[80,76,78,78,78,78,23,18,18,10,8,14,34,34,34,2],"gold":111,"neow_bonus":"RANDOM_COMMON_RELIC","is_prod":false,"is_daily":false,"chose_seed":false,"campfire_upgraded":2,"win_rate":0,"timestamp":1552427937,"path_taken":["M","M","M","?","M","R","E","M","T","M","M","M","?","$","R","BOSS"],"build_version":"2019-01-23","purchased_purges":1,"victory":false,"max_hp_per_floor":[80,80,80,80,80,80,80,80,80,80,80,80,80,77,77,77],"card_choices":[{"not_picked":["Combust","Sword Boomerang"],"picked":"Whirlwind","floor":1},{"not_picked":["Body Slam","Shrug It Off"],"picked":"Seeing Red","floor":2},{"not_picked":["Shrug It Off","Havoc"],"picked":"Searing Blow","floor":3},{"not_picked":["True Grit","Searing Blow"],"picked":"Twin Strike","floor":5},{"not_picked":["Anger","Pommel Strike"],"picked":"Warcry","floor":7},{"not_picked":["Uppercut","Wild Strike"],"picked":"Reckless Charge","floor":8},{"not_picked":["Fire Breathing","Shrug It Off"],"picked":"Dual Wield","floor":10},{"not_picked":["Iron Wave","Wild Strike"],"picked":"Immolate","floor":11},{"not_picked":["Whirlwind","Headbutt","Flame Barrier"],"picked":"SKIP","floor":12}],"player_experience":192658,"relics_obtained":[{"floor":7,"key":"Potion Belt"},{"floor":9,"key":"The Courier"}],"event_choices":[{"damage_healed":20,"gold_gain":0,"player_choice":"Healed and dodged fight","damage_taken":0,"max_hp_gain":0,"max_hp_loss":0,"event_name":"Mushrooms","floor":13,"gold_loss":0,"cards_obtained":["Parasite"]}],"is_beta":false,"boss_relics":[],"items_purged_floors":[14],"is_endless":false,"potions_floor_spawned":[1,8,11,12],"killed_by":"Hexaghost","ascension_level":3}