{"gold_per_floor":[110,110,69,85,104,104,139,139,139,172,172,152,167,192,192,292,292,310,323,323],"floor_reached":20,"playtime":774,"items_purged":[],"score":202,"play_id":"8d9a0924-d025-4210-9e28-af452a56a375","local_time":"20190527225239","is_ascension_mode":true,"campfire_choices":[{"data":"Sucker Punch","floor":6,"key":"SMITH"},{"floor":8,"key":"REST"},{"data":"A Thousand Cuts","floor":11,"key":"SMITH"},{"floor":15,"key":"REST"}],"neow_cost":"NONE","seed_source_timestamp":14849672844246,"circlet_count":0,"master_deck":["Defend_G","Defend_G+1","Defend_G","Defend_G","Defend_G","Strike_G","Strike_G","Strike_G","Strike_G","Strike_G","Survivor+1","Neutralize","Phantasmal Killer+1","Predator","Footwork","Sucker Punch+1","A Thousand Cuts+1","Quick Slash","Endless Agony","Well Laid Plans","Corpse Explosion","Dodge and Roll+1"],"relics":["Ring of the Snake","Meat on the Bone","War Paint","Happy Flower","Ancient Tea Set","Runic Pyramid"],"potions_floor_usage":[],"damage_taken":[{"damage":3,"enemies":"Jaw Worm","floor":1,"turns":4},{"damage":0,"enemies":"Small Slimes","floor":4,"turns":4},{"damage":2,"enemies":"Cultist","floor":5,"turns":4},{"damage":28,"enemies":"3 Sentries","floor":7,"turns":6},{"damage":15,"enemies":"Lagavulin","floor":10,"turns":7},{"damage":11,"enemies":"Lots of Slimes","floor":13,"turns":4},{"damage":13,"enemies":"3 Sentries","floor":14,"turns":6},{"damage":35,"enemies":"Hexaghost","floor":16,"turns":10},{"damage":27,"enemies":"2 Thieves","floor":18,"turns":3},{"damage":35,"enemies":"3 Byrds","floor":19,"turns":3},{"damage":0,"enemies":"Centurion and Healer","floor":20,"turns":2}],"seed_played":"7025843678791316929","potions_obtained":[{"floor":1,"key":"Weak Potion"},{"floor":7,"key":"Regen Potion"},{"floor":12,"key":"Block Potion"}],"is_trial":false,"path_per_floor":["M","?","$","M","M","R","E","R","T","E","R","?","M","E","R","B",null,"M","M","M"],"character_chosen":"THE_SILENT","items_purchased":["Footwork"],"campfire_rested":2,"item_purchase_floors":[3],"current_hp_per_floor":[67,67,67,67,65,65,37,58,58,43,43,43,44,43,64,41,70,43,20,20],"gold":323,"neow_bonus":"ONE_RANDOM_RARE_CARD","is_prod":false,"is_daily":false,"chose_seed":false,"campfire_upgraded":2,"win_rate":0,"timestamp":1559022759,"path_taken":["M","?","$","M","M","R","E","R","T","E","R","?","M","E","R","BOSS","M","?","?"],"build_version":"2019-01-23","purchased_purges":0,"victory":false,"max_hp_per_floor":[70,70,70,70,70,70,70,70,70,70,70,70,70,70,70,70,70,70,70,70],"card_choices":[{"not_picked":["Heel Hook","Sucker Punch"],"picked":"Predator","floor":1},{"not_picked":["Infinite Blades","Caltrops","Acrobatics"],"picked":"SKIP","floor":4},{"not_picked":["Dodge and Roll","Bouncing Flask"],"picked":"Sucker Punch","floor":5},{"not_picked":["Bane","Blade Dance"],"picked":"A Thousand Cuts","floor":7},{"not_picked":["Slice","Outmaneuver"],"picked":"Quick Slash","floor":10},{"not_picked":["Poisoned Stab","Deadly Poison"],"picked":"Endless Agony","floor":13},{"not_picked":["Dagger Spray","Deflect"],"picked":"Well Laid Plans","floor":14},{"not_picked":["Venomology","Burst"],"picked":"Corpse Explosion","floor":16},{"not_picked":["Calculated Gamble","Predator"],"picked":"Dodge and Roll+1","floor":18},{"not_picked":["Bane","Catalyst","Blade Dance"],"picked":"SKIP","floor":19}],"player_experience":345977,"relics_obtained":[{"floor":7,"key":"Meat on the Bone"},{"floor":9,"key":"War Paint"},{"floor":10,"key":"Happy Flower"},{"floor":14,"key":"Ancient Tea Set"}],"event_choices":[{"damage_healed":0,"gold_gain":0,"player_choice":"Grow","damage_taken":0,"max_hp_gain":0,"max_hp_loss":0,"event_name":"Living Wall","floor":2,"gold_loss":0,"cards_upgraded":["Phantasmal Killer"]},{"damage_healed":0,"gold_gain":0,"player_choice":"Bought 1 Potion","damage_taken":0,"max_hp_gain":0,"max_hp_loss":0,"event_name":"The Woman in Blue","floor":12,"gold_loss":0}],"is_beta":false,"boss_relics":[{"not_picked":["Eternal Feather","Empty Cage"],"picked":"Runic Pyramid"}],"items_purged_floors":[],"is_endless":false,"potions_floor_spawned":[1,7],"killed_by":"Centurion and Healer","ascension_level":1}