{"gold_per_floor":[114,131,131,131,131,131,172,196,243,277,300,300,319,23,23,119,119,119,35,35,35,35,35],"floor_reached":23,"playtime":630,"items_purged":["Strike_G"],"score":433,"play_id":"5309b634-74e5-4c64-98a2-2899f98c97bc","local_time":"20190523232458","is_ascension_mode":true,"campfire_choices":[{"data":"Slice","floor":6,"key":"SMITH"},{"data":"Bullet Time","floor":12,"key":"SMITH"},{"data":"Neutralize","floor":15,"key":"SMITH"}],"neow_cost":"NONE","seed_source_timestamp":235017690119443,"circlet_count":0,"master_deck":["AscendersBane","Defend_G","Defend_G","Defend_G","Defend_G","Defend_G","Strike_G","Strike_G","Strike_G","Survivor","Neutralize+1","Slice+1","Riddle With Holes+1","Calculated Gamble","Flying Knee","Bullet Time+1","Poisoned Stab","Deadly Poison","Burst","Catalyst","Noxious Fumes","Burst"],"relics":["Ring of the Snake","NeowsBlessing","Golden Idol","Juzu Bracelet","Orichalcum","Pen Nib","PreservedInsect","Ectoplasm"],"potions_floor_usage":[16,23],"damage_taken":[{"damage":0,"enemies":"Small Slimes","floor":1,"turns":1},{"damage":0,"enemies":"Jaw Worm","floor":2,"turns":1},{"damage":0,"enemies":"Lagavulin","floor":7,"turns":1},{"damage":0,"enemies":"Cultist","floor":8,"turns":3},{"damage":18,"enemies":"3 Sentries","floor":10,"turns":9},{"damage":12,"enemies":"Blue Slaver","floor":11,"turns":4},{"damage":0,"enemies":"Red Slaver","floor":13,"turns":3},{"damage":17,"enemies":"Hexaghost","floor":16,"turns":9},{"damage":10,"enemies":"3 Byrds","floor":18,"turns":7},{"damage":40,"enemies":"Gremlin Leader","floor":23,"turns":2}],"seed_played":"-3033718665236857347","potions_obtained":[{"floor":2,"key":"Energy Potion"},{"floor":7,"key":"Fire Potion"},{"floor":18,"key":"FearPotion"}],"is_trial":false,"path_per_floor":["M","M","?","?","?","R","E","M","T","E","M","R","M","$","R","B",null,"M","$","?","?","?","E"],"character_chosen":"THE_SILENT","items_purchased":["Deadly Poison","PreservedInsect","Noxious Fumes"],"campfire_rested":0,"item_purchase_floors":[14,14,19],"current_hp_per_floor":[59,59,59,59,59,59,59,59,59,41,29,29,29,29,29,12,48,38,38,38,38,38,0],"gold":35,"neow_bonus":"THREE_ENEMY_KILL","is_prod":false,"is_daily":false,"chose_seed":false,"campfire_upgraded":3,"win_rate":0,"timestamp":1558671898,"path_taken":["M","M","?","?","?","R","E","M","T","E","M","R","M","?","R","BOSS","M","$","?","?","?","E"],"build_version":"2019-01-23","purchased_purges":1,"victory":false,"max_hp_per_floor":[66,66,66,66,60,60,60,60,60,60,60,60,60,60,60,60,60,60,60,60,60,60,60],"card_choices":[{"not_picked":["Blade Dance","Underhanded Strike"],"picked":"Slice","floor":1},{"not_picked":["Calculated Gamble","Flechettes"],"picked":"Riddle With Holes","floor":2},{"not_picked":["Reflex","Doppelganger"],"picked":"Calculated Gamble","floor":7},{"not_picked":["Bane","Setup"],"picked":"Flying Knee","floor":8},{"not_picked":["Choke","Sucker Punch"],"picked":"Bullet Time","floor":10},{"not_picked":["Setup","Endless Agony","Bane"],"picked":"SKIP","floor":11},{"not_picked":["Underhanded Strike","Accuracy"],"picked":"Poisoned Stab","floor":13},{"not_picked":["Envenom","Glass Knife"],"picked":"Burst","floor":16},{"not_picked":["Poisoned Stab","Bane"],"picked":"Catalyst","floor":18}],"player_experience":454564,"relics_obtained":[{"floor":7,"key":"Juzu Bracelet"},{"floor":9,"key":"Orichalcum"},{"floor":10,"key":"Pen Nib"}],"event_choices":[{"damage_healed":0,"gold_gain":0,"player_choice":"Grow","damage_taken":0,"max_hp_gain":0,"max_hp_loss":0,"event_name":"Living Wall","floor":3,"gold_loss":0,"cards_upgraded":["Riddle With Holes"]},{"damage_healed":0,"gold_gain":0,"player_choice":"Ignored","damage_taken":0,"max_hp_gain":0,"max_hp_loss":0,"event_name":"Liars Game","floor":4,"gold_loss":0},{"damage_healed":0,"gold_gain":0,"player_choice":"Lose Max HP","damage_taken":0,"relics_obtained":["Golden Idol"],"max_hp_gain":0,"max_hp_loss":6,"event_name":"Golden Idol","floor":5,"gold_loss":0},{"damage_healed":0,"gold_gain":0,"player_choice":"Ignored","damage_taken":0,"max_hp_gain":0,"max_hp_loss":0,"event_name":"Ghosts","floor":20,"gold_loss":0},{"cards_removed":["Strike_G"],"damage_healed":0,"gold_gain":0,"player_choice":"Offered Basic","damage_taken":0,"max_hp_gain":0,"max_hp_loss":0,"event_name":"Bonfire Elementals","floor":21,"gold_loss":0},{"damage_healed":0,"gold_gain":0,"player_choice":"Copied","damage_taken":0,"max_hp_gain":0,"max_hp_loss":0,"event_name":"Duplicator","floor":22,"gold_loss":0,"cards_obtained":["Burst"]}],"is_beta":false,"boss_relics":[{"not_picked":["HoveringKite","Velvet Choker"],"picked":"Ectoplasm"}],"items_purged_floors":[14],"is_endless":false,"potions_floor_spawned":[2,7,8,10,13,18],"killed_by":"Gremlin Leader","ascension_level":19}