{"gold_per_floor":[110,122,132,132,149,177,12,44,71,71,88,88,119,40,40,143,143,163,174,25,44,56,56,71,81,106,21,50,50],"floor_reached":29,"playtime":1723,"items_purged":[],"score":267,"play_id":"7840e421-1a87-4040-962b-e654442abb0d","local_time":"20190525004615","is_ascension_mode":false,"campfire_choices":[{"floor":10,"key":"REST"},{"floor":12,"key":"REST"},{"floor":15,"key":"REST"},{"floor":23,"key":"REST"}],"neow_cost":"TEN_PERCENT_HP_LOSS","seed_source_timestamp":31896894803449,"circlet_count":0,"master_deck":["Defend_G","Defend_G","Defend_G","Defend_G","Defend_G","Strike_G","Strike_G","Strike_G","Strike_G","Strike_G","Survivor","Neutralize","Grand Finale","Flying Knee","Backflip","Acrobatics","Crippling Poison","Expertise","Dagger Spray","Footwork","Deflect","Sucker Punch","Dagger Throw","Noxious Fumes","Bullet Time","Dagger Spray+1","Acrobatics","Deflect","Poisoned Stab+1","Dagger Throw+1","Escape Plan"],"relics":["Ring of the Snake","PreservedInsect","Orichalcum","Boot","Bag of Preparation","Eternal Feather","Oddly Smooth Stone","Juzu Bracelet","Happy Flower","Potion Belt"],"potions_floor_usage":[],"damage_taken":[{"damage":0,"enemies":"Jaw Worm","floor":1,"turns":6},{"damage":0,"enemies":"Cultist","floor":2,"turns":4},{"damage":0,"enemies":"2 Louse","floor":3,"turns":3},{"damage":14,"enemies":"Large Slime","floor":5,"turns":11},{"damage":9,"enemies":"3 Sentries","floor":6,"turns":2},{"damage":21,"enemies":"Gremlin Nob","floor":8,"turns":5},{"damage":10,"enemies":"Red Slaver","floor":11,"turns":5},{"damage":13,"enemies":"Lagavulin","floor":13,"turns":7},{"damage":42,"enemies":"Slime Boss","floor":16,"turns":13},{"damage":0,"enemies":"3 Byrds","floor":18,"turns":4},{"damage":20,"enemies":"Spheric Guardian","floor":19,"turns":7},{"damage":13,"enemies":"Snecko","floor":21,"turns":7},{"damage":11,"enemies":"Centurion and Healer","floor":22,"turns":8},{"damage":7,"enemies":"Shelled Parasite and Fungi","floor":24,"turns":5},{"damage":5,"enemies":"Snecko","floor":25,"turns":5},{"damage":38,"enemies":"Gremlin Leader","floor":28,"turns":5},{"damage":2,"enemies":"3 Cultists","floor":29,"turns":2}],"seed_played":"631292244420767414","potions_obtained":[{"floor":3,"key":"Swift Potion"},{"floor":5,"key":"PowerPotion"},{"floor":6,"key":"SkillPotion"}],"is_trial":false,"path_per_floor":["M","M","M","?","M","E","$","E","T","R","M","R","E","$","R","B",null,"M","M","$","M","M","R","M","M","T","?","E","M"],"character_chosen":"THE_SILENT","items_purchased":["Expertise","Dagger Spray","Footwork","Noxious Fumes","Oddly Smooth Stone"],"campfire_rested":4,"item_purchase_floors":[7,7,7,14,20],"current_hp_per_floor":[63,63,63,63,49,40,40,19,19,37,27,45,32,32,50,8,63,63,43,43,30,19,52,45,40,40,40,2,0],"gold":50,"neow_bonus":"THREE_RARE_CARDS","is_prod":false,"is_daily":false,"chose_seed":false,"campfire_upgraded":0,"win_rate":0,"timestamp":1558770375,"path_taken":["M","M","M","?","M","E","?","E","T","R","?","R","E","$","R","BOSS","M","M","$","M","M","R","M","M","T","?","E","M"],"build_version":"2019-01-23","purchased_purges":0,"victory":false,"max_hp_per_floor":[63,63,63,63,63,63,63,63,63,63,63,63,63,63,63,63,63,63,63,63,63,63,63,63,63,63,63,63,63],"card_choices":[{"not_picked":["After Image","Night Terror"],"picked":"Grand Finale","floor":0},{"not_picked":["Outmaneuver","Cloak And Dagger"],"picked":"Flying Knee","floor":1},{"not_picked":["Heel Hook","Flying Knee"],"picked":"Backflip","floor":2},{"not_picked":["Endless Agony","Wraith Form v2"],"picked":"Acrobatics","floor":3},{"not_picked":["Choke","Poisoned Stab"],"picked":"Crippling Poison","floor":5},{"not_picked":["Concentrate","Catalyst","Heel Hook"],"picked":"SKIP","floor":6},{"not_picked":["Sucker Punch","Poisoned Stab"],"picked":"Deflect","floor":8},{"not_picked":["Outmaneuver","Deadly Poison"],"picked":"Sucker Punch","floor":11},{"not_picked":["Bane","Terror"],"picked":"Dagger Throw","floor":13},{"not_picked":["Unload","Storm of Steel"],"picked":"Bullet Time","floor":16},{"not_picked":["Deadly Poison","Tactician+1"],"picked":"Dagger Spray+1","floor":18},{"not_picked":["Underhanded Strike","Flying Knee"],"picked":"Acrobatics","floor":19},{"not_picked":["Dagger Throw","Deadly Poison"],"picked":"Deflect","floor":21},{"not_picked":["Calculated Gamble","Heel Hook"],"picked":"Poisoned Stab+1","floor":22},{"not_picked":["Choke","Dodge and Roll"],"picked":"Dagger Throw+1","floor":24},{"not_picked":["Dagger Throw","Deflect"],"picked":"Escape Plan","floor":25},{"not_picked":["Sucker Punch","Caltrops","Dagger Spray"],"picked":"SKIP","floor":28}],"player_experience":289009,"relics_obtained":[{"floor":6,"key":"PreservedInsect"},{"floor":8,"key":"Orichalcum"},{"floor":9,"key":"Boot"},{"floor":13,"key":"Bag of Preparation"},{"floor":26,"key":"Juzu Bracelet"},{"floor":28,"key":"Potion Belt"}],"event_choices":[{"cards_removed":["Leg Sweep"],"damage_healed":0,"gold_gain":0,"player_choice":"Took Card","damage_taken":0,"max_hp_gain":0,"max_hp_loss":0,"event_name":"NoteForYourself","floor":4,"gold_loss":0,"cards_obtained":["Leg Sweep"]},{"damage_healed":0,"gold_gain":0,"player_choice":"Obtained Relic","damage_taken":0,"relics_obtained":["Happy Flower"],"max_hp_gain":0,"max_hp_loss":0,"event_name":"Addict","floor":27,"gold_loss":85}],"is_beta":false,"boss_relics":[{"not_picked":["Ectoplasm","White Beast Statue"],"picked":"Eternal Feather"}],"items_purged_floors":[],"is_endless":false,"potions_floor_spawned":[3,5,6,8,16,19,21,24,28],"killed_by":"3 Cultists","ascension_level":0}