{"gold_per_floor":[114,131,144,144,144,144,144,144,144,164,18,58,82,103,103,103],"floor_reached":16,"playtime":656,"items_purged":[],"score":107,"play_id":"a3039714-24bd-4e12-ab33-2830f38a0513","local_time":"20190430215146","is_ascension_mode":true,"campfire_choices":[{"data":"Armaments","floor":6,"key":"SMITH"},{"data":"Rage","floor":8,"key":"SMITH"},{"data":"Body Slam","floor":15,"key":"SMITH"}],"neow_cost":"PERCENT_DAMAGE","seed_source_timestamp":818580510897882,"circlet_count":0,"master_deck":["Strike_R","Strike_R","Strike_R+1","Strike_R","Strike_R","Defend_R","Defend_R","Defend_R","Defend_R","Bash","Armaments+1","Rage+1","Clothesline+1","Regret","Injury","Pommel Strike","Corruption","Shrug It Off","Spot Weakness","Body Slam+1"],"relics":["Burning Blood","Charon\u0027s Ashes","The Courier","Golden Idol","Question Card","Tiny Chest","Dodecahedron"],"potions_floor_usage":[16,16],"damage_taken":[{"damage":1,"enemies":"Cultist","floor":1,"turns":3},{"damage":0,"enemies":"2 Louse","floor":2,"turns":3},{"damage":2,"enemies":"Jaw Worm","floor":3,"turns":4},{"damage":5,"enemies":"2 Fungi Beasts","floor":10,"turns":4},{"damage":19,"enemies":"3 Sentries","floor":12,"turns":5},{"damage":13,"enemies":"Large Slime","floor":13,"turns":5},{"damage":3,"enemies":"Red Slaver","floor":14,"turns":4},{"damage":54,"enemies":"The Guardian","floor":16,"turns":9}],"seed_played":"435062869588387278","potions_obtained":[{"floor":2,"key":"SpeedPotion"},{"floor":12,"key":"FearPotion"},{"floor":14,"key":"Regen Potion"}],"is_trial":false,"path_per_floor":["M","M","M","?","?","R","?","R","T","M","$","E","M","M","R","B"],"character_chosen":"IRONCLAD","items_purchased":["Tiny Chest","Corruption"],"campfire_rested":0,"item_purchase_floors":[11,11],"current_hp_per_floor":[61,67,71,71,71,71,55,55,55,56,56,43,36,39,39,0],"gold":103,"neow_bonus":"ONE_RARE_RELIC","is_prod":false,"is_daily":false,"chose_seed":false,"campfire_upgraded":3,"win_rate":0,"timestamp":1556682706,"path_taken":["M","M","M","?","?","R","?","R","T","M","$","E","M","M","R","BOSS"],"build_version":"2019-01-23","purchased_purges":0,"victory":false,"max_hp_per_floor":[80,80,80,80,80,80,80,80,80,80,80,80,80,80,80,80],"card_choices":[{"not_picked":["Warcry","Sword Boomerang"],"picked":"Armaments","floor":1},{"not_picked":["Havoc","Shrug It Off"],"picked":"Rage","floor":2},{"not_picked":["True Grit","Flex"],"picked":"Clothesline","floor":3},{"not_picked":["Combust","Carnage","Havoc"],"picked":"Pommel Strike","floor":10},{"not_picked":["Pommel Strike","Armaments","Warcry"],"picked":"Shrug It Off","floor":12},{"not_picked":["Body Slam","Whirlwind","Twin Strike"],"picked":"Spot Weakness","floor":13},{"not_picked":["Twin Strike","Barricade","Warcry"],"picked":"Body Slam","floor":14}],"player_experience":184554,"relics_obtained":[{"floor":9,"key":"Question Card"},{"floor":12,"key":"Dodecahedron"}],"event_choices":[{"damage_healed":0,"gold_gain":0,"player_choice":"Box","damage_taken":0,"relics_obtained":["The Courier"],"max_hp_gain":0,"max_hp_loss":0,"event_name":"Big Fish","floor":4,"gold_loss":0,"cards_obtained":["Regret"]},{"damage_healed":0,"gold_gain":0,"player_choice":"Take Wound","damage_taken":0,"relics_obtained":["Golden Idol"],"max_hp_gain":0,"max_hp_loss":0,"event_name":"Golden Idol","floor":5,"gold_loss":0,"cards_obtained":["Injury"]},{"damage_healed":0,"gold_gain":0,"player_choice":"Entered Light","damage_taken":16,"max_hp_gain":0,"max_hp_loss":0,"event_name":"Shining Light","floor":7,"gold_loss":0,"cards_upgraded":["Clothesline","Strike_R"]}],"is_beta":false,"boss_relics":[],"items_purged_floors":[],"is_endless":false,"potions_floor_spawned":[2,12,14],"killed_by":"The Guardian","ascension_level":1}