{"gold_per_floor":[119,134,148,162,177,202,202,220,273,293,307,11,21,21,21,124,124,134,144,24,39,53,53,53],"floor_reached":24,"playtime":722,"items_purged":[],"score":309,"play_id":"e6b4ee9b-9d41-4f01-bbbc-3a0361d7f38d","local_time":"20190312151529","is_ascension_mode":true,"campfire_choices":[{"data":"Zap","floor":7,"key":"SMITH"},{"floor":15,"key":"REST"},{"floor":23,"key":"REST"}],"neow_cost":"NONE","seed_source_timestamp":1776461622149259,"circlet_count":0,"master_deck":["AscendersBane","Strike_B","Strike_B","Strike_B","Defend_B","Defend_B","Defend_B","Defend_B","Zap+1","Dualcast","Rebound","Sweeping Beam","Electrodynamics","Hello World","Tempest","Barrage","Hologram","Redo","Turbo","Thunder Strike","BootSequence+1","Glacier+1","Capacitor","Coolheaded","Go for the Eyes"],"relics":["Cracked Core","NeowsBlessing","Strawberry","Bag of Marbles","Mummified Hand","Sozu"],"potions_floor_usage":[6,16,16,21],"damage_taken":[{"damage":0,"enemies":"Small Slimes","floor":1,"turns":1},{"damage":0,"enemies":"2 Louse","floor":2,"turns":1},{"damage":0,"enemies":"Cultist","floor":3,"turns":1},{"damage":16,"enemies":"Exordium Wildlife","floor":4,"turns":4},{"damage":7,"enemies":"Looter","floor":5,"turns":3},{"damage":15,"enemies":"3 Sentries","floor":6,"turns":4},{"damage":7,"enemies":"Exordium Thugs","floor":8,"turns":4},{"damage":8,"enemies":"Large Slime","floor":10,"turns":4},{"damage":4,"enemies":"Looter","floor":11,"turns":3},{"damage":7,"enemies":"3 Louse","floor":13,"turns":3},{"damage":22,"enemies":"The Guardian","floor":16,"turns":9},{"damage":26,"enemies":"2 Thieves","floor":18,"turns":3},{"damage":23,"enemies":"Spheric Guardian","floor":19,"turns":4},{"damage":0,"enemies":"Centurion and Healer","floor":21,"turns":4},{"damage":7,"enemies":"Snecko","floor":22,"turns":4},{"damage":34,"enemies":"Book of Stabbing","floor":24,"turns":5}],"seed_played":"-4309970315859523942","potions_obtained":[{"floor":5,"key":"AttackPotion"},{"floor":8,"key":"Fire Potion"},{"floor":11,"key":"Dexterity Potion"},{"floor":13,"key":"Fire Potion"}],"is_trial":false,"path_per_floor":["M","M","M","M","M","E","R","M","T","M","M","$","M","?","R","B",null,"M","M","$","M","M","R","E"],"character_chosen":"DEFECT","items_purchased":["Mummified Hand","Turbo","Capacitor","Coolheaded"],"campfire_rested":2,"item_purchase_floors":[12,12,20,20],"current_hp_per_floor":[68,68,68,52,45,37,37,30,30,22,18,18,11,4,28,6,63,37,14,14,14,7,31,0],"gold":53,"neow_bonus":"THREE_ENEMY_KILL","is_prod":false,"is_daily":false,"chose_seed":false,"campfire_upgraded":1,"win_rate":0,"timestamp":1552421729,"path_taken":["M","M","M","M","M","E","R","M","T","M","M","$","M","?","R","BOSS","M","M","$","M","M","R","E"],"build_version":"2019-01-23","purchased_purges":0,"victory":false,"max_hp_per_floor":[75,75,75,75,75,82,82,82,82,82,82,82,82,82,82,82,82,82,82,82,82,82,82,82],"card_choices":[{"not_picked":["Stack","Ball Lightning"],"picked":"Rebound","floor":1},{"not_picked":["Cold Snap","Ball Lightning"],"picked":"Sweeping Beam","floor":2},{"not_picked":["Storm","Cold Snap"],"picked":"Electrodynamics","floor":3},{"not_picked":["Undo","Ball Lightning"],"picked":"Hello World","floor":4},{"not_picked":["FTL","Reinforced Body"],"picked":"Tempest","floor":5},{"not_picked":["Sweeping Beam","Chaos","Streamline"],"picked":"SKIP","floor":6},{"not_picked":["Steam","Tempest"],"picked":"Barrage","floor":8},{"not_picked":["Melter","Streamline"],"picked":"Hologram","floor":10},{"not_picked":["Barrage","Blizzard"],"picked":"Redo","floor":11},{"not_picked":["Conserve Battery","Gash","Hologram"],"picked":"SKIP","floor":13},{"not_picked":["Reboot","Meteor Strike"],"picked":"Thunder Strike","floor":16},{"not_picked":["Stack+1","Redo"],"picked":"BootSequence+1","floor":18},{"not_picked":["Hello World+1","Gash"],"picked":"Glacier+1","floor":19},{"not_picked":["Barrage","Gash"],"picked":"Go for the Eyes","floor":21},{"not_picked":["Turbo","Redo","Conserve Battery+1"],"picked":"SKIP","floor":22}],"player_experience":187464,"relics_obtained":[{"floor":6,"key":"Strawberry"},{"floor":9,"key":"Bag of Marbles"}],"event_choices":[{"cards_removed":["Strike_B"],"damage_healed":0,"gold_gain":0,"player_choice":"Card Removal","damage_taken":7,"max_hp_gain":0,"max_hp_loss":0,"event_name":"Golden Wing","floor":14,"gold_loss":0}],"is_beta":false,"boss_relics":[{"not_picked":["Astrolabe","Empty Cage"],"picked":"Sozu"}],"items_purged_floors":[],"is_endless":false,"potions_floor_spawned":[5,8,11,13,18,19,22],"killed_by":"Book of Stabbing","ascension_level":10}