{"gold_per_floor":[109,127,77,77,94,94,106,106,406,422,422,442,442,452,452,550,550,565,590,18,18,0],"floor_reached":22,"playtime":914,"items_purged":["Strike_B"],"score":176,"play_id":"4a350e36-befb-4738-891f-b72173769852","local_time":"20190516110112","is_ascension_mode":false,"campfire_choices":[{"data":"Redo","floor":6,"key":"SMITH"},{"data":"Zap","floor":11,"key":"SMITH"},{"floor":15,"key":"REST"}],"neow_cost":"NONE","seed_source_timestamp":97694703653249,"circlet_count":0,"master_deck":["Strike_B","Strike_B","Defend_B","Defend_B","Defend_B","Zap+1","Dualcast+1","Turbo","Redo+1","Sweeping Beam","Darkness+1","Redo+1","Steam+1","Echo Form","Chill+1","Hologram+1"],"relics":["Cracked Core","Darkstone Periapt","Toxic Egg 2","Old Coin","Inserter","Red Mask","Dream Catcher","Medical Kit","Omamori","Necronomicon"],"potions_floor_usage":[],"damage_taken":[{"damage":0,"enemies":"2 Louse","floor":1,"turns":2},{"damage":0,"enemies":"Small Slimes","floor":2,"turns":3},{"damage":1,"enemies":"Cultist","floor":5,"turns":3},{"damage":15,"enemies":"Exordium Thugs","floor":7,"turns":4},{"damage":13,"enemies":"3 Louse","floor":10,"turns":3},{"damage":7,"enemies":"Blue Slaver","floor":12,"turns":3},{"damage":0,"enemies":"Large Slime","floor":14,"turns":2},{"damage":24,"enemies":"The Guardian","floor":16,"turns":8},{"damage":10,"enemies":"Chosen","floor":18,"turns":5},{"damage":39,"enemies":"Masked Bandits","floor":19,"turns":5},{"damage":16,"enemies":"2 Thieves","floor":22,"turns":2}],"seed_played":"-2232528088302417860","potions_obtained":[{"floor":5,"key":"Swift Potion"},{"floor":10,"key":"LiquidBronze"},{"floor":16,"key":"SneckoOil"}],"is_trial":false,"path_per_floor":["M","M","?","?","M","R","M","T","T","M","R","M","?","M","R","B",null,"M","?","$","?","M"],"character_chosen":"DEFECT","items_purchased":["Dream Catcher","Medical Kit","Omamori"],"campfire_rested":1,"item_purchase_floors":[20,20,20],"current_hp_per_floor":[75,75,75,75,74,74,59,59,59,46,46,39,39,39,61,37,75,65,26,26,10,0],"gold":0,"neow_bonus":"UPGRADE_CARD","is_prod":false,"is_daily":false,"chose_seed":false,"campfire_upgraded":2,"win_rate":0,"timestamp":1558029672,"path_taken":["M","M","?","?","?","R","M","?","T","M","R","M","?","M","R","BOSS","M","?","$","?","M"],"build_version":"2019-01-23","purchased_purges":1,"victory":false,"max_hp_per_floor":[75,75,75,75,75,75,75,75,75,75,75,75,75,75,75,75,75,75,75,75,75,75],"card_choices":[{"not_picked":["Steam","BootSequence"],"picked":"Turbo","floor":1},{"not_picked":["Rip and Tear","Rebound","Ball Lightning"],"picked":"SKIP","floor":2},{"not_picked":["Ball Lightning","Undo"],"picked":"Redo","floor":5},{"not_picked":["Storm","Rebound"],"picked":"Sweeping Beam","floor":7},{"not_picked":["Gash","Sunder"],"picked":"Darkness+1","floor":10},{"not_picked":["Sunder","Leap+1"],"picked":"Redo+1","floor":12},{"not_picked":["Melter","Leap+1"],"picked":"Steam+1","floor":14},{"not_picked":["Electrodynamics","Meteor Strike"],"picked":"Echo Form","floor":16},{"not_picked":["Streamline+1","Sunder"],"picked":"Chill+1","floor":18},{"not_picked":["Rebound","Stack+1"],"picked":"Hologram+1","floor":19}],"player_experience":68667,"relics_obtained":[{"floor":4,"key":"Darkstone Periapt"},{"floor":8,"key":"Toxic Egg 2"},{"floor":9,"key":"Old Coin"},{"floor":19,"key":"Red Mask"},{"floor":21,"key":"Necronomicon"}],"event_choices":[{"cards_removed":["Strike_B"],"damage_healed":0,"gold_gain":0,"player_choice":"Card Removal","damage_taken":0,"max_hp_gain":0,"max_hp_loss":0,"event_name":"The Cleric","floor":3,"gold_loss":50},{"damage_healed":0,"gold_gain":0,"player_choice":"Relic","damage_taken":0,"max_hp_gain":0,"max_hp_loss":0,"event_name":"Wheel of Change","floor":4,"gold_loss":0},{"cards_removed":["Defend_B"],"damage_healed":0,"gold_gain":0,"player_choice":"Forget","damage_taken":0,"max_hp_gain":0,"max_hp_loss":0,"event_name":"Living Wall","floor":13,"gold_loss":0},{"damage_healed":0,"gold_gain":0,"player_choice":"Fought Bandits","damage_taken":0,"max_hp_gain":0,"max_hp_loss":0,"event_name":"Masked Bandits","floor":19,"gold_loss":0},{"damage_healed":0,"gold_gain":0,"player_choice":"Obtained Book","damage_taken":16,"max_hp_gain":0,"max_hp_loss":0,"event_name":"Cursed Tome","floor":21,"gold_loss":0}],"is_beta":false,"boss_relics":[{"not_picked":["Ectoplasm","Philosopher\u0027s Stone"],"picked":"Inserter"}],"items_purged_floors":[20],"is_endless":false,"potions_floor_spawned":[5,10,16],"killed_by":"2 Thieves","ascension_level":0}