{"gold_per_floor":[109,209,226,246,266,297,297,297,297,72,72,122,138,173,173,246,246,256,267,281,23,34,34],"floor_reached":23,"playtime":784,"items_purged":["Strike_B","Strike_B"],"score":406,"play_id":"bb4d5da1-1145-446d-b049-776abd333df6","local_time":"20190526234444","is_ascension_mode":true,"campfire_choices":[{"floor":7,"key":"REST"},{"floor":11,"key":"REST"},{"data":"Self Repair","floor":15,"key":"SMITH"}],"neow_cost":"NONE","seed_source_timestamp":495254059422032,"circlet_count":0,"master_deck":["AscendersBane","Strike_B","Strike_B","Defend_B","Defend_B","Defend_B","Defend_B","Zap","Dualcast","Ball Lightning","Compile Driver","Coolheaded","Steam","Hologram","Leap","Self Repair+1","Sweeping Beam","Coolheaded","Ball Lightning","Electrodynamics","Rebound+1","Recycle","Fission","Sunder","Defragment","Leap"],"relics":["Black Star","Bag of Preparation","StoneCalendar","Pantograph","PreservedInsect","Bottled Tornado","Runic Pyramid"],"potions_floor_usage":[6,6,14,16,18,23],"damage_taken":[{"damage":2,"enemies":"2 Louse","floor":1,"turns":2},{"damage":1,"enemies":"Cultist","floor":3,"turns":3},{"damage":9,"enemies":"Jaw Worm","floor":4,"turns":4},{"damage":9,"enemies":"Blue Slaver","floor":5,"turns":4},{"damage":26,"enemies":"Gremlin Nob","floor":6,"turns":4},{"damage":5,"enemies":"Gremlin Gang","floor":13,"turns":6},{"damage":15,"enemies":"Lagavulin","floor":14,"turns":7},{"damage":36,"enemies":"Slime Boss","floor":16,"turns":8},{"damage":7,"enemies":"Chosen","floor":18,"turns":5},{"damage":20,"enemies":"Spheric Guardian","floor":19,"turns":7},{"damage":30,"enemies":"Chosen and Byrds","floor":20,"turns":6},{"damage":24,"enemies":"Sentry and Sphere","floor":22,"turns":7},{"damage":41,"enemies":"Slavers","floor":23,"turns":3}],"seed_played":"8404569711367724036","potions_obtained":[{"floor":3,"key":"Ancient Potion"},{"floor":5,"key":"FearPotion"},{"floor":13,"key":"Strength Potion"},{"floor":14,"key":"Block Potion"},{"floor":16,"key":"AttackPotion"},{"floor":22,"key":"GamblersBrew"}],"is_trial":false,"path_per_floor":["M","?","M","M","M","E","R","?","T","$","R","?","M","E","R","B",null,"M","M","M","$","M","E"],"character_chosen":"DEFECT","items_purchased":["Leap","Self Repair","Sweeping Beam","Sunder","Defragment"],"campfire_rested":2,"item_purchase_floors":[10,10,10,21,21],"current_hp_per_floor":[62,62,61,52,43,17,38,38,38,38,59,59,61,53,53,45,65,68,58,38,38,24,0],"gold":34,"neow_bonus":"BOSS_RELIC","is_prod":false,"is_daily":false,"chose_seed":false,"campfire_upgraded":1,"win_rate":0,"timestamp":1558932284,"path_taken":["M","?","M","?","M","E","R","?","T","?","R","?","M","E","R","BOSS","M","M","M","$","M","E"],"build_version":"2019-01-23","purchased_purges":2,"victory":false,"max_hp_per_floor":[71,71,71,71,71,71,71,71,71,71,71,71,71,71,71,71,71,71,71,71,71,71,71],"card_choices":[{"not_picked":["Steam","Barrage"],"picked":"Ball Lightning","floor":1},{"not_picked":["Chaos","Stack"],"picked":"Compile Driver","floor":3},{"not_picked":["Barrage","Consume"],"picked":"Coolheaded","floor":4},{"not_picked":["Tempest","Stack"],"picked":"Steam","floor":5},{"not_picked":["Recycle","FTL"],"picked":"Hologram","floor":6},{"not_picked":["Reboot","Steam"],"picked":"Coolheaded","floor":13},{"not_picked":["Undo","Leap"],"picked":"Ball Lightning","floor":14},{"not_picked":["Meteor Strike","Seek"],"picked":"Electrodynamics","floor":16},{"not_picked":["Coolheaded","Force Field"],"picked":"Rebound+1","floor":18},{"not_picked":["Stack+1","Storm"],"picked":"Recycle","floor":19},{"not_picked":["Gash","Undo"],"picked":"Fission","floor":20},{"not_picked":["Beam Cell+1","Loop"],"picked":"Leap","floor":22}],"player_experience":465249,"relics_obtained":[{"floor":6,"key":"Bag of Preparation"},{"floor":6,"key":"StoneCalendar"},{"floor":9,"key":"Pantograph"},{"floor":14,"key":"PreservedInsect"},{"floor":14,"key":"Bottled Tornado"}],"event_choices":[{"damage_healed":0,"gold_gain":100,"player_choice":"Gold","damage_taken":0,"max_hp_gain":0,"max_hp_loss":0,"event_name":"Wheel of Change","floor":2,"gold_loss":0},{"damage_healed":0,"gold_gain":0,"player_choice":"Ignored","damage_taken":0,"max_hp_gain":0,"max_hp_loss":0,"event_name":"Liars Game","floor":8,"gold_loss":0},{"damage_healed":0,"gold_gain":50,"player_choice":"Pray","damage_taken":0,"max_hp_gain":0,"max_hp_loss":0,"event_name":"Golden Shrine","floor":12,"gold_loss":0}],"is_beta":false,"boss_relics":[{"not_picked":["Lizard Tail","Velvet Choker"],"picked":"Runic Pyramid"}],"items_purged_floors":[10,21],"is_endless":false,"potions_floor_spawned":[3,5,13,14,16,22],"killed_by":"Slavers","ascension_level":20}