{"gold_per_floor":[114,131,81,13,88,88,122,122,122,122,142,169,181,259,259,330,330,344,269,60,77,94,126,26,26,50,88,113,152,183,195,207,298,310,341,373,106,206,1,1,1,1,1,28,43,43,72,89,89,89],"floor_reached":51,"playtime":1972,"items_purged":["Strike_B","Strike_B","Defend_B"],"score":1276,"play_id":"28b37e6f-9281-4c9f-ba2b-ef7b122b596d","local_time":"20190430145153","is_ascension_mode":true,"campfire_choices":[{"data":"Consume","floor":6,"key":"SMITH"},{"floor":8,"key":"REST"},{"data":"Electrodynamics","floor":10,"key":"SMITH"},{"data":"Zap","floor":15,"key":"SMITH"},{"data":"Sunder","floor":25,"key":"SMITH"},{"floor":32,"key":"REST"},{"data":"Creative AI","floor":40,"key":"SMITH"},{"data":"Coolheaded","floor":42,"key":"SMITH"},{"floor":49,"key":"REST"}],"neow_cost":"NONE","seed_source_timestamp":254938681240952,"circlet_count":0,"master_deck":["AscendersBane","Defend_B","Defend_B","Defend_B","Zap+1","Dualcast","Consume+1","Rebound","Chill","Glacier","Electrodynamics+1","Leap","Coolheaded+1","Machine Learning","Self Repair","Hologram","Conserve Battery","Sunder+1","Turbo+1","Leap+1","Hologram+1","Creative AI+1","Redo+1","Capacitor+1","Writhe","Force Field+1","Apotheosis+1","Steam+1"],"special_seed":0,"relics":["Cracked Core","PreservedInsect","Bottled Tornado","Bronze Scales","Bottled Flame","Velvet Choker","Toxic Egg 2","MawBank","Emotion Chip","Strawberry","Sozu","Juzu Bracelet","Unceasing Top","Runic Capacitor","Darkstone Periapt","Dream Catcher","Centennial Puzzle"],"potions_floor_usage":[16,22,23,44,50],"damage_taken":[{"damage":0.0,"enemies":"Cultist","floor":1.0,"turns":4.0},{"damage":0.0,"enemies":"Small Slimes","floor":2.0,"turns":3.0},{"damage":29,"enemies":"Gremlin Nob","floor":7,"turns":5},{"damage":2,"enemies":"Jaw Worm","floor":11,"turns":5},{"damage":1,"enemies":"Lagavulin","floor":12,"turns":7},{"damage":5,"enemies":"Large Slime","floor":13,"turns":5},{"damage":43,"enemies":"Hexaghost","floor":16,"turns":11},{"damage":5,"enemies":"Shell Parasite","floor":18,"turns":7},{"damage":21,"enemies":"Chosen","floor":21,"turns":6},{"damage":11,"enemies":"Snecko","floor":22,"turns":7},{"damage":8,"enemies":"Slavers","floor":23,"turns":2},{"damage":3,"enemies":"Book of Stabbing","floor":27,"turns":7},{"damage":0,"enemies":"3 Cultists","floor":28,"turns":3},{"damage":29,"enemies":"Slavers","floor":29,"turns":2},{"damage":7,"enemies":"Snake Plant","floor":30,"turns":3},{"damage":25,"enemies":"Automaton","floor":33,"turns":12},{"damage":15,"enemies":"Orb Walker","floor":35,"turns":4},{"damage":12,"enemies":"3 Darklings","floor":36,"turns":3},{"damage":5,"enemies":"Mind Bloom Boss Battle","floor":38,"turns":11},{"damage":17,"enemies":"Reptomancer","floor":44,"turns":4},{"damage":11,"enemies":"Sphere and 2 Shapes","floor":45,"turns":6},{"damage":51,"enemies":"Nemesis","floor":47,"turns":7},{"damage":5,"enemies":"Jaw Worm Horde","floor":48,"turns":2},{"damage":26,"enemies":"Time Eater","floor":50,"turns":15}],"seed_played":"3529602796899379329","potions_obtained":[{"floor":7,"key":"Fire Potion"},{"floor":11,"key":"Strength Potion"},{"floor":12,"key":"Regen Potion"},{"floor":16,"key":"SpeedPotion"},{"floor":21,"key":"Regen Potion"},{"floor":30,"key":"GamblersBrew"},{"floor":33,"key":"SpeedPotion"}],"is_trial":false,"path_per_floor":["M","M","?","$","?","R","E","R","T","R","M","E","M","T","R","B",null,"M","?","$","M","M","E","$","R","T","E","M","E","M","?","R","B",null,"M","M","$","?","$","R","?","R","T","E","M","?","E","M","R","B",null],"character_chosen":"DEFECT","items_purchased":["Glacier","Self Repair","Hologram","Juzu Bracelet","Runic Capacitor"],"campfire_rested":3,"item_purchase_floors":[4,20,20,37,39],"current_hp_per_floor":[64,64,64,64,57,57,28,49,49,49,47,46,41,41,41,10,56,51,51,51,37,48,47,47,47,47,51,51,36,29,29,52,34,67,59,54,54,56,56,56,76,76,76,66,62,62,18,13,36,20],"gold":89,"neow_bonus":"THREE_CARDS","is_prod":false,"is_daily":false,"chose_seed":false,"campfire_upgraded":6,"win_rate":0,"timestamp":1556653913,"path_taken":["M","M","?","$","?","R","E","R","T","R","?","E","M","?","R","BOSS","M","?","$","M","M","E","$","R","T","E","M","E","M","?","R","BOSS","M","?","$","?","$","R","?","R","T","E","M","?","E","M","R","BOSS"],"build_version":"2019-01-23","purchased_purges":3,"victory":true,"max_hp_per_floor":[71,71,71,71,71,71,71,71,71,71,71,71,71,71,71,71,71,71,71,71,71,71,71,71,71,71,71,71,78,78,78,78,78,78,78,78,78,78,78,78,78,78,78,78,78,78,78,78,78,78],"card_choices":[{"not_picked":["Conserve Battery","Stack"],"picked":"Consume","floor":0.0},{"not_picked":["Reprogram","Compile Driver"],"picked":"Rebound","floor":1.0},{"not_picked":["Consume","Heatsinks"],"picked":"Chill","floor":2.0},{"not_picked":["Turbo","Skim"],"picked":"Electrodynamics","floor":7},{"not_picked":["Reinforced Body","Storm"],"picked":"Leap","floor":11},{"not_picked":["Go for the Eyes","Tempest","Hello World"],"picked":"SKIP","floor":12},{"not_picked":["Static Discharge","Conserve Battery"],"picked":"Coolheaded","floor":13},{"not_picked":["Reboot","Meteor Strike"],"picked":"Machine Learning","floor":16},{"not_picked":["Gash","Barrage","Sweeping Beam"],"picked":"SKIP","floor":18},{"not_picked":["Chill","Go for the Eyes"],"picked":"Conserve Battery","floor":21},{"not_picked":["Leap","Reinforced Body"],"picked":"Sunder","floor":22},{"not_picked":["FTL","Blizzard"],"picked":"Turbo","floor":23},{"not_picked":["Barrage","Stack+1","Streamline"],"picked":"SKIP","floor":27},{"not_picked":["Conserve Battery+1","Stack+1"],"picked":"Leap+1","floor":28},{"not_picked":["Blizzard","Stack+1","Machine Learning"],"picked":"SKIP","floor":29},{"not_picked":["Streamline","Loop"],"picked":"Hologram+1","floor":30},{"not_picked":["Electrodynamics","Thunder Strike"],"picked":"Creative AI","floor":33},{"not_picked":["Static Discharge","FTL","Blizzard+1"],"picked":"SKIP","floor":35},{"not_picked":["Recycle+1","Chill+1"],"picked":"Redo+1","floor":36},{"not_picked":["Ball Lightning","Chaos+1"],"picked":"Capacitor+1","floor":38},{"not_picked":["Compile Driver","Amplify+1"],"picked":"Force Field+1","floor":44},{"not_picked":["Sweeping Beam","Genetic Algorithm+1","Steam+1"],"picked":"SKIP","floor":45},{"not_picked":["Purity+1","Sadistic Nature"],"picked":"Apotheosis+1","floor":46},{"not_picked":["Sunder","Ball Lightning","Compile Driver"],"picked":"SKIP","floor":47},{"not_picked":["Steam+1","Sweeping Beam","Stack+1"],"picked":"SKIP","floor":48},{"not_picked":["Compile Driver+1","Reinforced Body+1"],"picked":"Steam+1","floor":49}],"player_experience":346490,"relics_obtained":[{"floor":7,"key":"PreservedInsect"},{"floor":9,"key":"Bottled Tornado"},{"floor":12,"key":"Bronze Scales"},{"floor":14,"key":"Bottled Flame"},{"floor":23,"key":"Toxic Egg 2"},{"floor":26,"key":"MawBank"},{"floor":27,"key":"Emotion Chip"},{"floor":29,"key":"Strawberry"},{"floor":38,"key":"Unceasing Top"},{"floor":43,"key":"Darkstone Periapt"},{"floor":44,"key":"Dream Catcher"},{"floor":47,"key":"Centennial Puzzle"}],"event_choices":[{"cards_removed":["Strike_B"],"damage_healed":0.0,"max_hp_gain":0.0,"max_hp_loss":0.0,"gold_gain":0.0,"event_name":"The Cleric","player_choice":"Card Removal","floor":3.0,"gold_loss":50.0,"damage_taken":0.0},{"damage_healed":0,"gold_gain":75,"player_choice":"Touch","damage_taken":7,"max_hp_gain":0,"max_hp_loss":0,"event_name":"FaceTrader","floor":5,"gold_loss":0},{"cards_removed":["Strike_B"],"damage_healed":0,"gold_gain":0,"player_choice":"Gave Gold","damage_taken":0,"max_hp_gain":0,"max_hp_loss":0,"event_name":"Beggar","floor":19,"gold_loss":75},{"damage_healed":0,"gold_gain":0,"player_choice":"Bought 0 Potions","damage_taken":0,"max_hp_gain":0,"max_hp_loss":0,"event_name":"The Woman in Blue","floor":31,"gold_loss":0},{"damage_healed":0,"gold_gain":0,"player_choice":"Fight","damage_taken":0,"max_hp_gain":0,"max_hp_loss":0,"event_name":"MindBloom","floor":38,"gold_loss":0},{"damage_healed":20,"gold_gain":0,"player_choice":"Writhe","damage_taken":0,"max_hp_gain":0,"max_hp_loss":0,"event_name":"Winding Halls","floor":41,"gold_loss":0,"cards_obtained":["Writhe"]},{"damage_healed":0,"gold_gain":0,"player_choice":"Memory 1","damage_taken":0,"max_hp_gain":0,"max_hp_loss":0,"event_name":"SensoryStone","floor":46,"gold_loss":0}],"is_beta":false,"boss_relics":[{"not_picked":["Tiny House","Busted Crown"],"picked":"Velvet Choker"},{"not_picked":["Orrery","Coffee Dripper"],"picked":"Sozu"}],"items_purged_floors":[20,24,37],"is_endless":false,"potions_floor_spawned":[7,11,12,16,18,21,30,33,36,45,47],"ascension_level":14}