{"gold_per_floor":[115,45,57,76,95,65,80,100,100,100,116,41,41,141,141,244,244,255,273,273,292,6,6,6],"floor_reached":24,"playtime":1355,"items_purged":["Strike_B"],"score":215,"play_id":"f334b811-b77c-48fe-b8f5-630506406b68","local_time":"20190516115332","is_ascension_mode":false,"campfire_choices":[{"floor":10,"key":"REST"},{"floor":15,"key":"REST"},{"floor":23,"key":"REST"}],"neow_cost":"NONE","seed_source_timestamp":98644636180983,"circlet_count":0,"master_deck":["Strike_B","Strike_B","Strike_B","Defend_B","Defend_B","Defend_B","Defend_B","Zap","Dualcast","Seek","Hologram","Glacier","Defragment","Darkness","Conserve Battery","Creative AI","Coolheaded","Turbo","All For One","BootSequence","Redo","Ghostly","Ghostly","Ghostly","Ghostly","Ghostly","Turbo+1","Doom and Gloom"],"relics":["Cracked Core","Meat on the Bone","Sundial","Snecko Eye","Strange Spoon"],"potions_floor_usage":[],"damage_taken":[{"damage":1,"enemies":"Small Slimes","floor":1,"turns":4},{"damage":1,"enemies":"2 Louse","floor":3,"turns":4},{"damage":0,"enemies":"Cultist","floor":4,"turns":4},{"damage":9,"enemies":"Large Slime","floor":5,"turns":6},{"damage":0,"enemies":"Looter","floor":6,"turns":4},{"damage":21,"enemies":"Gremlin Gang","floor":7,"turns":7},{"damage":0,"enemies":"2 Fungi Beasts","floor":8,"turns":4},{"damage":10,"enemies":"Red Slaver","floor":11,"turns":6},{"damage":56,"enemies":"Hexaghost","floor":16,"turns":15},{"damage":22,"enemies":"Spheric Guardian","floor":18,"turns":4},{"damage":3,"enemies":"3 Byrds","floor":19,"turns":2},{"damage":12,"enemies":"Shelled Parasite and Fungi","floor":21,"turns":6},{"damage":37,"enemies":"Gremlin Leader","floor":24,"turns":4}],"seed_played":"5168303465969293400","potions_obtained":[{"floor":3,"key":"Regen Potion"},{"floor":4,"key":"Swift Potion"},{"floor":7,"key":"AttackPotion"}],"is_trial":false,"path_per_floor":["M","$","M","M","M","M","M","M","T","R","M","$","?","?","R","B",null,"M","M","?","M","$","R","E"],"character_chosen":"DEFECT","items_purchased":["Glacier","Doom and Gloom","Strange Spoon"],"campfire_rested":3,"item_purchase_floors":[2,22,22],"current_hp_per_floor":[74,74,73,73,64,64,43,43,43,65,55,55,52,52,74,30,75,53,50,37,25,25,36,0],"gold":6,"neow_bonus":"ONE_RANDOM_RARE_CARD","is_prod":false,"is_daily":false,"chose_seed":false,"campfire_upgraded":0,"win_rate":0,"timestamp":1558032812,"path_taken":["M","$","M","M","M","M","M","M","T","R","M","$","?","?","R","BOSS","M","M","?","M","$","R","E"],"build_version":"2019-01-23","purchased_purges":1,"victory":false,"max_hp_per_floor":[75,75,75,75,75,75,75,75,75,75,75,75,75,75,75,75,75,75,75,37,37,37,37,37],"card_choices":[{"not_picked":["Ball Lightning","Loop"],"picked":"Hologram","floor":1},{"not_picked":["Cold Snap","Gash"],"picked":"Defragment","floor":3},{"not_picked":["Beam Cell","Auto Shields"],"picked":"Darkness","floor":4},{"not_picked":["Rip and Tear","Hologram"],"picked":"Conserve Battery","floor":5},{"not_picked":["Static Discharge","Beam Cell"],"picked":"Creative AI","floor":6},{"not_picked":["Hologram","Turbo"],"picked":"Coolheaded","floor":7},{"not_picked":["Barrage","Hologram","Rip and Tear"],"picked":"SKIP","floor":8},{"not_picked":["Static Discharge","Barrage"],"picked":"Turbo","floor":11},{"not_picked":["Rainbow","Seek"],"picked":"All For One","floor":16},{"not_picked":["Conserve Battery+1","Hologram"],"picked":"BootSequence","floor":18},{"not_picked":["Conserve Battery+1","Force Field"],"picked":"Redo","floor":19},{"not_picked":["BootSequence+1","Double Energy"],"picked":"Turbo+1","floor":21}],"player_experience":69581,"relics_obtained":[{"floor":9,"key":"Meat on the Bone"}],"event_choices":[{"damage_healed":0,"gold_gain":0,"player_choice":"Success","damage_taken":3,"relics_obtained":["Sundial"],"max_hp_gain":0,"max_hp_loss":0,"event_name":"Scrap Ooze","floor":13,"gold_loss":0},{"damage_healed":0,"gold_gain":100,"player_choice":"Pray","damage_taken":0,"max_hp_gain":0,"max_hp_loss":0,"event_name":"Golden Shrine","floor":14,"gold_loss":0},{"damage_healed":0,"gold_gain":0,"player_choice":"Became a Ghost","damage_taken":0,"max_hp_gain":0,"max_hp_loss":38,"event_name":"Ghosts","floor":20,"gold_loss":0,"cards_obtained":["Ghostly","Ghostly","Ghostly","Ghostly","Ghostly"]}],"is_beta":false,"boss_relics":[{"not_picked":["White Beast Statue","Sozu"],"picked":"Snecko Eye"}],"items_purged_floors":[12],"is_endless":false,"potions_floor_spawned":[3,4,7,19],"killed_by":"Gremlin Leader","ascension_level":0}