{"gold_per_floor":[115,61,76,26,101,136,136,169,169,204,223,175,188,107,107,205,255,242,242,84,100,200,200,215,215,297,332,332],"floor_reached":28,"playtime":871,"items_purged":["Havoc"],"score":356,"play_id":"ea8b8f2c-1b3f-4c3e-bce8-fff581fe44f8","local_time":"20190324235956","is_ascension_mode":true,"campfire_choices":[{"data":"Rampage","floor":7,"key":"SMITH"},{"floor":15,"key":"REST"},{"data":"Corruption","floor":23,"key":"SMITH"},{"data":"Fire Breathing","floor":25,"key":"SMITH"}],"neow_cost":"NONE","seed_source_timestamp":689792894123101,"circlet_count":0,"master_deck":["Strike_R","Strike_R","Strike_R","Strike_R","Defend_R","Defend_R","Defend_R","Defend_R","Bash","Twin Strike","Pommel Strike","Spot Weakness","Rampage+1","Searing Blow+1","Flame Barrier","True Grit","Shrug It Off","Corruption+1","Exhume","Fire Breathing+1","Bandage Up","Metallicize","Combust","Demon Form"],"relics":["Burning Blood","Oddly Smooth Stone","Self Forming Clay","Vajra","PreservedInsect","Matryoshka","Tiny House","Anchor","Omamori","Darkstone Periapt","Bottled Lightning"],"potions_floor_usage":[6,8,16,21,24,24,27],"damage_taken":[{"damage":0,"enemies":"Small Slimes","floor":1,"turns":4},{"damage":7,"enemies":"Jaw Worm","floor":3,"turns":5},{"damage":22,"enemies":"Lagavulin","floor":6,"turns":5},{"damage":21,"enemies":"3 Sentries","floor":8,"turns":6},{"damage":16,"enemies":"Gremlin Nob","floor":10,"turns":3},{"damage":0,"enemies":"Cultist","floor":11,"turns":3},{"damage":1,"enemies":"Blue Slaver","floor":13,"turns":5},{"damage":53,"enemies":"Slime Boss","floor":16,"turns":12},{"damage":17,"enemies":"2 Thieves","floor":18,"turns":4},{"damage":17,"enemies":"Shell Parasite","floor":21,"turns":6},{"damage":8,"enemies":"Centurion and Healer","floor":24,"turns":6},{"damage":56,"enemies":"Gremlin Leader","floor":27,"turns":7},{"damage":23,"enemies":"3 Cultists","floor":28,"turns":4}],"seed_played":"-4453456826103118346","potions_obtained":[{"floor":1,"key":"PowerPotion"},{"floor":3,"key":"LiquidBronze"},{"floor":10,"key":"FearPotion"},{"floor":11,"key":"Poison Potion"},{"floor":16,"key":"SpeedPotion"},{"floor":17,"key":"Block Potion"},{"floor":18,"key":"PowerPotion"},{"floor":24,"key":"PowerPotion"}],"is_trial":false,"path_per_floor":["M","$","M","?","?","E","R","E","T","E","M","$","M","$","R","B",null,"M","?","$","M","?","R","M","R","T","E","M"],"character_chosen":"IRONCLAD","items_purchased":["Pommel Strike","Havoc","Corruption","Bandage Up"],"campfire_rested":1,"item_purchase_floors":[2,12,14,20],"current_hp_per_floor":[78,78,77,77,66,50,50,35,35,25,31,31,36,36,60,13,68,57,57,57,50,50,50,56,56,56,14,0],"gold":332,"neow_bonus":"RANDOM_COMMON_RELIC","is_prod":false,"is_daily":false,"chose_seed":false,"campfire_upgraded":3,"win_rate":0,"timestamp":1553489996,"path_taken":["M","$","M","?","?","E","R","E","T","E","M","$","M","$","R","BOSS","M","?","$","M","?","R","M","R","T","E","M"],"build_version":"2019-01-23","purchased_purges":1,"victory":false,"max_hp_per_floor":[80,80,80,80,80,80,80,80,80,80,80,80,80,80,80,80,85,85,85,85,85,85,85,85,85,85,85,85],"card_choices":[{"not_picked":["Evolve","Anger"],"picked":"Twin Strike","floor":1},{"not_picked":["Thunderclap","Feel No Pain"],"picked":"Spot Weakness","floor":3},{"not_picked":["Clash","Inflame"],"picked":"Rampage","floor":6},{"not_picked":["Body Slam","Wild Strike"],"picked":"Searing Blow","floor":8},{"not_picked":["Bludgeon","Whirlwind"],"picked":"Flame Barrier","floor":10},{"not_picked":["Pommel Strike","Twin Strike"],"picked":"True Grit","floor":11},{"not_picked":["Intimidate","Entrench"],"picked":"Shrug It Off","floor":13},{"not_picked":["Limit Break","Fiend Fire"],"picked":"Exhume","floor":16},{"not_picked":["Wild Strike","Twin Strike+1"],"picked":"Fire Breathing","floor":18},{"not_picked":["Pommel Strike+1","Clothesline"],"picked":"Metallicize","floor":21},{"not_picked":["Pommel Strike","Reckless Charge"],"picked":"Combust","floor":24},{"not_picked":["True Grit","Havoc"],"picked":"Demon Form","floor":27}],"player_experience":263827,"relics_obtained":[{"floor":6,"key":"Self Forming Clay"},{"floor":8,"key":"Vajra"},{"floor":9,"key":"PreservedInsect"},{"floor":10,"key":"Matryoshka"},{"floor":26,"key":"Omamori"},{"floor":26,"key":"Darkstone Periapt"},{"floor":27,"key":"Bottled Lightning"}],"event_choices":[{"cards_removed":["Strike_R"],"damage_healed":0,"gold_gain":0,"player_choice":"Card Removal","damage_taken":0,"max_hp_gain":0,"max_hp_loss":0,"event_name":"The Cleric","floor":4,"gold_loss":50},{"damage_healed":0,"gold_gain":75,"player_choice":"Gather Gold","damage_taken":11,"max_hp_gain":0,"max_hp_loss":0,"event_name":"World of Goop","floor":5,"gold_loss":0},{"damage_healed":0,"gold_gain":0,"player_choice":"Opened","damage_taken":0,"relics_obtained":["Anchor"],"max_hp_gain":0,"max_hp_loss":0,"event_name":"The Mausoleum","floor":19,"gold_loss":0},{"damage_healed":0,"gold_gain":100,"player_choice":"Pray","damage_taken":0,"max_hp_gain":0,"max_hp_loss":0,"event_name":"Golden Shrine","floor":22,"gold_loss":0}],"is_beta":false,"boss_relics":[{"not_picked":["Coffee Dripper","Ectoplasm"],"picked":"Tiny House"}],"items_purged_floors":[20],"is_endless":false,"potions_floor_spawned":[1,3,10,11,16,18,24],"killed_by":"3 Cultists","ascension_level":8}