{"gold_per_floor":[117,40,40,53,53,53,87,87,87,105,105,105,121,151,151,226,226,243,260,260,55,55,55,55,80,126,142,142,154,186,218,218,296,296,312,327,327,327,337,337,367,385,385,385,3,16,33,53,53,53],"floor_reached":51,"playtime":1686,"items_purged":["Strike_R"],"score":1344,"play_id":"6c836830-2474-45fa-a1ae-6abd580780be","local_time":"20190511010151","is_ascension_mode":true,"campfire_choices":[{"data":"Flex","floor":6.0,"key":"SMITH"},{"data":"Spot Weakness","floor":8.0,"key":"SMITH"},{"data":"Twin Strike","floor":15.0,"key":"SMITH"},{"data":"Shrug It Off","floor":23.0,"key":"SMITH"},{"data":"Armaments","floor":28.0,"key":"SMITH"},{"data":"Pommel Strike","floor":32.0,"key":"SMITH"},{"floor":40,"key":"REST"},{"floor":44,"key":"REST"},{"floor":49,"key":"REST"}],"neow_cost":"NONE","seed_source_timestamp":1155739056768633,"circlet_count":0,"master_deck":["AscendersBane","Strike_R+1","Strike_R","Strike_R+1","Strike_R+1","Defend_R","Defend_R","Defend_R","Defend_R","Bash","Twin Strike+1","Flex+1","Pummel","Spot Weakness+1","Corruption+1","Reaper","Feed","RitualDagger","Shrug It Off+1","Pommel Strike+1","Armaments+1","Iron Wave+1","Sword Boomerang+1","Heavy Blade+1","Impervious","Shockwave","Shrug It Off","Sentinel+1","Dark Embrace","Feel No Pain","True Grit"],"special_seed":0,"relics":["Burning Blood","NeowsBlessing","Ancient Tea Set","Singing Bowl","Matryoshka","Meat on the Bone","Eternal Feather","Blood Vial","Vajra","Red Skull","Pen Nib","Molten Egg 2","Red Mask","Fusion Hammer","Kunai","Gambling Chip","Bag of Marbles","The Courier","Whetstone"],"potions_floor_usage":[33,41,50,50],"damage_taken":[{"damage":0.0,"enemies":"Jaw Worm","floor":1.0,"turns":1.0},{"damage":0.0,"enemies":"2 Louse","floor":4.0,"turns":1.0},{"damage":0.0,"enemies":"Gremlin Nob","floor":7.0,"turns":1.0},{"damage":3.0,"enemies":"Small Slimes","floor":10.0,"turns":3.0},{"damage":9.0,"enemies":"3 Louse","floor":13.0,"turns":4.0},{"damage":20.0,"enemies":"Lagavulin","floor":14.0,"turns":5.0},{"damage":36.0,"enemies":"The Guardian","floor":16.0,"turns":11.0},{"damage":20.0,"enemies":"Chosen","floor":18.0,"turns":5.0},{"damage":20.0,"enemies":"Spheric Guardian","floor":19.0,"turns":4.0},{"damage":75.0,"enemies":"Book of Stabbing","floor":25.0,"turns":6.0},{"damage":0.0,"enemies":"3 Cultists","floor":27.0,"turns":5.0},{"damage":52.0,"enemies":"Snake Plant","floor":29.0,"turns":6.0},{"damage":29.0,"enemies":"Slavers","floor":30.0,"turns":5.0},{"damage":43.0,"enemies":"Masked Bandits","floor":31.0,"turns":4.0},{"damage":87,"enemies":"Automaton","floor":33,"turns":10},{"damage":14,"enemies":"Orb Walker","floor":35,"turns":3},{"damage":32,"enemies":"3 Darklings","floor":36,"turns":5},{"damage":32,"enemies":"Spire Growth","floor":39,"turns":6},{"damage":78,"enemies":"Giant Head","floor":41,"turns":8},{"damage":9,"enemies":"4 Shapes","floor":42,"turns":8},{"damage":0,"enemies":"Transient","floor":46,"turns":5},{"damage":0,"enemies":"Jaw Worm Horde","floor":47,"turns":4},{"damage":14,"enemies":"Spire Growth","floor":48,"turns":5},{"damage":66,"enemies":"Time Eater","floor":50,"turns":11}],"seed_played":"-4551196201995985374","potions_obtained":[{"floor":4.0,"key":"Regen Potion"},{"floor":7.0,"key":"PowerPotion"},{"floor":25.0,"key":"PowerPotion"},{"floor":27.0,"key":"AttackPotion"},{"floor":29.0,"key":"Energy Potion"},{"floor":30.0,"key":"SpeedPotion"},{"floor":36,"key":"Poison Potion"},{"floor":39,"key":"Dexterity Potion"},{"floor":47,"key":"Fire Potion"}],"is_trial":false,"path_per_floor":["M","$","?","M","?","R","E","R","T","M","?","?","M","E","R","B",null,"M","M","?","$","?","R","$","E","T","M","R","M","E","?","R","B",null,"M","M","?","T","M","R","E","M","T","R","$","M","M","M","R","B",null],"character_chosen":"IRONCLAD","items_purchased":["Twin Strike","Flex","Shrug It Off","Blood Vial","Dark Embrace","Feel No Pain","Whetstone","True Grit"],"campfire_rested":3,"item_purchase_floors":[2,2,21,21,45,45,45,45],"current_hp_per_floor":[74,74,69,75,52,52,58,58,58,61,61,61,60,46,46,36,67,64,52,46,46,46,58,58,33,33,68,80,49,57,63,78,35,79,87,77,77,77,67,97,37,65,65,100,100,102,104,101,109,61],"gold":53,"neow_bonus":"THREE_ENEMY_KILL","is_prod":false,"is_daily":false,"chose_seed":false,"campfire_upgraded":6,"win_rate":0,"timestamp":1557554511,"path_taken":["M","$","?","M","?","R","E","R","T","M","?","?","M","E","R","BOSS","M","M","?","$","?","R","$","E","T","M","R","M","E","?","R","BOSS","M","M","?","?","?","R","E","M","T","R","$","M","M","?","R","BOSS"],"build_version":"2019-01-23","purchased_purges":1,"victory":true,"max_hp_per_floor":[75,75,75,75,75,75,75,75,75,75,75,75,77,77,77,77,77,82,84,84,84,84,84,84,87,87,90,90,90,90,93,93,93,93,95,95,95,95,97,97,97,100,100,100,100,102,104,109,109,109],"card_choices":[{"not_picked":["Body Slam","Sever Soul","Warcry"],"picked":"SKIP","floor":1.0},{"not_picked":["Body Slam","Headbutt"],"picked":"Pummel","floor":4.0},{"not_picked":["Combust","Ghostly Armor"],"picked":"Spot Weakness","floor":7.0},{"not_picked":["Headbutt","Clothesline"],"picked":"Corruption","floor":10.0},{"not_picked":["Thunderclap","Shockwave","Perfected Strike"],"picked":"Singing Bowl","floor":13.0},{"not_picked":["Offering","Perfected Strike"],"picked":"Reaper","floor":14.0},{"not_picked":["Impervious","Exhume"],"picked":"Feed","floor":16.0},{"not_picked":["Infernal Blade","Entrench+1","Dropkick"],"picked":"Singing Bowl","floor":18.0},{"not_picked":["Bloodletting","Rupture","Fire Breathing"],"picked":"Singing Bowl","floor":19.0},{"not_picked":["Clash","Reckless Charge"],"picked":"Pommel Strike","floor":25.0},{"not_picked":["Headbutt","Sentinel+1"],"picked":"Armaments","floor":27.0},{"not_picked":["Blood for Blood","Clash"],"picked":"Iron Wave","floor":29.0},{"not_picked":["Clash","Body Slam"],"picked":"Sword Boomerang","floor":30.0},{"not_picked":["Thunderclap+1","Blood for Blood+1"],"picked":"Heavy Blade+1","floor":31.0},{"not_picked":["Dark Embrace","Feed+1"],"picked":"Impervious","floor":33},{"not_picked":["Clothesline+1","Sword Boomerang+1","Flex"],"picked":"Singing Bowl","floor":35},{"not_picked":["Pummel+1","Fire Breathing"],"picked":"Shockwave","floor":36},{"not_picked":["Perfected Strike+1","Anger+1","Barricade"],"picked":"Singing Bowl","floor":39},{"not_picked":["Armaments","Entrench"],"picked":"Shrug It Off","floor":41},{"not_picked":["Wild Strike+1","Sever Soul+1"],"picked":"Sentinel+1","floor":42},{"not_picked":["Body Slam+1","Shockwave","Twin Strike+1"],"picked":"Singing Bowl","floor":46},{"not_picked":["Sword Boomerang+1","Wild Strike+1","Flex"],"picked":"Singing Bowl","floor":47},{"not_picked":["Warcry","Headbutt+1","Corruption"],"picked":"Singing Bowl","floor":48}],"player_experience":391411,"relics_obtained":[{"floor":7.0,"key":"Singing Bowl"},{"floor":9.0,"key":"Matryoshka"},{"floor":14.0,"key":"Meat on the Bone"},{"floor":25.0,"key":"Vajra"},{"floor":26.0,"key":"Red Skull"},{"floor":26.0,"key":"Pen Nib"},{"floor":30.0,"key":"Molten Egg 2"},{"floor":31.0,"key":"Red Mask"},{"floor":38,"key":"Kunai"},{"floor":38,"key":"Gambling Chip"},{"floor":41,"key":"Bag of Marbles"},{"floor":43,"key":"The Courier"}],"event_choices":[{"damage_healed":0.0,"max_hp_gain":0.0,"max_hp_loss":0.0,"gold_gain":0.0,"event_name":"Scrap Ooze","player_choice":"Success","floor":3.0,"gold_loss":0.0,"damage_taken":5.0,"relics_obtained":["Ancient Tea Set"]},{"damage_healed":0.0,"max_hp_gain":0.0,"max_hp_loss":0.0,"gold_gain":0.0,"event_name":"Shining Light","player_choice":"Entered Light","floor":5.0,"gold_loss":0.0,"damage_taken":23.0,"cards_upgraded":["Strike_R","Strike_R"]},{"damage_healed":0.0,"max_hp_gain":0.0,"max_hp_loss":0.0,"gold_gain":0.0,"event_name":"Liars Game","player_choice":"Ignored","floor":11.0,"gold_loss":0.0,"damage_taken":0.0},{"damage_healed":0.0,"max_hp_gain":0.0,"max_hp_loss":0.0,"gold_gain":0.0,"event_name":"Living Wall","player_choice":"Grow","floor":12.0,"gold_loss":0.0,"damage_taken":0.0,"cards_upgraded":["Corruption"]},{"damage_healed":0.0,"max_hp_gain":0.0,"max_hp_loss":0.0,"gold_gain":0.0,"event_name":"Nest","player_choice":"Joined the Cult","floor":20.0,"gold_loss":0.0,"damage_taken":6.0,"cards_obtained":["RitualDagger"]},{"damage_healed":0.0,"max_hp_gain":0.0,"max_hp_loss":0.0,"gold_gain":0.0,"event_name":"Ghosts","player_choice":"Ignored","floor":22.0,"gold_loss":0.0,"damage_taken":0.0},{"damage_healed":0.0,"max_hp_gain":0.0,"max_hp_loss":0.0,"gold_gain":0.0,"event_name":"Masked Bandits","player_choice":"Fought Bandits","floor":31.0,"gold_loss":0.0,"damage_taken":0.0},{"damage_healed":0,"gold_gain":0,"player_choice":"Ignored","damage_taken":0,"max_hp_gain":0,"max_hp_loss":0,"event_name":"Mysterious Sphere","floor":37,"gold_loss":0}],"is_beta":false,"boss_relics":[{"not_picked":["Coffee Dripper","Runic Dome"],"picked":"Eternal Feather"},{"not_picked":["Mark of Pain","Runic Pyramid"],"picked":"Fusion Hammer"}],"items_purged_floors":[45],"is_endless":false,"potions_floor_spawned":[4,7,10,25,27,29,30,36,39,47,48],"ascension_level":15}