{"gold_per_floor":[118,6,81,81,99,99,129,129,129,147,179,179,179,199,199,278,278,289,289,389,53,103,103,135,147,218,218,218],"floor_reached":28,"playtime":1221,"items_purged":["Strike_B","Strike_B"],"score":424,"play_id":"a26e6de5-36bd-4a56-b6c9-9d223e48c8bd","local_time":"20190504195915","is_ascension_mode":true,"campfire_choices":[{"data":"Rebound","floor":6,"key":"SMITH"},{"data":"Leap","floor":13,"key":"SMITH"},{"floor":15,"key":"REST"},{"floor":23,"key":"REST"},{"data":"White Noise","floor":27,"key":"SMITH"}],"neow_cost":"NONE","seed_source_timestamp":619824943854585,"circlet_count":0,"master_deck":["AscendersBane","Strike_B","Defend_B+1","Defend_B","Defend_B","Defend_B","Zap","Dualcast","Hologram","White Noise+1","Rebound+1","Doom and Gloom","Ball Lightning","Leap+1","Capacitor","Thunder Strike","Defragment","Ghostly+1","Ghostly","Ghostly","Undo+1","Leap","Cold Snap","Regret"],"relics":["Sozu","Smiling Mask","Ornamental Fan","Anchor","Cursed Key","Thread and Needle","Gremlin Horn","Meat on the Bone","War Paint","Matryoshka"],"potions_floor_usage":[],"damage_taken":[{"damage":7,"enemies":"Small Slimes","floor":1,"turns":4},{"damage":2,"enemies":"2 Louse","floor":5,"turns":5},{"damage":27,"enemies":"3 Sentries","floor":7,"turns":7},{"damage":0,"enemies":"Jaw Worm","floor":10,"turns":3},{"damage":10,"enemies":"Gremlin Nob","floor":11,"turns":3},{"damage":0,"enemies":"Exordium Wildlife","floor":14,"turns":3},{"damage":32,"enemies":"The Guardian","floor":16,"turns":10},{"damage":18,"enemies":"2 Thieves","floor":18,"turns":4},{"damage":0,"enemies":"Colosseum Slavers","floor":20,"turns":6},{"damage":23,"enemies":"Colosseum Nobs","floor":20,"turns":5},{"damage":1,"enemies":"Slavers","floor":24,"turns":7},{"damage":0,"enemies":"Spheric Guardian","floor":25,"turns":3},{"damage":27,"enemies":"Book of Stabbing","floor":28,"turns":7}],"seed_played":"-8129758361940927096","potions_obtained":[],"is_trial":false,"path_per_floor":["M","$","?","?","M","R","E","?","T","M","E","?","R","M","R","B",null,"M","?","?","$","?","R","E","M","T","R","E"],"character_chosen":"DEFECT","items_purchased":["White Noise","Meat on the Bone","Leap"],"campfire_rested":2,"item_purchase_floors":[2,21,21],"current_hp_per_floor":[57,57,46,69,67,67,40,33,33,33,23,23,23,23,44,12,56,38,35,12,12,12,22,21,21,21,21,0],"gold":218,"neow_bonus":"BOSS_RELIC","is_prod":false,"is_daily":false,"chose_seed":false,"campfire_upgraded":3,"win_rate":0,"timestamp":1557017955,"path_taken":["M","$","?","?","M","R","E","?","T","?","E","?","R","M","R","BOSS","M","?","?","$","?","R","E","M","T","R","E"],"build_version":"2019-01-23","purchased_purges":2,"victory":false,"max_hp_per_floor":[71,71,71,71,71,71,71,71,71,71,71,71,71,71,71,71,71,71,35,35,35,35,35,35,35,35,35,35],"card_choices":[{"not_picked":["Undo","Double Energy"],"picked":"Hologram","floor":1},{"not_picked":["White Noise","Compile Driver"],"picked":"Rebound","floor":5},{"not_picked":["Turbo","Thunder Strike"],"picked":"Doom and Gloom","floor":7},{"not_picked":["Conserve Battery","Rebound"],"picked":"Ball Lightning","floor":10},{"not_picked":["Darkness","Auto Shields"],"picked":"Leap","floor":11},{"not_picked":["Sunder","Rebound"],"picked":"Capacitor","floor":14},{"not_picked":["Fission","Amplify"],"picked":"Thunder Strike","floor":16},{"not_picked":["Skim","Conserve Battery"],"picked":"Defragment","floor":18},{"not_picked":["Steam Power","Redo"],"picked":"Undo+1","floor":20},{"not_picked":["Gash","Melter"],"picked":"Cold Snap","floor":24},{"not_picked":["FTL","Leap","Barrage+1"],"picked":"SKIP","floor":25}],"player_experience":380809,"relics_obtained":[{"floor":7,"key":"Smiling Mask"},{"floor":9,"key":"Ornamental Fan"},{"floor":11,"key":"Anchor"},{"floor":20,"key":"Thread and Needle"},{"floor":20,"key":"Gremlin Horn"},{"floor":24,"key":"War Paint"},{"floor":26,"key":"Matryoshka"}],"event_choices":[{"damage_healed":0,"gold_gain":75,"player_choice":"Gather Gold","damage_taken":11,"max_hp_gain":0,"max_hp_loss":0,"event_name":"World of Goop","floor":3,"gold_loss":0},{"damage_healed":23,"gold_gain":0,"player_choice":"Banana","damage_taken":0,"max_hp_gain":0,"max_hp_loss":0,"event_name":"Big Fish","floor":4,"gold_loss":0},{"cards_removed":["Strike_B"],"damage_healed":0,"gold_gain":0,"player_choice":"Card Removal","damage_taken":7,"max_hp_gain":0,"max_hp_loss":0,"event_name":"Golden Wing","floor":8,"gold_loss":0},{"damage_healed":0,"gold_gain":0,"player_choice":"Fled","damage_taken":0,"max_hp_gain":0,"max_hp_loss":0,"event_name":"Scrap Ooze","floor":12,"gold_loss":0},{"damage_healed":0,"gold_gain":0,"player_choice":"Became a Ghost","damage_taken":0,"max_hp_gain":0,"max_hp_loss":36,"event_name":"Ghosts","floor":19,"gold_loss":0,"cards_obtained":["Ghostly","Ghostly","Ghostly"]},{"damage_healed":0,"gold_gain":0,"player_choice":"Fight","damage_taken":0,"max_hp_gain":0,"max_hp_loss":0,"event_name":"Colosseum","floor":20,"gold_loss":0},{"damage_healed":0,"gold_gain":0,"player_choice":"Fought Nobs","damage_taken":0,"max_hp_gain":0,"max_hp_loss":0,"event_name":"Colosseum","floor":20,"gold_loss":0},{"damage_healed":0,"gold_gain":50,"player_choice":"Stole From Cult","damage_taken":0,"max_hp_gain":0,"max_hp_loss":0,"event_name":"Nest","floor":22,"gold_loss":0}],"is_beta":false,"boss_relics":[{"not_picked":["Nuclear Battery","Empty Cage"],"picked":"Cursed Key"}],"items_purged_floors":[2,21],"is_endless":false,"potions_floor_spawned":[1,10,14,18,20,25],"killed_by":"Book of Stabbing","ascension_level":15}