{"gold_per_floor":[119,119,119,130,180,180,210,210,233,259,269,269,281,301,301,375,375,315,315,315,315,315,315,315,315,315,315,315,315,315,315,315,315],"floor_reached":33,"playtime":1399,"items_purged":[],"score":630,"play_id":"e966e7b9-e676-44be-8a70-1e282042498c","local_time":"20190525101156","is_ascension_mode":true,"campfire_choices":[{"data":"Hemokinesis","floor":6,"key":"SMITH"},{"data":"Pummel","floor":8,"key":"SMITH"},{"data":"Havoc","floor":12,"key":"SMITH"},{"data":"Disarm","floor":15,"key":"SMITH"},{"floor":23,"key":"REST"},{"data":"Havoc","floor":25,"key":"SMITH"},{"floor":32,"key":"REST"}],"neow_cost":"NONE","seed_source_timestamp":807894652639200,"circlet_count":0,"master_deck":["AscendersBane","Strike_R","Strike_R+1","Strike_R+1","Strike_R","Defend_R","Defend_R","Defend_R","Defend_R","Bash+1","Iron Wave","Hemokinesis+1","Pummel+1","Havoc+1","Headbutt","Disarm+1","Shrug It Off","Reaper","Havoc+1","Power Through","Shockwave","Anger","Rupture","Shrug It Off+1","Reaper","RitualDagger"],"relics":["Burning Blood","Vajra","Happy Flower","PreservedInsect","Ectoplasm","SsserpentHead","Blue Candle","Tiny Chest","Blood Vial","Art of War"],"potions_floor_usage":[10,16,22,24,27,27,27],"damage_taken":[{"damage":1,"enemies":"Small Slimes","floor":1,"turns":3},{"damage":0,"enemies":"Jaw Worm","floor":4,"turns":4},{"damage":3,"enemies":"Gremlin Nob","floor":7,"turns":3},{"damage":24,"enemies":"3 Sentries","floor":10,"turns":7},{"damage":0,"enemies":"Cultist","floor":11,"turns":3},{"damage":8,"enemies":"Blue Slaver","floor":13,"turns":3},{"damage":2,"enemies":"Exordium Thugs","floor":14,"turns":2},{"damage":20,"enemies":"Hexaghost","floor":16,"turns":9},{"damage":21,"enemies":"2 Thieves","floor":18,"turns":3},{"damage":12,"enemies":"3 Byrds","floor":19,"turns":9},{"damage":43,"enemies":"Shelled Parasite and Fungi","floor":21,"turns":4},{"damage":36,"enemies":"Cultist and Chosen","floor":22,"turns":5},{"damage":9,"enemies":"Book of Stabbing","floor":24,"turns":5},{"damage":7,"enemies":"Gremlin Leader","floor":27,"turns":6},{"damage":33,"enemies":"Chosen and Byrds","floor":29,"turns":6},{"damage":31,"enemies":"Slavers","floor":30,"turns":5},{"damage":81,"enemies":"Collector","floor":33,"turns":6}],"seed_played":"8419224378510930455","potions_obtained":[{"floor":1,"key":"AttackPotion"},{"floor":4,"key":"SteroidPotion"},{"floor":13,"key":"FearPotion"},{"floor":16,"key":"Poison Potion"},{"floor":18,"key":"FearPotion"},{"floor":22,"key":"Explosive Potion"},{"floor":24,"key":"SneckoOil"},{"floor":27,"key":"Fruit Juice"}],"is_trial":false,"path_per_floor":["M","?","?","M","?","R","E","R","T","E","M","R","M","M","R","B",null,"M","M","?","M","M","R","E","R","T","E","?","M","E","?","R","B"],"character_chosen":"IRONCLAD","items_purchased":[],"campfire_rested":2,"item_purchase_floors":[],"current_hp_per_floor":[73,50,50,56,56,56,59,59,59,41,47,47,45,49,49,35,65,60,58,58,26,10,32,36,36,36,55,55,42,34,28,52,0],"gold":315,"neow_bonus":"UPGRADE_CARD","is_prod":false,"is_daily":false,"chose_seed":false,"campfire_upgraded":5,"win_rate":0,"timestamp":1558793516,"path_taken":["M","?","?","M","?","R","E","R","T","E","M","R","?","M","R","BOSS","M","M","?","?","M","R","E","R","T","E","?","M","E","?","R","BOSS"],"build_version":"2019-01-23","purchased_purges":0,"victory":false,"max_hp_per_floor":[75,75,75,75,75,75,75,75,75,75,75,75,75,75,75,75,75,75,75,75,75,75,75,75,75,75,80,80,80,80,80,80,80],"card_choices":[{"not_picked":["Warcry","Clash"],"picked":"Iron Wave","floor":1},{"not_picked":["Dropkick","Warcry"],"picked":"Hemokinesis","floor":4},{"not_picked":["Armaments","Headbutt"],"picked":"Pummel","floor":7},{"not_picked":["Thunderclap","Searing Blow"],"picked":"Havoc","floor":10},{"not_picked":["Searing Blow","Flex"],"picked":"Headbutt","floor":11},{"not_picked":["Power Through","Headbutt"],"picked":"Disarm","floor":13},{"not_picked":["Body Slam","Headbutt"],"picked":"Shrug It Off","floor":14},{"not_picked":["Brutality","Barricade"],"picked":"Reaper","floor":16},{"not_picked":["Body Slam","Seeing Red"],"picked":"Havoc","floor":18},{"not_picked":["Thunderclap+1","Rage"],"picked":"Power Through","floor":19},{"not_picked":["Flex","Iron Wave"],"picked":"Shockwave","floor":21},{"not_picked":["Warcry","Body Slam"],"picked":"Anger","floor":22},{"not_picked":["Perfected Strike","Thunderclap","Iron Wave"],"picked":"SKIP","floor":24},{"not_picked":["Second Wind","Heavy Blade+1"],"picked":"Rupture","floor":27},{"not_picked":["Dark Embrace","Dropkick+1"],"picked":"Shrug It Off+1","floor":29},{"not_picked":["Clash","Iron Wave"],"picked":"Reaper","floor":30}],"player_experience":827566,"relics_obtained":[{"floor":7,"key":"Vajra"},{"floor":9,"key":"Happy Flower"},{"floor":10,"key":"PreservedInsect"},{"floor":24,"key":"Blue Candle"},{"floor":26,"key":"Tiny Chest"},{"floor":27,"key":"Blood Vial"},{"floor":30,"key":"Art of War"}],"event_choices":[{"damage_healed":0,"gold_gain":0,"player_choice":"Entered Light","damage_taken":23,"max_hp_gain":0,"max_hp_loss":0,"event_name":"Shining Light","floor":2,"gold_loss":0,"cards_upgraded":["Strike_R","Strike_R"]},{"cards_removed":["Strike_R"],"damage_healed":0,"gold_gain":0,"player_choice":"Forget","damage_taken":0,"max_hp_gain":0,"max_hp_loss":0,"event_name":"Living Wall","floor":3,"gold_loss":0},{"damage_healed":0,"gold_gain":50,"player_choice":"Pray","damage_taken":0,"max_hp_gain":0,"max_hp_loss":0,"event_name":"Golden Shrine","floor":5,"gold_loss":0},{"damage_healed":0,"gold_gain":0,"player_choice":"Trade","damage_taken":0,"relics_obtained":["SsserpentHead"],"max_hp_gain":0,"max_hp_loss":0,"event_name":"FaceTrader","floor":20,"gold_loss":0},{"damage_healed":0,"gold_gain":0,"player_choice":"Ignored","damage_taken":0,"max_hp_gain":0,"max_hp_loss":0,"event_name":"Ghosts","floor":28,"gold_loss":0},{"damage_healed":0,"gold_gain":0,"player_choice":"Joined the Cult","damage_taken":6,"max_hp_gain":0,"max_hp_loss":0,"event_name":"Nest","floor":31,"gold_loss":0,"cards_obtained":["RitualDagger"]}],"is_beta":false,"boss_relics":[{"not_picked":["Calling Bell","Black Blood"],"picked":"Ectoplasm"}],"items_purged_floors":[],"is_endless":false,"potions_floor_spawned":[1,4,13,14,16,18,22,24,27],"killed_by":"Collector","ascension_level":20}