{"gold_per_floor":[20,31,51,51,68,101,51,51,126,157,332,332,343,343,343,343],"floor_reached":16,"playtime":506,"items_purged":[],"score":187,"play_id":"a98e076d-3901-49d2-a008-4ba8151d6f7f","local_time":"20190503163634","is_ascension_mode":true,"campfire_choices":[{"data":"Flame Barrier","floor":8,"key":"SMITH"},{"floor":15,"key":"REST"}],"neow_cost":"NO_GOLD","seed_source_timestamp":521975558803978,"circlet_count":0,"master_deck":["AscendersBane","Strike_R","Strike_R","Strike_R","Strike_R","Defend_R","Defend_R","Defend_R","Defend_R","Bash","Flame Barrier+1","Wild Strike","Shrug It Off","Sword Boomerang","Armaments"],"relics":["Burning Blood","Peace Pipe","Ice Cream","Strawberry","Kunai","Lantern"],"potions_floor_usage":[16],"damage_taken":[{"damage":3,"enemies":"Jaw Worm","floor":1,"turns":5},{"damage":0,"enemies":"2 Louse","floor":2,"turns":2},{"damage":3,"enemies":"Small Slimes","floor":3,"turns":4},{"damage":0,"enemies":"2 Fungi Beasts","floor":5,"turns":5},{"damage":32,"enemies":"3 Sentries","floor":6,"turns":13},{"damage":40,"enemies":"Gremlin Nob","floor":10,"turns":5},{"damage":11,"enemies":"3 Louse","floor":13,"turns":4},{"damage":43,"enemies":"Hexaghost","floor":16,"turns":15}],"seed_played":"-7840360191414908133","potions_obtained":[{"floor":1,"key":"FairyPotion"},{"floor":3,"key":"GamblersBrew"}],"is_trial":false,"path_per_floor":["M","M","M","?","M","E","?","R","T","E","?","?","M","?","R","B"],"character_chosen":"IRONCLAD","items_purchased":[],"campfire_rested":1,"item_purchase_floors":[],"current_hp_per_floor":[71,75,75,68,74,55,55,55,55,21,21,21,16,9,33,0],"gold":343,"neow_bonus":"ONE_RARE_RELIC","is_prod":false,"is_daily":false,"chose_seed":false,"campfire_upgraded":1,"win_rate":0,"timestamp":1556919394,"path_taken":["M","M","M","?","M","E","?","R","T","E","?","?","M","?","R","BOSS"],"build_version":"2019-01-23","purchased_purges":0,"victory":false,"max_hp_per_floor":[75,75,75,75,75,82,82,82,82,82,82,82,82,82,82,82],"card_choices":[{"not_picked":["Shockwave","Reckless Charge"],"picked":"Flame Barrier","floor":1},{"not_picked":["Rage","Perfected Strike"],"picked":"Wild Strike","floor":2},{"not_picked":["Body Slam","Perfected Strike","Havoc"],"picked":"SKIP","floor":3},{"not_picked":["Iron Wave","Pommel Strike"],"picked":"Shrug It Off","floor":5},{"not_picked":["Cleave","Fire Breathing"],"picked":"Sword Boomerang","floor":6},{"not_picked":["Shockwave","Corruption"],"picked":"Armaments","floor":10},{"not_picked":["Rupture","Shrug It Off","Havoc"],"picked":"SKIP","floor":13}],"player_experience":367788,"relics_obtained":[{"floor":6,"key":"Strawberry"},{"floor":9,"key":"Kunai"},{"floor":10,"key":"Lantern"}],"event_choices":[{"damage_healed":0,"gold_gain":0,"player_choice":"Success","damage_taken":7,"relics_obtained":["Ice Cream"],"max_hp_gain":0,"max_hp_loss":0,"event_name":"Scrap Ooze","floor":4,"gold_loss":0},{"cards_removed":["Strike_R"],"damage_healed":0,"gold_gain":0,"player_choice":"Card Removal","damage_taken":0,"max_hp_gain":0,"max_hp_loss":0,"event_name":"The Cleric","floor":7,"gold_loss":50},{"damage_healed":0,"gold_gain":175,"player_choice":"AGREE","damage_taken":0,"max_hp_gain":0,"max_hp_loss":0,"event_name":"Liars Game","floor":11,"gold_loss":0,"cards_obtained":["Doubt"]},{"damage_healed":0,"gold_gain":0,"player_choice":"Searched \u00271\u0027 times","damage_taken":0,"max_hp_gain":0,"max_hp_loss":0,"event_name":"Dead Adventurer","floor":12,"gold_loss":0},{"cards_removed":["Doubt"],"damage_healed":0,"gold_gain":0,"player_choice":"Card Removal","damage_taken":7,"max_hp_gain":0,"max_hp_loss":0,"event_name":"Golden Wing","floor":14,"gold_loss":0}],"is_beta":false,"boss_relics":[],"items_purged_floors":[],"is_endless":false,"potions_floor_spawned":[1,3,5],"killed_by":"Hexaghost","ascension_level":14}