{"gold_per_floor":[117,131,131,131,151,151,166,166,166,21,21,36,36,36,36,133,133,151,76,76,99,110,110,138,138,168,168,178,208,208,208,208,312,312,327,327,327,340,58,58,74,74,97,115,134,134,234,234,234,234],"floor_reached":51,"playtime":2688,"items_purged":[],"score":696,"play_id":"b959099f-79b5-4dff-8cac-d1d9836be7e2","local_time":"20190517233142","is_ascension_mode":false,"campfire_choices":[{"data":"Skewer","floor":6,"key":"SMITH"},{"data":"Outmaneuver","floor":11,"key":"SMITH"},{"data":"Doppelganger","floor":13,"key":"SMITH"},{"data":"Neutralize","floor":15,"key":"SMITH"},{"data":"Adrenaline","floor":23,"key":"SMITH"},{"data":"Well Laid Plans","floor":25,"key":"SMITH"},{"data":"Flechettes","floor":27,"key":"SMITH"},{"floor":32,"key":"REST"},{"data":"Footwork","floor":40,"key":"SMITH"},{"data":"Adrenaline","floor":42,"key":"SMITH"},{"data":"Survivor","floor":46,"key":"SMITH"},{"floor":49,"key":"REST"}],"neow_cost":"NONE","seed_source_timestamp":176019160427621,"circlet_count":0,"master_deck":["Defend_G","Defend_G","Defend_G","Defend_G","Strike_G","Strike_G","Strike_G","Survivor+1","Neutralize+1","Cloak And Dagger","Well Laid Plans+1","Skewer+1","Outmaneuver+1","Doppelganger+1","Adrenaline+1","Flechettes+1","Adrenaline+1","Adrenaline+1","Prepared+1","Footwork+1"],"relics":["Ring of the Snake","WarpedTongs","Dream Catcher","Vajra","Busted Crown","Matryoshka","Juzu Bracelet","Boot","PreservedInsect","Ginger","Tiny Chest","Regal Pillow","Enchiridion","Sozu","Chemical X","Pocketwatch"],"potions_floor_usage":[],"damage_taken":[{"damage":1,"enemies":"2 Louse","floor":1,"turns":4},{"damage":3,"enemies":"Jaw Worm","floor":2,"turns":7},{"damage":5,"enemies":"Cultist","floor":5,"turns":4},{"damage":3,"enemies":"2 Fungi Beasts","floor":7,"turns":4},{"damage":0,"enemies":"Exordium Thugs","floor":12,"turns":4},{"damage":12,"enemies":"Hexaghost","floor":16,"turns":11},{"damage":2,"enemies":"3 Byrds","floor":18,"turns":5},{"damage":0,"enemies":"Spheric Guardian","floor":22,"turns":3},{"damage":9,"enemies":"Gremlin Leader","floor":24,"turns":3},{"damage":0,"enemies":"Snecko","floor":28,"turns":2},{"damage":11,"enemies":"Slavers","floor":29,"turns":5},{"damage":31,"enemies":"Collector","floor":33,"turns":8},{"damage":11,"enemies":"3 Shapes","floor":35,"turns":3},{"damage":0,"enemies":"Orb Walker","floor":38,"turns":1},{"damage":0,"enemies":"Spire Growth","floor":41,"turns":2},{"damage":0,"enemies":"Jaw Worm Horde","floor":44,"turns":3},{"damage":21,"enemies":"Transient","floor":45,"turns":5},{"damage":0,"enemies":"Mind Bloom Boss Battle","floor":47,"turns":2},{"damage":11,"enemies":"Donu and Deca","floor":50,"turns":9}],"seed_played":"-4835232146192296222","potions_obtained":[{"floor":1,"key":"Swift Potion"},{"floor":12,"key":"SteroidPotion"},{"floor":24,"key":"SkillPotion"}],"is_trial":false,"path_per_floor":["M","M","?","?","M","R","M","?","T","$","R","M","R","$","R","B",null,"M","?","?","T","M","R","E","R","T","R","M","E","?","?","R","B",null,"M","?","?","M","$","R","M","R","T","M","M","R","?","?","R","B",null],"character_chosen":"THE_SILENT","items_purchased":["Vajra","Footwork","Chemical X"],"campfire_rested":2,"item_purchase_floors":[10,39,39],"current_hp_per_floor":[69,66,66,66,61,61,58,58,58,58,58,58,58,58,58,46,70,68,68,68,68,68,68,59,59,59,59,59,48,48,32,68,37,70,59,59,59,59,59,59,59,59,59,59,38,38,38,38,70,59],"gold":234,"neow_bonus":"THREE_CARDS","is_prod":false,"is_daily":false,"chose_seed":false,"campfire_upgraded":10,"win_rate":0,"timestamp":1558161102,"path_taken":["M","M","?","?","?","R","M","?","T","?","R","?","R","$","R","BOSS","M","?","?","?","M","R","E","R","T","R","M","E","?","?","R","BOSS","M","?","?","M","$","R","M","R","T","M","M","R","?","?","R","BOSS"],"build_version":"2019-01-23","purchased_purges":0,"victory":true,"max_hp_per_floor":[70,70,70,70,70,70,70,70,70,70,70,70,70,70,70,70,70,70,70,70,70,70,70,70,70,70,70,70,70,70,70,70,70,70,70,70,70,70,70,70,70,70,70,70,70,70,70,70,70,70],"card_choices":[{"not_picked":["Choke","Dodge and Roll"],"picked":"Cloak And Dagger","floor":0},{"not_picked":["Acrobatics","Cloak And Dagger"],"picked":"Well Laid Plans","floor":1},{"not_picked":["Endless Agony","Finisher","Deflect"],"picked":"SKIP","floor":2},{"not_picked":["Dagger Throw","Distraction"],"picked":"Skewer","floor":5},{"not_picked":["Blur","Endless Agony"],"picked":"Outmaneuver","floor":7},{"not_picked":["Eviscerate","PiercingWail"],"picked":"Doppelganger","floor":12},{"not_picked":["Wraith Form v2","Night Terror"],"picked":"Adrenaline","floor":16},{"not_picked":["Deadly Poison"],"picked":"SKIP","floor":18},{"not_picked":["Underhanded Strike"],"picked":"SKIP","floor":22},{"not_picked":[],"picked":"Flechettes","floor":24},{"not_picked":["Eviscerate"],"picked":"SKIP","floor":28},{"not_picked":["Eviscerate"],"picked":"SKIP","floor":29},{"not_picked":[],"picked":"Adrenaline","floor":33},{"not_picked":["Finisher"],"picked":"SKIP","floor":35},{"not_picked":["Dagger Throw+1"],"picked":"SKIP","floor":38},{"not_picked":["Well Laid Plans"],"picked":"SKIP","floor":41},{"not_picked":["Sucker Punch+1"],"picked":"SKIP","floor":44},{"not_picked":["Dash+1"],"picked":"SKIP","floor":45}],"player_experience":135324,"relics_obtained":[{"floor":9,"key":"Dream Catcher"},{"floor":21,"key":"Juzu Bracelet"},{"floor":21,"key":"Boot"},{"floor":24,"key":"PreservedInsect"},{"floor":26,"key":"Ginger"},{"floor":26,"key":"Tiny Chest"},{"floor":29,"key":"Regal Pillow"},{"floor":31,"key":"Enchiridion"},{"floor":47,"key":"Pocketwatch"}],"event_choices":[{"damage_healed":0,"gold_gain":0,"player_choice":"Ignored","damage_taken":0,"max_hp_gain":0,"max_hp_loss":0,"event_name":"Liars Game","floor":3,"gold_loss":0},{"damage_healed":0,"gold_gain":0,"player_choice":"Rummage","damage_taken":0,"relics_obtained":["WarpedTongs"],"max_hp_gain":0,"max_hp_loss":0,"event_name":"Accursed Blacksmith","floor":4,"gold_loss":0,"cards_obtained":["Pain"]},{"cards_removed":["Pain"],"damage_healed":0,"gold_gain":0,"player_choice":"Purged","damage_taken":0,"max_hp_gain":0,"max_hp_loss":0,"event_name":"Purifier","floor":8,"gold_loss":0},{"cards_removed":["Strike_G"],"damage_healed":0,"gold_gain":0,"player_choice":"Gave Gold","damage_taken":0,"max_hp_gain":0,"max_hp_loss":0,"event_name":"Beggar","floor":19,"gold_loss":75},{"damage_healed":0,"gold_gain":0,"player_choice":"Opened","damage_taken":0,"relics_obtained":["Matryoshka"],"max_hp_gain":0,"max_hp_loss":0,"event_name":"The Mausoleum","floor":20,"gold_loss":0},{"damage_healed":0,"gold_gain":0,"player_choice":"Copied","damage_taken":0,"max_hp_gain":0,"max_hp_loss":0,"event_name":"Duplicator","floor":30,"gold_loss":0,"cards_obtained":["Adrenaline"]},{"damage_healed":0,"gold_gain":0,"player_choice":"Obtained Book","damage_taken":16,"max_hp_gain":0,"max_hp_loss":0,"event_name":"Cursed Tome","floor":31,"gold_loss":0},{"cards_removed":["Defend_G"],"damage_healed":0,"gold_gain":0,"player_choice":"Removed Skill","damage_taken":0,"max_hp_gain":0,"max_hp_loss":0,"event_name":"Falling","floor":36,"gold_loss":0},{"damage_healed":0,"gold_gain":0,"cards_transformed":["Strike_G"],"player_choice":"Transformed","damage_taken":0,"max_hp_gain":0,"max_hp_loss":0,"event_name":"Transmorgrifier","floor":37,"gold_loss":0,"cards_obtained":["Prepared"]},{"damage_healed":0,"gold_gain":0,"player_choice":"Fight","damage_taken":0,"max_hp_gain":0,"max_hp_loss":0,"event_name":"MindBloom","floor":47,"gold_loss":0},{"damage_healed":0,"gold_gain":0,"player_choice":"Upgraded","damage_taken":0,"max_hp_gain":0,"max_hp_loss":0,"event_name":"Upgrade Shrine","floor":48,"gold_loss":0,"cards_upgraded":["Prepared"]}],"is_beta":false,"boss_relics":[{"not_picked":["Astrolabe","Tiny House"],"picked":"Busted Crown"},{"not_picked":["Pandora\u0027s Box","Empty Cage"],"picked":"Sozu"}],"items_purged_floors":[],"is_endless":false,"potions_floor_spawned":[1,12,24,29,33,45,47],"ascension_level":0}