{"gold_per_floor":[110,110,285,298,298,332,332,358,358,377,388,403,419,436,436,534,534,544,1,21,120,133,133,166,166,220,92,92,126,136,136,136,136],"floor_reached":33,"playtime":2087,"items_purged":["Strike_B","Doubt"],"score":483,"play_id":"f288153c-ab11-49ac-819f-fc818121fed1","local_time":"20190312144525","is_ascension_mode":true,"campfire_choices":[{"data":"Coolheaded","floor":7,"key":"SMITH"},{"floor":15,"key":"REST"},{"data":"Apotheosis","floor":23,"key":"SMITH"},{"data":"Fission","floor":25,"key":"SMITH"},{"data":"Gash","floor":28,"key":"SMITH"},{"floor":32,"key":"REST"}],"neow_cost":"NONE","seed_source_timestamp":1773291003232714,"circlet_count":0,"master_deck":["AscendersBane","Strike_B","Strike_B","Defend_B","Defend_B","Defend_B","Defend_B","Zap+1","Dualcast","Rip and Tear","Gash+1","Coolheaded+1","Leap","Streamline","Melter","Hologram","Darkness","Steam","Fission+1","FTL+1","Cold Snap","Capacitor","Apotheosis+1","BootSequence","Steam Power+1","Coolheaded+1","Parasite","Capacitor","Skim","Go for the Eyes+1","Zap"],"relics":["Cracked Core","NeowsBlessing","Pear","Blue Candle","Oddly Smooth Stone","Cursed Key","Frozen Eye","Lantern","Smiling Mask","Vajra"],"potions_floor_usage":[16,22,24,29,29,30],"damage_taken":[{"damage":0,"enemies":"2 Louse","floor":1,"turns":1},{"damage":0,"enemies":"Cultist","floor":4,"turns":1},{"damage":0,"enemies":"Lagavulin","floor":6,"turns":1},{"damage":32,"enemies":"3 Sentries","floor":8,"turns":7},{"damage":0,"enemies":"Small Slimes","floor":10,"turns":3},{"damage":8,"enemies":"Exordium Thugs","floor":11,"turns":6},{"damage":6,"enemies":"Looter","floor":12,"turns":3},{"damage":9,"enemies":"Gremlin Gang","floor":13,"turns":5},{"damage":7,"enemies":"Blue Slaver","floor":14,"turns":3},{"damage":19,"enemies":"Slime Boss","floor":16,"turns":11},{"damage":3,"enemies":"Spheric Guardian","floor":18,"turns":3},{"damage":1,"enemies":"Shell Parasite","floor":20,"turns":4},{"damage":7,"enemies":"Shelled Parasite and Fungi","floor":22,"turns":4},{"damage":6,"enemies":"Book of Stabbing","floor":24,"turns":5},{"damage":29,"enemies":"Slavers","floor":29,"turns":5},{"damage":14,"enemies":"Cultist and Chosen","floor":30,"turns":8},{"damage":39,"enemies":"Collector","floor":33,"turns":3}],"seed_played":"6425077584543809341","potions_obtained":[{"floor":4,"key":"FearPotion"},{"floor":6,"key":"Weak Potion"},{"floor":12,"key":"LiquidBronze"},{"floor":18,"key":"FocusPotion"},{"floor":22,"key":"Block Potion"},{"floor":24,"key":"Energy Potion"}],"is_trial":false,"path_per_floor":["M","?","?","M","?","E","R","E","T","M","M","M","M","M","R","B",null,"M","$","M","?","M","R","E","R","T","$","R","E","M","?","R","B"],"character_chosen":"DEFECT","items_purchased":["Cold Snap","Capacitor","Apotheosis","Frozen Eye","Capacitor"],"campfire_rested":2,"item_purchase_floors":[19,19,19,19,27],"current_hp_per_floor":[68,61,61,61,61,71,71,39,39,39,31,25,16,9,34,15,68,65,65,64,64,57,57,51,51,51,51,51,22,8,8,33,0],"gold":136,"neow_bonus":"THREE_ENEMY_KILL","is_prod":false,"is_daily":false,"chose_seed":false,"campfire_upgraded":4,"win_rate":0,"timestamp":1552419925,"path_taken":["M","?","?","M","?","E","R","E","T","M","?","M","M","M","R","BOSS","M","$","?","?","M","R","E","R","T","?","R","E","M","?","R","BOSS"],"build_version":"2019-01-23","purchased_purges":2,"victory":false,"max_hp_per_floor":[75,75,75,75,75,85,85,85,85,85,85,85,85,85,85,85,85,85,85,85,85,85,85,85,85,85,85,85,85,85,85,85,85],"card_choices":[{"not_picked":["Cold Snap","Conserve Battery"],"picked":"Rip and Tear","floor":1},{"not_picked":["Streamline","Beam Cell"],"picked":"Gash","floor":4},{"not_picked":["Beam Cell","Thunder Strike"],"picked":"Coolheaded","floor":6},{"not_picked":["Force Field","Doom and Gloom"],"picked":"Leap","floor":8},{"not_picked":["Leap","Undo"],"picked":"Streamline","floor":10},{"not_picked":["Barrage","Leap"],"picked":"Melter","floor":11},{"not_picked":["Turbo","Rebound"],"picked":"Hologram","floor":12},{"not_picked":["Conserve Battery","Barrage"],"picked":"Darkness","floor":13},{"not_picked":["Compile Driver","Storm"],"picked":"Steam","floor":14},{"not_picked":["Hyperbeam","Amplify"],"picked":"Fission","floor":16},{"not_picked":["Barrage","Chaos"],"picked":"FTL+1","floor":18},{"not_picked":["Ball Lightning","Redo+1"],"picked":"BootSequence","floor":20},{"not_picked":["Steam+1","Melter"],"picked":"Steam Power+1","floor":22},{"not_picked":["Ball Lightning","Barrage+1"],"picked":"Coolheaded+1","floor":24},{"not_picked":["Sweeping Beam","Blizzard+1"],"picked":"Skim","floor":29},{"not_picked":["Stack","Steam"],"picked":"Go for the Eyes+1","floor":30}],"player_experience":184313,"relics_obtained":[{"floor":6,"key":"Pear"},{"floor":8,"key":"Blue Candle"},{"floor":9,"key":"Oddly Smooth Stone"},{"floor":24,"key":"Lantern"},{"floor":26,"key":"Smiling Mask"},{"floor":29,"key":"Vajra"}],"event_choices":[{"cards_removed":["Strike_B"],"damage_healed":0,"gold_gain":0,"player_choice":"Card Removal","damage_taken":7,"max_hp_gain":0,"max_hp_loss":0,"event_name":"Golden Wing","floor":2,"gold_loss":0},{"damage_healed":0,"gold_gain":175,"player_choice":"AGREE","damage_taken":0,"max_hp_gain":0,"max_hp_loss":0,"event_name":"Liars Game","floor":3,"gold_loss":0,"cards_obtained":["Doubt"]},{"damage_healed":0,"gold_gain":0,"player_choice":"Upgraded","damage_taken":0,"max_hp_gain":0,"max_hp_loss":0,"event_name":"Upgrade Shrine","floor":5,"gold_loss":0,"cards_upgraded":["Zap"]},{"damage_healed":0,"gold_gain":99,"player_choice":"Stole From Cult","damage_taken":0,"max_hp_gain":0,"max_hp_loss":0,"event_name":"Nest","floor":21,"gold_loss":0},{"damage_healed":0,"gold_gain":0,"player_choice":"1 cards matched","damage_taken":0,"max_hp_gain":0,"max_hp_loss":0,"event_name":"Match and Keep!","floor":31,"gold_loss":0,"cards_obtained":["Zap"]}],"is_beta":false,"boss_relics":[{"not_picked":["Pandora\u0027s Box","Orrery"],"picked":"Cursed Key"}],"items_purged_floors":[19,27],"is_endless":false,"potions_floor_spawned":[4,6,12,14,18,22,24],"killed_by":"Collector","ascension_level":10}