{"gold_per_floor":[115,115,139,139,162,162,203,203,203,47,2,25,25,48,48,48],"floor_reached":16,"playtime":768,"items_purged":["Defend_G"],"score":100,"play_id":"51d44cdc-32a7-4be9-91d0-76370156c0b5","local_time":"20190520014246","is_ascension_mode":false,"campfire_choices":[{"floor":6,"key":"REST"},{"floor":8,"key":"REST"},{"floor":13,"key":"REST"},{"floor":15,"key":"REST"}],"neow_cost":"PERCENT_DAMAGE","seed_source_timestamp":263651681536064,"circlet_count":0,"master_deck":["Defend_G","Defend_G","Defend_G","Defend_G","Strike_G","Strike_G","Strike_G","Strike_G","Strike_G","Survivor","Neutralize","After Image","Footwork","Noxious Fumes","Wraith Form v2","Dagger Spray","Dagger Throw","Flying Knee"],"relics":["Ring of the Snake","Golden Idol","Gremlin Horn"],"potions_floor_usage":[],"damage_taken":[{"damage":1,"enemies":"Jaw Worm","floor":1,"turns":6},{"damage":0,"enemies":"Small Slimes","floor":3,"turns":4},{"damage":3,"enemies":"Cultist","floor":5,"turns":5},{"damage":54,"enemies":"Gremlin Nob","floor":7,"turns":7},{"damage":10,"enemies":"Looter","floor":11,"turns":5},{"damage":0,"enemies":"2 Fungi Beasts","floor":12,"turns":4},{"damage":3,"enemies":"Large Slime","floor":14,"turns":6},{"damage":63,"enemies":"The Guardian","floor":16,"turns":13}],"seed_played":"-11078306798598402","potions_obtained":[{"floor":1,"key":"Ancient Potion"},{"floor":3,"key":"SmokeBomb"},{"floor":14,"key":"SpeedPotion"}],"is_trial":false,"path_per_floor":["M","?","M","?","M","R","E","R","T","$","M","M","R","M","R","B"],"character_chosen":"THE_SILENT","items_purchased":["Wraith Form v2"],"campfire_rested":4,"item_purchase_floors":[10],"current_hp_per_floor":[48,48,48,48,45,66,12,33,33,33,23,23,44,41,62,0],"gold":48,"neow_bonus":"THREE_RARE_CARDS","is_prod":false,"is_daily":false,"chose_seed":false,"campfire_upgraded":0,"win_rate":0,"timestamp":1558341766,"path_taken":["M","?","M","?","?","R","E","R","T","$","M","M","R","M","R","BOSS"],"build_version":"2019-01-23","purchased_purges":1,"victory":false,"max_hp_per_floor":[70,70,70,70,70,70,70,70,70,70,70,70,70,70,70,70],"card_choices":[{"not_picked":["Bullet Time","Adrenaline"],"picked":"After Image","floor":0},{"not_picked":["Reflex","Setup","Cloak And Dagger"],"picked":"SKIP","floor":1},{"not_picked":["Outmaneuver","Eviscerate"],"picked":"Footwork","floor":3},{"not_picked":["Choke","All Out Attack"],"picked":"Noxious Fumes","floor":5},{"not_picked":["PiercingWail","Finisher","Unload"],"picked":"SKIP","floor":7},{"not_picked":["Expertise","Calculated Gamble"],"picked":"Dagger Spray","floor":11},{"not_picked":["Cloak And Dagger","Choke"],"picked":"Dagger Throw","floor":12},{"not_picked":["Acrobatics","Accuracy"],"picked":"Flying Knee","floor":14}],"player_experience":206477,"relics_obtained":[{"floor":7,"key":"Gremlin Horn"}],"event_choices":[{"damage_healed":0,"gold_gain":0,"player_choice":"Take Wound","damage_taken":0,"relics_obtained":["Golden Idol"],"max_hp_gain":0,"max_hp_loss":0,"event_name":"Golden Idol","floor":2,"gold_loss":0,"cards_obtained":["Injury"]},{"cards_removed":["Injury"],"damage_healed":0,"gold_gain":0,"player_choice":"Removed Curses","damage_taken":0,"max_hp_gain":0,"max_hp_loss":0,"event_name":"Fountain of Cleansing","floor":4,"gold_loss":0}],"is_beta":false,"boss_relics":[],"items_purged_floors":[10],"is_endless":false,"potions_floor_spawned":[1,3,5,14],"killed_by":"The Guardian","ascension_level":0}