{"gold_per_floor":[20,40,52,52,71,104,104,114,114,114,127,127,146,160,160,261,261,275,242,255,255,34,34,34,34,34,49,59,70,87,101,101,201,201,219,119,138,149,159,159,559,559,559,192,205,233,246,246,246,246],"floor_reached":50,"playtime":3606,"items_purged":["Strike_R+1","Strike_R+1","Armaments+1"],"score":509,"play_id":"93d87440-0427-4c76-b175-dfb0d8a1d99b","local_time":"20190518032011","is_ascension_mode":false,"campfire_choices":[{"data":"Armaments","floor":7,"key":"SMITH"},{"data":"Armaments","floor":10,"key":"SMITH"},{"floor":12,"key":"REST"},{"floor":15,"key":"REST"},{"data":"Limit Break","floor":23,"key":"SMITH"},{"data":"Body Slam","floor":25,"key":"SMITH"},{"data":"Heavy Blade","floor":32,"key":"SMITH"},{"data":"Demon Form","floor":40,"key":"SMITH"},{"floor":42,"key":"RECALL"},{"floor":49,"key":"REST"}],"neow_cost":"NO_GOLD","seed_source_timestamp":188820742495086,"circlet_count":0,"master_deck":["Strike_R+1","Strike_R+1","Strike_R+1","Defend_R+1","Defend_R+1","Defend_R+1","Bash+1","Demon Form+1","Body Slam+1","True Grit","Armaments+1","Reaper","Power Through","Metallicize","Offering","Limit Break+1","Heavy Blade+1","Exhume","Rage+1","Rage","Heavy Blade"],"relics":["Burning Blood","Magic Flower","Bag of Preparation","Mark of Pain","Vajra","Mercury Hourglass","Busted Crown","Old Coin","Bottled Lightning","Dream Catcher"],"potions_floor_usage":[],"damage_taken":[{"damage":5,"enemies":"Jaw Worm","floor":1,"turns":5},{"damage":3,"enemies":"2 Louse","floor":2,"turns":5},{"damage":17,"enemies":"Cultist","floor":3,"turns":5},{"damage":14,"enemies":"3 Louse","floor":5,"turns":4},{"damage":36,"enemies":"Gremlin Nob","floor":6,"turns":5},{"damage":9,"enemies":"Blue Slaver","floor":8,"turns":5},{"damage":32,"enemies":"Gremlin Gang","floor":11,"turns":7},{"damage":11,"enemies":"2 Fungi Beasts","floor":13,"turns":5},{"damage":13,"enemies":"Exordium Thugs","floor":14,"turns":10},{"damage":47,"enemies":"Hexaghost","floor":16,"turns":14},{"damage":24,"enemies":"3 Byrds","floor":18,"turns":7},{"damage":8,"enemies":"2 Thieves","floor":19,"turns":5},{"damage":28,"enemies":"Snecko","floor":20,"turns":6},{"damage":11,"enemies":"Centurion and Healer","floor":27,"turns":7},{"damage":25,"enemies":"Chosen and Byrds","floor":28,"turns":5},{"damage":29,"enemies":"Cultist and Chosen","floor":29,"turns":6},{"damage":12,"enemies":"Snake Plant","floor":30,"turns":3},{"damage":32,"enemies":"Chosen and Byrds","floor":31,"turns":5},{"damage":28,"enemies":"Collector","floor":33,"turns":7},{"damage":6,"enemies":"3 Shapes","floor":35,"turns":4},{"damage":7,"enemies":"Orb Walker","floor":37,"turns":3},{"damage":43,"enemies":"4 Shapes","floor":38,"turns":7},{"damage":29,"enemies":"Sphere and 2 Shapes","floor":39,"turns":6},{"damage":19,"enemies":"Mind Bloom Boss Battle","floor":41,"turns":7},{"damage":13,"enemies":"Jaw Worm Horde","floor":45,"turns":6},{"damage":62,"enemies":"Reptomancer","floor":46,"turns":6},{"damage":36,"enemies":"4 Shapes","floor":47,"turns":4},{"damage":95,"enemies":"Time Eater","floor":50,"turns":7}],"seed_played":"459134304656203926","potions_obtained":[{"floor":2,"key":"SteroidPotion"},{"floor":6,"key":"Energy Potion"},{"floor":11,"key":"Explosive Potion"},{"floor":24,"key":"BloodPotion"},{"floor":30,"key":"FairyPotion"},{"floor":35,"key":"Poison Potion"}],"is_trial":false,"path_per_floor":["M","M","M","?","M","E","R","M","T","R","M","R","M","M","R","B",null,"M","M","M","?","$","R","?","R","T","M","M","M","M","M","R","B",null,"M","$","M","M","M","R","?","R","T","$","M","E","M","?","R","B"],"character_chosen":"IRONCLAD","items_purchased":["Vajra","Bottled Lightning"],"campfire_rested":3,"item_purchase_floors":[22,44],"current_hp_per_floor":[80,80,69,53,45,15,15,21,21,21,16,40,38,49,73,41,80,80,80,70,70,70,70,70,70,70,80,64,76,73,80,80,61,80,80,80,80,69,69,69,59,59,59,59,78,80,53,53,77,0],"gold":246,"neow_bonus":"THREE_RARE_CARDS","is_prod":false,"is_daily":false,"chose_seed":false,"campfire_upgraded":6,"win_rate":0,"timestamp":1558174811,"path_taken":["M","M","M","?","M","E","R","M","T","R","M","R","M","M","R","BOSS","M","M","M","?","$","R","?","R","T","M","M","?","M","M","R","BOSS","M","$","M","M","M","R","?","R","T","$","M","E","M","?","R","BOSS"],"build_version":"2019-01-23","purchased_purges":3,"victory":false,"max_hp_per_floor":[80,80,80,80,80,80,80,80,80,80,80,80,80,80,80,80,80,80,80,80,80,80,80,80,80,80,80,80,80,80,80,80,80,80,80,80,80,80,80,80,80,80,80,80,80,80,80,80,80,80],"card_choices":[{"not_picked":["Juggernaut","Double Tap"],"picked":"Demon Form","floor":0},{"not_picked":["Twin Strike","Anger"],"picked":"Body Slam","floor":1},{"not_picked":["Pummel","Metallicize"],"picked":"True Grit","floor":2},{"not_picked":["Warcry","Fire Breathing"],"picked":"Armaments","floor":3},{"not_picked":["Wild Strike","Thunderclap"],"picked":"Armaments","floor":5},{"not_picked":["Sword Boomerang","Anger"],"picked":"Reaper","floor":6},{"not_picked":["Headbutt","Perfected Strike","Anger"],"picked":"SKIP","floor":8},{"not_picked":["Armaments","Blood for Blood"],"picked":"Power Through","floor":11},{"not_picked":["Wild Strike","Perfected Strike"],"picked":"Metallicize","floor":13},{"not_picked":["Rampage","Inflame","Fire Breathing"],"picked":"SKIP","floor":14},{"not_picked":["Fiend Fire","Brutality"],"picked":"Offering","floor":16},{"not_picked":["True Grit","Havoc","Clash"],"picked":"SKIP","floor":18},{"not_picked":["Flex","Armaments"],"picked":"Limit Break","floor":19},{"not_picked":["Dual Wield+1","Thunderclap","Body Slam"],"picked":"SKIP","floor":20},{"not_picked":["Sword Boomerang+1","Intimidate+1","Entrench"],"picked":"SKIP","floor":27},{"not_picked":["Anger+1","Armaments","Reckless Charge+1"],"picked":"SKIP","floor":28},{"not_picked":["Evolve","Spot Weakness","Clash"],"picked":"SKIP","floor":29},{"not_picked":["Reckless Charge","Sentinel","Pommel Strike"],"picked":"SKIP","floor":30},{"not_picked":["Rampage","Fire Breathing"],"picked":"Heavy Blade","floor":31},{"not_picked":["Limit Break","Reaper"],"picked":"Exhume","floor":33},{"not_picked":["Shrug It Off"],"picked":"SKIP","floor":35},{"not_picked":["Armaments+1"],"picked":"SKIP","floor":37},{"not_picked":["Uppercut"],"picked":"SKIP","floor":38},{"not_picked":["Warcry"],"picked":"SKIP","floor":39},{"not_picked":[],"picked":"Rage+1","floor":45},{"not_picked":["Rage"],"picked":"SKIP","floor":46},{"not_picked":["Thunderclap+1"],"picked":"SKIP","floor":47},{"not_picked":[],"picked":"Heavy Blade","floor":49}],"player_experience":147919,"relics_obtained":[{"floor":6,"key":"Magic Flower"},{"floor":9,"key":"Bag of Preparation"},{"floor":26,"key":"Mercury Hourglass"},{"floor":41,"key":"Old Coin"},{"floor":46,"key":"Dream Catcher"}],"event_choices":[{"damage_healed":0,"gold_gain":0,"player_choice":"Entered Light","damage_taken":16,"max_hp_gain":0,"max_hp_loss":0,"event_name":"Shining Light","floor":4,"gold_loss":0,"cards_upgraded":["Defend_R","Bash"]},{"damage_healed":0,"gold_gain":0,"player_choice":"Simplicity","damage_taken":0,"max_hp_gain":0,"max_hp_loss":0,"event_name":"Back to Basics","floor":21,"gold_loss":0,"cards_upgraded":["Strike_R","Strike_R","Strike_R","Strike_R","Strike_R","Defend_R","Defend_R","Defend_R"]},{"damage_healed":0,"gold_gain":0,"player_choice":"Got Potions","damage_taken":0,"max_hp_gain":0,"max_hp_loss":0,"event_name":"Lab","floor":24,"gold_loss":0},{"damage_healed":0,"gold_gain":0,"player_choice":"Fight","damage_taken":0,"max_hp_gain":0,"max_hp_loss":0,"event_name":"MindBloom","floor":41,"gold_loss":0},{"damage_healed":0,"gold_gain":0,"cards_transformed":["Defend_R"],"player_choice":"Transformed","damage_taken":0,"max_hp_gain":0,"max_hp_loss":0,"event_name":"Transmorgrifier","floor":48,"gold_loss":0,"cards_obtained":["Rage"]}],"is_beta":false,"boss_relics":[{"not_picked":["Ectoplasm","Astrolabe"],"picked":"Mark of Pain"},{"not_picked":["Empty Cage","Coffee Dripper"],"picked":"Busted Crown"}],"items_purged_floors":[22,36,44],"is_endless":false,"potions_floor_spawned":[2,6,11,13,18,28,29,30,31,35,37,47],"killed_by":"Time Eater","ascension_level":0}