{"gold_per_floor":[209,224,224,112,112,147,147,166,166,177,177,188,203,203,203,305,305,322,332,257,257,75,108,108,118,170,170,195,145,164,192,192,290,290,307,68,80,97,18,18,37,37],"floor_reached":42,"playtime":3980,"items_purged":["Defend_R","Defend_R"],"score":458,"play_id":"97eee33a-1c34-4e62-8f36-dbbe9ee75bc0","local_time":"20190208173541","is_ascension_mode":false,"campfire_choices":[{"floor":7,"key":"REST"},{"data":"Combust","floor":11,"key":"SMITH"},{"data":"1","floor":15,"key":"LIFT"},{"data":"2","floor":24,"key":"LIFT"},{"floor":27,"key":"REST"},{"data":"3","floor":32,"key":"LIFT"},{"data":"Inflame","floor":40,"key":"SMITH"}],"neow_cost":"NONE","seed_source_timestamp":1952382888877289,"circlet_count":0,"master_deck":["Strike_R","Strike_R","Strike_R","Strike_R","Strike_R","Bash","Combust+1","Iron Wave","Fire Breathing","Searing Blow","Cleave","Clash","Blood for Blood","Reaper","Flame Barrier+1","Impervious+1","Twin Strike+1","Shrug It Off+1","Hemokinesis","Pummel+1","Battle Trance+1","Clash","Seeing Red+1","Iron Wave","Twin Strike+1","Bludgeon","Cleave+1","Bloodletting+1","Twin Strike","Inflame+1","Clash"],"relics":["Burning Blood","Girya","Centennial Puzzle","Toxic Egg 2","Philosopher\u0027s Stone","Blood Vial","Regal Pillow","Dream Catcher","Bottled Tornado","Self Forming Clay","White Beast Statue","Mummified Hand"],"potions_floor_usage":[33],"damage_taken":[{"damage":0,"enemies":"Small Slimes","floor":1,"turns":4},{"damage":6,"enemies":"2 Louse","floor":2,"turns":3},{"damage":58,"enemies":"Lagavulin","floor":6,"turns":6},{"damage":10,"enemies":"Cultist","floor":8,"turns":4},{"damage":10,"enemies":"Blue Slaver","floor":10,"turns":3},{"damage":6,"enemies":"Looter","floor":12,"turns":2},{"damage":0,"enemies":"Lots of Slimes","floor":13,"turns":1},{"damage":13,"enemies":"Slime Boss","floor":16,"turns":6},{"damage":15,"enemies":"2 Thieves","floor":18,"turns":4},{"damage":27,"enemies":"Shell Parasite","floor":19,"turns":4},{"damage":9,"enemies":"Gremlin Leader","floor":23,"turns":6},{"damage":26,"enemies":"Centurion and Healer","floor":25,"turns":3},{"damage":21,"enemies":"Book of Stabbing","floor":28,"turns":4},{"damage":26,"enemies":"Shelled Parasite and Fungi","floor":30,"turns":4},{"damage":13,"enemies":"Gremlin Leader","floor":31,"turns":4},{"damage":60,"enemies":"Champ","floor":33,"turns":8},{"damage":10,"enemies":"Orb Walker","floor":35,"turns":2},{"damage":2,"enemies":"3 Darklings","floor":37,"turns":3},{"damage":39,"enemies":"4 Shapes","floor":38,"turns":3},{"damage":47,"enemies":"Maw","floor":41,"turns":7},{"damage":0,"enemies":"Transient","floor":42,"turns":1}],"seed_played":"-2744587656710089689","potions_obtained":[{"floor":6,"key":"Dexterity Potion"},{"floor":8,"key":"Regen Potion"},{"floor":10,"key":"SpeedPotion"},{"floor":19,"key":"SmokeBomb"},{"floor":23,"key":"SkillPotion"},{"floor":25,"key":"Swift Potion"},{"floor":33,"key":"FearPotion"},{"floor":35,"key":"Energy Potion"}],"is_trial":false,"path_per_floor":["M","M","?","$","?","E","R","M","T","M","R","M","M","$","R","B",null,"M","M","?","?","$","E","R","M","T","R","E","?","M","E","R","B",null,"M","$","M","M","$","R","M","M"],"character_chosen":"IRONCLAD","items_purchased":["Fire Breathing","Hemokinesis","Mummified Hand","Inflame"],"campfire_rested":2,"item_purchase_floors":[4,22,36,39],"current_hp_per_floor":[80,80,77,77,77,25,49,45,45,41,41,41,47,47,47,45,80,71,50,50,50,50,54,54,36,36,75,62,62,44,39,39,7,80,76,76,80,47,47,47,13,15],"gold":37,"neow_bonus":"HUNDRED_GOLD","is_prod":false,"is_daily":false,"chose_seed":false,"campfire_upgraded":2,"win_rate":0.0,"timestamp":1549668941,"path_taken":["M","M","?","$","?","E","R","M","T","M","R","M","?","$","R","BOSS","M","M","?","?","$","E","R","M","T","R","E","?","M","E","R","BOSS","M","?","?","M","$","R","?","M"],"build_version":"2019-01-23","purchased_purges":2,"victory":false,"max_hp_per_floor":[80,80,80,80,80,80,80,80,80,80,80,80,80,80,80,80,80,80,80,80,80,80,80,80,80,80,80,80,80,80,80,80,80,80,80,80,80,80,80,80,80,80],"card_choices":[{"not_picked":["Pommel Strike","Clash"],"picked":"Combust","floor":1},{"not_picked":["Disarm","True Grit"],"picked":"Iron Wave","floor":2},{"not_picked":["Sword Boomerang","Clash"],"picked":"Cleave","floor":6},{"not_picked":["Bloodletting","Ghostly Armor"],"picked":"Clash","floor":8},{"not_picked":["Thunderclap","Iron Wave"],"picked":"Blood for Blood","floor":10},{"not_picked":["True Grit+1","Pommel Strike"],"picked":"Reaper","floor":12},{"not_picked":["Thunderclap","Pommel Strike"],"picked":"Flame Barrier+1","floor":13},{"not_picked":["Fiend Fire","Dark Embrace"],"picked":"Impervious+1","floor":16},{"not_picked":["Ghostly Armor+1","Armaments+1"],"picked":"Twin Strike+1","floor":18},{"not_picked":["Entrench+1","Ghostly Armor+1"],"picked":"Shrug It Off+1","floor":19},{"not_picked":["Hemokinesis+1","Ghostly Armor+1"],"picked":"Pummel+1","floor":23},{"not_picked":["Reckless Charge","Metallicize+1"],"picked":"Battle Trance+1","floor":25},{"not_picked":["Clothesline","Sword Boomerang"],"picked":"Clash","floor":27},{"not_picked":["Headbutt","Sword Boomerang"],"picked":"Seeing Red+1","floor":28},{"not_picked":["Clothesline","Juggernaut"],"picked":"Iron Wave","floor":30},{"not_picked":["Entrench+1","Iron Wave"],"picked":"Twin Strike+1","floor":31},{"not_picked":["Double Tap+1","Juggernaut"],"picked":"Bludgeon","floor":33},{"not_picked":["Pummel","Metallicize+1"],"picked":"Cleave+1","floor":35},{"not_picked":["Ghostly Armor+1","Rupture"],"picked":"Bloodletting+1","floor":37},{"not_picked":["True Grit+1","Intimidate+1"],"picked":"Twin Strike","floor":38},{"not_picked":["Inflame+1","Iron Wave+1"],"picked":"Clash","floor":41}],"player_experience":24176,"relics_obtained":[{"floor":6,"key":"Centennial Puzzle"},{"floor":9,"key":"Toxic Egg 2"},{"floor":23,"key":"Regal Pillow"},{"floor":26,"key":"Dream Catcher"},{"floor":28,"key":"Bottled Tornado"},{"floor":31,"key":"Self Forming Clay"}],"event_choices":[{"damage_healed":0,"gold_gain":0,"player_choice":"Success","damage_taken":3,"relics_obtained":["Girya"],"max_hp_gain":0,"max_hp_loss":0,"event_name":"Scrap Ooze","floor":3,"gold_loss":0},{"damage_healed":0,"gold_gain":0,"cards_transformed":["Defend_R"],"player_choice":"Transformed","damage_taken":0,"max_hp_gain":0,"max_hp_loss":0,"event_name":"Transmorgrifier","floor":5,"gold_loss":0,"cards_obtained":["Searing Blow"]},{"cards_removed":["Defend_R"],"damage_healed":0,"gold_gain":0,"player_choice":"Gave Gold","damage_taken":0,"max_hp_gain":0,"max_hp_loss":0,"event_name":"Beggar","floor":20,"gold_loss":75},{"damage_healed":0,"gold_gain":0,"player_choice":"Opened","damage_taken":0,"relics_obtained":["Blood Vial"],"max_hp_gain":0,"max_hp_loss":0,"event_name":"The Mausoleum","floor":21,"gold_loss":0},{"damage_healed":0,"gold_gain":0,"player_choice":"Bet on Owner","damage_taken":0,"max_hp_gain":0,"max_hp_loss":0,"event_name":"The Joust","floor":29,"gold_loss":50}],"is_beta":false,"boss_relics":[{"not_picked":["Astrolabe","Runic Cube"],"picked":"Philosopher\u0027s Stone"},{"not_picked":["Snecko Eye","Fusion Hammer"],"picked":"White Beast Statue"}],"items_purged_floors":[4,22],"is_endless":false,"potions_floor_spawned":[6,8,10,19,23,25,28,33,35,37,38,41],"killed_by":"Transient","ascension_level":0}