{"gold_per_floor":[116,126,143,154,170,170,197,214,238,238,238,250,307,307,307,405,405,422,81,98,98,117,152,172,172,172,185,185,219,144,161,161,265,265,285,285,296,296,316,316],"floor_reached":40,"playtime":2763,"items_purged":["Defend_R"],"score":457,"play_id":"3f506c7d-72a6-4ee3-8da0-a1c22c1b451d","local_time":"20190524150412","is_ascension_mode":false,"campfire_choices":[{"data":"Bash","floor":6,"key":"SMITH"},{"floor":11,"key":"REST"},{"data":"Perfected Strike","floor":15,"key":"SMITH"},{"data":"Pommel Strike","floor":25,"key":"SMITH"},{"floor":32,"key":"REST"}],"neow_cost":"NONE","seed_source_timestamp":0,"circlet_count":0,"master_deck":["Strike_R","Strike_R","Strike_R","Strike_R","Strike_R","Defend_R","Defend_R","Bash+1","Deep Breath","Shrug It Off","Twin Strike","Cleave","Perfected Strike+1","Warcry","Pommel Strike+1","Power Through","Uppercut","Twin Strike","Reaper","Warcry","Pommel Strike+1","Headbutt","Flex","Shrug It Off","Pommel Strike","Pommel Strike","Feed","Clash+1","Forethought","Clash+1","Carnage"],"special_seed":0,"relics":["Black Blood","Mummified Hand","Regal Pillow","Bag of Marbles","Philosopher\u0027s Stone","Sundial","Enchiridion","Happy Flower","Dodecahedron","Oddly Smooth Stone"],"potions_floor_usage":[22,23,23,29,29,29,39],"damage_taken":[{"damage":6,"enemies":"Jaw Worm","floor":1,"turns":4},{"damage":0,"enemies":"Small Slimes","floor":2,"turns":3},{"damage":4,"enemies":"2 Louse","floor":3,"turns":3},{"damage":9,"enemies":"Blue Slaver","floor":4,"turns":3},{"damage":9,"enemies":"Large Slime","floor":5,"turns":6},{"damage":44,"enemies":"Lagavulin","floor":7,"turns":7},{"damage":12,"enemies":"3 Louse","floor":8,"turns":3},{"damage":10,"enemies":"Looter","floor":12,"turns":2},{"damage":13,"enemies":"3 Sentries","floor":13,"turns":7},{"damage":41,"enemies":"Slime Boss","floor":16,"turns":13},{"damage":6,"enemies":"Spheric Guardian","floor":18,"turns":3},{"damage":11,"enemies":"Shell Parasite","floor":20,"turns":2},{"damage":13,"enemies":"Centurion and Healer","floor":22,"turns":3},{"damage":9,"enemies":"Book of Stabbing","floor":23,"turns":4},{"damage":4,"enemies":"3 Cultists","floor":24,"turns":3},{"damage":20,"enemies":"Cultist and Chosen","floor":27,"turns":3},{"damage":31,"enemies":"Slavers","floor":29,"turns":5},{"damage":7,"enemies":"Centurion and Healer","floor":31,"turns":3},{"damage":15,"enemies":"Champ","floor":33,"turns":7},{"damage":0,"enemies":"3 Shapes","floor":35,"turns":2},{"damage":37,"enemies":"3 Darklings","floor":37,"turns":5},{"damage":2,"enemies":"Spire Growth","floor":39,"turns":3},{"damage":92,"enemies":"Reptomancer","floor":40,"turns":7}],"seed_played":"-5104149858767514468","potions_obtained":[{"floor":4,"key":"Weak Potion"},{"floor":5,"key":"Strength Potion"},{"floor":7,"key":"BloodPotion"},{"floor":22,"key":"FearPotion"},{"floor":23,"key":"Weak Potion"},{"floor":24,"key":"Poison Potion"},{"floor":33,"key":"Strength Potion"},{"floor":35,"key":"SteroidPotion"},{"floor":37,"key":"SteroidPotion"},{"floor":39,"key":"Explosive Potion"}],"is_trial":false,"path_per_floor":["M","M","M","M","M","R","E","M","T","?","R","M","?","?","R","B",null,"M","$","M","?","M","E","M","R","T","M","?","E","?","M","R","B",null,"M","?","M","?","M","E"],"character_chosen":"IRONCLAD","items_purchased":["Sundial","Pommel Strike"],"campfire_rested":2,"item_purchase_floors":[19,19],"current_hp_per_floor":[80,80,80,77,74,74,36,30,30,30,69,65,58,63,63,28,85,85,85,80,64,57,60,62,62,62,48,32,22,22,21,63,62,90,90,90,63,63,71,0],"gold":316,"neow_bonus":"RANDOM_COLORLESS","is_prod":false,"is_daily":false,"chose_seed":false,"campfire_upgraded":3,"win_rate":0.0,"timestamp":1558724652,"path_taken":["M","M","M","M","M","R","E","M","T","?","R","M","?","?","R","BOSS","M","$","M","?","M","E","M","R","T","M","?","E","?","M","R","BOSS","M","?","M","?","M","E"],"build_version":"2019-01-23","purchased_purges":1,"victory":false,"max_hp_per_floor":[80,80,80,80,80,80,80,80,80,80,80,80,80,85,85,85,85,85,85,85,85,85,85,85,85,85,85,90,90,90,90,90,90,90,90,90,90,90,90,90],"card_choices":[{"not_picked":["Anger","Intimidate"],"picked":"Shrug It Off","floor":1},{"not_picked":["Blood for Blood","Armaments"],"picked":"Twin Strike","floor":2},{"not_picked":["Uppercut","Headbutt"],"picked":"Cleave","floor":3},{"not_picked":["Armaments","Reaper"],"picked":"Perfected Strike","floor":4},{"not_picked":["Dropkick","Blood for Blood"],"picked":"Warcry","floor":5},{"not_picked":["Sever Soul","Searing Blow"],"picked":"Pommel Strike","floor":7},{"not_picked":["Blood for Blood","Anger"],"picked":"Power Through","floor":8},{"not_picked":["Searing Blow","Cleave"],"picked":"Uppercut","floor":12},{"not_picked":["Headbutt","Anger"],"picked":"Twin Strike","floor":13},{"not_picked":["Berserk","Dark Embrace"],"picked":"Reaper","floor":16},{"not_picked":["Clothesline","Headbutt"],"picked":"Warcry","floor":18},{"not_picked":["Warcry","Clothesline"],"picked":"Headbutt","floor":20},{"not_picked":["Iron Wave+1","True Grit"],"picked":"Flex","floor":22},{"not_picked":["Dropkick+1","Hemokinesis"],"picked":"Shrug It Off","floor":23},{"not_picked":["Shrug It Off","Armaments"],"picked":"Pommel Strike","floor":24},{"not_picked":["Iron Wave+1","Flame Barrier"],"picked":"Pommel Strike","floor":27},{"not_picked":["Headbutt+1","Intimidate"],"picked":"Fire Breathing","floor":29},{"not_picked":["Pummel+1","Headbutt","Metallicize"],"picked":"SKIP","floor":31},{"not_picked":["Juggernaut","Reaper"],"picked":"Feed","floor":33},{"not_picked":["Perfected Strike","Headbutt"],"picked":"Clash+1","floor":35},{"not_picked":["Panache","Magnetism"],"picked":"Forethought","floor":36},{"not_picked":["Seeing Red+1","Sword Boomerang"],"picked":"Clash+1","floor":37},{"not_picked":["True Grit+1","Corruption"],"picked":"Carnage","floor":39}],"player_experience":22834,"relics_obtained":[{"floor":7,"key":"Mummified Hand"},{"floor":9,"key":"Regal Pillow"},{"floor":21,"key":"Enchiridion"},{"floor":23,"key":"Happy Flower"},{"floor":26,"key":"Dodecahedron"},{"floor":29,"key":"Oddly Smooth Stone"}],"event_choices":[{"damage_healed":0,"gold_gain":0,"player_choice":"Grow","damage_taken":0,"max_hp_gain":0,"max_hp_loss":0,"event_name":"Living Wall","floor":10,"gold_loss":0,"cards_upgraded":["Pommel Strike"]},{"damage_healed":0,"gold_gain":0,"player_choice":"Searched \u00272\u0027 times","damage_taken":0,"relics_obtained":["Bag of Marbles"],"max_hp_gain":0,"max_hp_loss":0,"event_name":"Dead Adventurer","floor":13,"gold_loss":0},{"damage_healed":0,"gold_gain":0,"player_choice":"Donut","damage_taken":0,"max_hp_gain":5,"max_hp_loss":0,"event_name":"Big Fish","floor":14,"gold_loss":0},{"damage_healed":0,"gold_gain":0,"player_choice":"Obtained Book","damage_taken":16,"max_hp_gain":0,"max_hp_loss":0,"event_name":"Cursed Tome","floor":21,"gold_loss":0},{"damage_healed":0,"gold_gain":0,"player_choice":"Shed Blood","damage_taken":21,"max_hp_gain":5,"max_hp_loss":0,"event_name":"Forgotten Altar","floor":28,"gold_loss":0},{"cards_removed":["Defend_R"],"damage_healed":0,"gold_gain":0,"player_choice":"Gave Gold","damage_taken":0,"max_hp_gain":0,"max_hp_loss":0,"event_name":"Beggar","floor":30,"gold_loss":75},{"damage_healed":0,"gold_gain":0,"player_choice":"Memory 1","damage_taken":0,"max_hp_gain":0,"max_hp_loss":0,"event_name":"SensoryStone","floor":36,"gold_loss":0},{"cards_removed":["Fire Breathing"],"damage_healed":0,"gold_gain":0,"player_choice":"Removed Power","damage_taken":0,"max_hp_gain":0,"max_hp_loss":0,"event_name":"Falling","floor":38,"gold_loss":0}],"is_beta":false,"boss_relics":[{"not_picked":["Calling Bell","Fusion Hammer"],"picked":"Philosopher\u0027s Stone"},{"not_picked":["Lizard Tail","Eternal Feather"],"picked":"Black Blood"}],"items_purged_floors":[19],"is_endless":false,"potions_floor_spawned":[4,5,7,13,22,23,24,33,35,37,39],"killed_by":"Reptomancer","ascension_level":0}