{"gold_per_floor":[109,36,36,12,24,49,124,149,201,201,219,236,254,254,254,355,355,367,11,11,11,27,60,60,93,93,93,125,136,153,164,164,266,266,284,34,134,148,23,23,40,40,40,72,82,134,134,151,151,151],"floor_reached":50,"playtime":1497,"items_purged":["Parasite","Strike_R","Strike_R"],"score":826,"play_id":"768b0c43-5be3-4893-a568-76d7ac84f835","local_time":"20190318030155","is_ascension_mode":true,"campfire_choices":[{"data":"Whirlwind","floor":15,"key":"SMITH"},{"data":"Barricade","floor":24,"key":"SMITH"},{"data":"Seeing Red","floor":27,"key":"SMITH"},{"data":"Dual Wield","floor":32,"key":"SMITH"},{"data":"Warcry","floor":40,"key":"SMITH"},{"data":"Corruption","floor":42,"key":"SMITH"},{"floor":47,"key":"REST"},{"floor":49,"key":"REST"}],"neow_cost":"NONE","seed_source_timestamp":95269439962112,"circlet_count":0,"master_deck":["Strike_R","Strike_R","Strike_R","Defend_R","Defend_R+1","Defend_R","Defend_R","Bash","Burning Pact+1","Inflame","Reaper","Perfected Strike","Whirlwind+1","Thunderclap","Demon Form","Shrug It Off","Dual Wield+1","Juggernaut","Seeing Red+1","Feel No Pain","True Grit","Offering","Metallicize","Pommel Strike+1","Barricade+1","Metallicize","Battle Trance+1","Inflame","Twin Strike+1","Bludgeon","Warcry+1","Corruption+1","Metallicize+1","Entrench+1"],"relics":["Burning Blood","NeowsBlessing","Bag of Marbles","Orichalcum","Happy Flower","War Paint","Mark of Pain","Omamori","MutagenicStrength","Ancient Tea Set","Pantograph","Mango","Bottled Flame","Philosopher\u0027s Stone","Blood Vial","Charon\u0027s Ashes","Dodecahedron","Juzu Bracelet","Smiling Mask"],"potions_floor_usage":[16,28,33,44,45,45,50],"damage_taken":[{"damage":0,"enemies":"2 Louse","floor":1,"turns":1},{"damage":0,"enemies":"Cultist","floor":5,"turns":1},{"damage":0,"enemies":"Gremlin Nob","floor":6,"turns":1},{"damage":63,"enemies":"Lagavulin","floor":8,"turns":10},{"damage":6,"enemies":"Small Slimes","floor":11,"turns":2},{"damage":5,"enemies":"Blue Slaver","floor":12,"turns":4},{"damage":23,"enemies":"Exordium Wildlife","floor":13,"turns":9},{"damage":32,"enemies":"Slime Boss","floor":16,"turns":10},{"damage":4,"enemies":"3 Byrds","floor":18,"turns":3},{"damage":10,"enemies":"Chosen","floor":22,"turns":5},{"damage":15,"enemies":"Gremlin Leader","floor":23,"turns":7},{"damage":0,"enemies":"Slavers","floor":25,"turns":1},{"damage":53,"enemies":"Book of Stabbing","floor":28,"turns":5},{"damage":33,"enemies":"Shelled Parasite and Fungi","floor":29,"turns":8},{"damage":0,"enemies":"Centurion and Healer","floor":30,"turns":1},{"damage":12,"enemies":"Cultist and Chosen","floor":31,"turns":2},{"damage":58,"enemies":"Champ","floor":33,"turns":9},{"damage":0,"enemies":"3 Shapes","floor":35,"turns":1},{"damage":37,"enemies":"Mind Bloom Boss Battle","floor":37,"turns":6},{"damage":21,"enemies":"Orb Walker","floor":38,"turns":4},{"damage":0,"enemies":"Jaw Worm Horde","floor":41,"turns":1},{"damage":41,"enemies":"Giant Head","floor":44,"turns":7},{"damage":8,"enemies":"4 Shapes","floor":45,"turns":1},{"damage":55,"enemies":"Transient","floor":48,"turns":5},{"damage":92,"enemies":"Time Eater","floor":50,"turns":7}],"seed_played":"3004149477986400765","potions_obtained":[{"floor":1,"key":"SneckoOil"},{"floor":12,"key":"GamblersBrew"},{"floor":16,"key":"Explosive Potion"},{"floor":23,"key":"Energy Potion"},{"floor":28,"key":"PowerPotion"},{"floor":30,"key":"Explosive Potion"},{"floor":33,"key":"Explosive Potion"},{"floor":37,"key":"PowerPotion"},{"floor":44,"key":"Poison Potion"}],"is_trial":false,"path_per_floor":["M","$","?","$","M","E","?","E","T","?","M","M","M","T","R","B",null,"M","$","?","?","M","E","R","E","T","R","E","M","M","M","R","B",null,"M","$","?","M","$","R","M","R","T","E","M","T","R","M","R","B"],"character_chosen":"IRONCLAD","items_purchased":["Inflame","Perfected Strike","Feel No Pain","True Grit","Omamori","Blood Vial"],"campfire_rested":2,"item_purchase_floors":[2,4,19,19,19,36],"current_hp_per_floor":[78,78,78,78,80,80,69,21,21,41,41,42,47,47,47,65,76,80,77,77,77,73,77,77,77,91,91,48,37,43,37,37,14,72,78,78,64,63,63,63,71,71,71,38,38,38,65,30,57,0],"gold":151,"neow_bonus":"THREE_ENEMY_KILL","is_prod":false,"is_daily":false,"chose_seed":false,"campfire_upgraded":6,"win_rate":0,"timestamp":1552896115,"path_taken":["M","$","?","?","M","E","?","E","T","?","?","M","M","?","R","BOSS","M","$","?","?","M","E","R","E","T","R","E","?","M","M","R","BOSS","M","$","?","M","$","R","M","R","T","E","M","?","R","M","R","BOSS"],"build_version":"2019-01-23","purchased_purges":3,"victory":false,"max_hp_per_floor":[80,80,80,80,80,80,80,80,80,80,80,80,80,80,80,80,80,80,77,77,77,77,77,77,77,91,91,91,91,91,91,91,91,91,91,91,91,91,91,91,91,91,91,91,91,91,91,91,91,91],"card_choices":[{"not_picked":["Clothesline","Heavy Blade"],"picked":"Burning Pact","floor":1},{"not_picked":["Wild Strike","Headbutt"],"picked":"Whirlwind","floor":5},{"not_picked":["Uppercut","Fire Breathing"],"picked":"Thunderclap","floor":6},{"not_picked":["Flex","Rampage"],"picked":"Demon Form","floor":8},{"not_picked":["Heavy Blade","Feel No Pain"],"picked":"Shrug It Off","floor":11},{"not_picked":["Dropkick","Entrench"],"picked":"Dual Wield","floor":12},{"not_picked":["Thunderclap","Cleave","Clothesline"],"picked":"SKIP","floor":13},{"not_picked":["Fiend Fire","Impervious"],"picked":"Juggernaut","floor":16},{"not_picked":["Perfected Strike","Havoc"],"picked":"Seeing Red","floor":18},{"not_picked":["Havoc","Anger"],"picked":"Pommel Strike+1","floor":22},{"not_picked":["Pommel Strike","Anger"],"picked":"Barricade","floor":23},{"not_picked":["Cleave+1","Headbutt"],"picked":"Metallicize","floor":25},{"not_picked":["Clash","Disarm"],"picked":"Battle Trance+1","floor":28},{"not_picked":["Havoc","Cleave"],"picked":"Inflame","floor":29},{"not_picked":["Flex","Uppercut","Iron Wave"],"picked":"SKIP","floor":30},{"not_picked":["Anger","Havoc+1"],"picked":"Twin Strike+1","floor":31},{"not_picked":["Brutality","Double Tap"],"picked":"Bludgeon","floor":33},{"not_picked":["Ghostly Armor+1","Sword Boomerang+1"],"picked":"Warcry","floor":35},{"not_picked":["Second Wind+1","Headbutt+1","Uppercut"],"picked":"SKIP","floor":38},{"not_picked":["Rupture+1","Clothesline"],"picked":"Corruption","floor":41},{"not_picked":["Headbutt+1","Perfected Strike"],"picked":"Metallicize+1","floor":44},{"not_picked":["Heavy Blade","Wild Strike+1","Flex"],"picked":"SKIP","floor":45},{"not_picked":["Warcry","Iron Wave"],"picked":"Entrench+1","floor":48}],"player_experience":218771,"relics_obtained":[{"floor":6,"key":"Bag of Marbles"},{"floor":8,"key":"Orichalcum"},{"floor":9,"key":"Happy Flower"},{"floor":14,"key":"War Paint"},{"floor":23,"key":"Ancient Tea Set"},{"floor":25,"key":"Pantograph"},{"floor":26,"key":"Mango"},{"floor":28,"key":"Bottled Flame"},{"floor":37,"key":"Charon\u0027s Ashes"},{"floor":43,"key":"Dodecahedron"},{"floor":44,"key":"Juzu Bracelet"},{"floor":46,"key":"Smiling Mask"}],"event_choices":[{"damage_healed":0,"gold_gain":0,"player_choice":"1 cards matched","damage_taken":0,"max_hp_gain":0,"max_hp_loss":0,"event_name":"Match and Keep!","floor":3,"gold_loss":0,"cards_obtained":["Reaper"]},{"damage_healed":0,"gold_gain":75,"player_choice":"Gather Gold","damage_taken":11,"max_hp_gain":0,"max_hp_loss":0,"event_name":"World of Goop","floor":7,"gold_loss":0},{"damage_healed":20,"gold_gain":0,"player_choice":"Healed and dodged fight","damage_taken":0,"max_hp_gain":0,"max_hp_loss":0,"event_name":"Mushrooms","floor":10,"gold_loss":0,"cards_obtained":["Parasite"]},{"damage_healed":0,"gold_gain":0,"player_choice":"Inject Mutagens","damage_taken":0,"relics_obtained":["MutagenicStrength"],"max_hp_gain":0,"max_hp_loss":0,"event_name":"Drug Dealer","floor":20,"gold_loss":0},{"damage_healed":0,"gold_gain":0,"player_choice":"2 cards matched","damage_taken":0,"max_hp_gain":0,"max_hp_loss":0,"event_name":"Match and Keep!","floor":21,"gold_loss":0,"cards_obtained":["Offering","Metallicize"]},{"damage_healed":0,"gold_gain":0,"player_choice":"Fight","damage_taken":0,"max_hp_gain":0,"max_hp_loss":0,"event_name":"MindBloom","floor":37,"gold_loss":0}],"is_beta":false,"boss_relics":[{"not_picked":["Busted Crown","Ectoplasm"],"picked":"Mark of Pain"},{"not_picked":["Calling Bell","Runic Cube"],"picked":"Philosopher\u0027s Stone"}],"items_purged_floors":[19,36,39],"is_endless":false,"potions_floor_spawned":[1,12,16,23,28,29,30,33,37,41,44],"killed_by":"Time Eater","ascension_level":8}