{"gold_per_floor":[118,132,132,13,27,27,52,52,52,52,52,80,80,99,99,198,198,214,214,129,145,164,164],"floor_reached":23,"playtime":571,"items_purged":[],"score":279,"play_id":"02ddb391-6691-4cf8-ab97-baacdbd4fe6c","local_time":"20190405213649","is_ascension_mode":true,"campfire_choices":[{"data":"Noxious Fumes","floor":6,"key":"SMITH"},{"floor":8,"key":"REST"},{"data":"Dagger Throw","floor":11,"key":"SMITH"},{"floor":15,"key":"REST"}],"neow_cost":"NONE","seed_source_timestamp":1718334599624534,"circlet_count":0,"master_deck":["Defend_G","Defend_G","Defend_G","Defend_G","Defend_G","Strike_G","Strike_G+1","Strike_G","Strike_G","Survivor","Neutralize","Crippling Poison+1","Dagger Throw+1","Noxious Fumes+1","Quick Slash","Deflect","Dagger Spray+1","Deadly Poison","Burst","Slice","Backflip+1","Deflect+1"],"relics":["Ring of the Serpent","NeowsBlessing","Bottled Flame","Pocketwatch","Anchor","Ancient Tea Set"],"potions_floor_usage":[],"damage_taken":[{"damage":0,"enemies":"Cultist","floor":1,"turns":1},{"damage":0,"enemies":"Jaw Worm","floor":2,"turns":1},{"damage":0,"enemies":"2 Louse","floor":5,"turns":1},{"damage":26,"enemies":"Lagavulin","floor":7,"turns":6},{"damage":25,"enemies":"Gremlin Nob","floor":12,"turns":4},{"damage":14,"enemies":"Exordium Thugs","floor":14,"turns":4},{"damage":12,"enemies":"Hexaghost","floor":16,"turns":9},{"damage":0,"enemies":"Chosen","floor":18,"turns":6},{"damage":0,"enemies":"3 Byrds","floor":21,"turns":2},{"damage":16,"enemies":"Snake Plant","floor":22,"turns":4},{"damage":31,"enemies":"Book of Stabbing","floor":23,"turns":4}],"seed_played":"3361233770387209179","potions_obtained":[{"floor":2,"key":"SpeedPotion"},{"floor":14,"key":"Swift Potion"},{"floor":16,"key":"Swift Potion"}],"is_trial":false,"path_per_floor":["M","M","?","$","M","R","E","R","T","?","R","E","?","M","R","B",null,"M","?","?","M","M","E"],"character_chosen":"THE_SILENT","items_purchased":["Noxious Fumes","Quick Slash"],"campfire_rested":2,"item_purchase_floors":[4,4],"current_hp_per_floor":[63,63,49,49,49,49,23,44,44,44,44,19,19,5,26,14,56,56,43,43,43,27,0],"gold":164,"neow_bonus":"THREE_ENEMY_KILL","is_prod":false,"is_daily":false,"chose_seed":false,"campfire_upgraded":2,"win_rate":0,"timestamp":1554518209,"path_taken":["M","M","?","$","M","R","E","R","T","?","R","E","?","?","R","BOSS","M","?","?","M","M","E"],"build_version":"2019-01-23","purchased_purges":0,"victory":false,"max_hp_per_floor":[70,70,70,70,70,70,70,70,70,70,70,70,70,70,70,70,70,70,75,75,75,75,75],"card_choices":[{"not_picked":["Poisoned Stab","Acrobatics"],"picked":"Crippling Poison","floor":1},{"not_picked":["Outmaneuver","Dodge and Roll"],"picked":"Dagger Throw","floor":2},{"not_picked":["Heel Hook","Dodge and Roll"],"picked":"Deflect","floor":5},{"not_picked":["Malaise","Backflip"],"picked":"Dagger Spray","floor":7},{"not_picked":["Doppelganger","Dagger Spray","Setup"],"picked":"SKIP","floor":12},{"not_picked":["Dodge and Roll","Quick Slash"],"picked":"Deadly Poison","floor":14},{"not_picked":["Doppelganger","Phantasmal Killer"],"picked":"Burst","floor":16},{"not_picked":["Deflect","Dagger Throw"],"picked":"Slice","floor":18},{"not_picked":["Skewer+1","Eviscerate"],"picked":"Backflip+1","floor":21},{"not_picked":["Infinite Blades","Underhanded Strike+1"],"picked":"Deflect+1","floor":22}],"player_experience":288696,"relics_obtained":[{"floor":7,"key":"Bottled Flame"},{"floor":9,"key":"Pocketwatch"},{"floor":12,"key":"Anchor"}],"event_choices":[{"damage_healed":0,"gold_gain":0,"player_choice":"Entered Light","damage_taken":14,"max_hp_gain":0,"max_hp_loss":0,"event_name":"Shining Light","floor":3,"gold_loss":0,"cards_upgraded":["Crippling Poison","Strike_G"]},{"damage_healed":0,"gold_gain":0,"player_choice":"Grow","damage_taken":0,"max_hp_gain":0,"max_hp_loss":0,"event_name":"Living Wall","floor":10,"gold_loss":0,"cards_upgraded":["Dagger Spray"]},{"cards_removed":["Strike_G"],"damage_healed":0,"gold_gain":0,"player_choice":"Offered Basic","damage_taken":0,"max_hp_gain":0,"max_hp_loss":0,"event_name":"Bonfire Elementals","floor":13,"gold_loss":0},{"damage_healed":0,"gold_gain":0,"player_choice":"Shed Blood","damage_taken":18,"max_hp_gain":5,"max_hp_loss":0,"event_name":"Forgotten Altar","floor":19,"gold_loss":0},{"damage_healed":0,"gold_gain":0,"player_choice":"Obtained Relic","damage_taken":0,"relics_obtained":["Ancient Tea Set"],"max_hp_gain":0,"max_hp_loss":0,"event_name":"Addict","floor":20,"gold_loss":85}],"is_beta":false,"boss_relics":[{"not_picked":["Ectoplasm","WristBlade"],"picked":"Ring of the Serpent"}],"items_purged_floors":[],"is_endless":false,"potions_floor_spawned":[2,14,16,18],"killed_by":"Book of Stabbing","ascension_level":8}