{"gold_per_floor":[112,128,140,415,340,365,365,77,77,77,94,45,58,72,72,72],"floor_reached":16,"playtime":784,"items_purged":["Regret","Strike_G"],"score":102,"play_id":"c90781ad-03c2-4f11-b0bd-87ce2e743bbc","local_time":"20190520015601","is_ascension_mode":false,"campfire_choices":[{"data":"Dagger Spray","floor":7,"key":"SMITH"},{"floor":10,"key":"REST"},{"floor":15,"key":"REST"}],"neow_cost":"NONE","seed_source_timestamp":264430835215722,"circlet_count":0,"master_deck":["Defend_G","Defend_G","Defend_G","Defend_G","Defend_G","Strike_G","Strike_G","Strike_G","Survivor","Neutralize","Unload","Skewer","Reflex","Dagger Spray+1","Tactician","Well Laid Plans","Backflip"],"relics":["Ring of the Snake","Bottled Flame","Bag of Preparation","Matryoshka"],"potions_floor_usage":[],"damage_taken":[{"damage":0,"enemies":"Cultist","floor":1,"turns":3},{"damage":2,"enemies":"Jaw Worm","floor":2,"turns":3},{"damage":4,"enemies":"2 Louse","floor":3,"turns":2},{"damage":43,"enemies":"Lagavulin","floor":6,"turns":8},{"damage":0,"enemies":"2 Fungi Beasts","floor":11,"turns":2},{"damage":8,"enemies":"Exordium Wildlife","floor":13,"turns":5},{"damage":0,"enemies":"Blue Slaver","floor":14,"turns":2},{"damage":58,"enemies":"Slime Boss","floor":16,"turns":9}],"seed_played":"-4056305769198583362","potions_obtained":[{"floor":1,"key":"Block Potion"},{"floor":6,"key":"Poison Potion"},{"floor":13,"key":"Regen Potion"}],"is_trial":false,"path_per_floor":["M","M","M","?","$","E","R","$","T","R","M","$","M","M","R","B"],"character_chosen":"THE_SILENT","items_purchased":["Well Laid Plans","Bag of Preparation","Backflip"],"campfire_rested":2,"item_purchase_floors":[8,8,12],"current_hp_per_floor":[70,68,64,64,64,21,21,21,21,42,42,42,34,34,55,0],"gold":72,"neow_bonus":"TRANSFORM_CARD","is_prod":false,"is_daily":false,"chose_seed":false,"campfire_upgraded":1,"win_rate":0,"timestamp":1558342561,"path_taken":["M","?","M","?","$","E","R","?","T","R","M","$","M","M","R","BOSS"],"build_version":"2019-01-23","purchased_purges":2,"victory":false,"max_hp_per_floor":[70,70,70,70,70,70,70,70,70,70,70,70,70,70,70,70],"card_choices":[{"not_picked":["Caltrops","Prepared"],"picked":"Skewer","floor":1},{"not_picked":["Outmaneuver","Leg Sweep"],"picked":"Reflex","floor":2},{"not_picked":["Catalyst","Expertise"],"picked":"Dagger Spray","floor":3},{"not_picked":["Underhanded Strike","Flechettes"],"picked":"Tactician","floor":6},{"not_picked":["Slice","Accuracy","Dodge and Roll"],"picked":"SKIP","floor":11},{"not_picked":["Expertise","Setup","Finisher"],"picked":"SKIP","floor":13},{"not_picked":["Sucker Punch","Night Terror","PiercingWail"],"picked":"SKIP","floor":14}],"player_experience":207245,"relics_obtained":[{"floor":6,"key":"Bottled Flame"},{"floor":9,"key":"Matryoshka"}],"event_choices":[{"damage_healed":0,"gold_gain":275,"player_choice":"Desecrate","damage_taken":0,"max_hp_gain":0,"max_hp_loss":0,"event_name":"Golden Shrine","floor":4,"gold_loss":0,"cards_obtained":["Regret"]}],"is_beta":false,"boss_relics":[],"items_purged_floors":[5,8],"is_endless":false,"potions_floor_spawned":[1,6,13,14],"killed_by":"Slime Boss","ascension_level":0}