{"gold_per_floor":[117,117,135,151,164,195,195,195,195,195,205,205,223,31,31,129,129,147,147,166,185,28,28,57,71,71,71],"floor_reached":27,"playtime":836,"items_purged":[],"score":306,"play_id":"d541ebb4-601f-40a3-8c35-55e7341589ef","local_time":"20190314141515","is_ascension_mode":true,"campfire_choices":[{"data":"Searing Blow","floor":7,"key":"SMITH"},{"data":"Searing Blow+1","floor":10,"key":"SMITH"},{"data":"Searing Blow+2","floor":12,"key":"SMITH"},{"floor":15,"key":"REST"},{"floor":23,"key":"REST"}],"neow_cost":"NONE","seed_source_timestamp":88752218157128,"circlet_count":0,"master_deck":["Strike_R","Strike_R","Strike_R","Strike_R","Strike_R","Defend_R+1","Defend_R","Defend_R","Defend_R+1","Bash","Sword Boomerang","Regret","Armaments+1","Searing Blow+3","Shockwave","Rupture","Hemokinesis","Seeing Red","Dark Embrace","Warcry","Immolate","Seeing Red+1","Thunderclap","Spot Weakness","Impervious","Limit Break","Corruption"],"relics":["Burning Blood","NeowsBlessing","War Paint","Du-Vu Doll","Question Card","Runic Pyramid","Bottled Flame","Molten Egg 2"],"potions_floor_usage":[6,6,18,21,24,24,25,27],"damage_taken":[{"damage":0,"enemies":"Jaw Worm","floor":1,"turns":1},{"damage":0,"enemies":"Cultist","floor":3,"turns":1},{"damage":0,"enemies":"2 Louse","floor":4,"turns":2},{"damage":21,"enemies":"Blue Slaver","floor":5,"turns":5},{"damage":33,"enemies":"Lagavulin","floor":6,"turns":9},{"damage":9,"enemies":"Looter","floor":11,"turns":2},{"damage":19,"enemies":"Large Slime","floor":13,"turns":5},{"damage":40,"enemies":"Hexaghost","floor":16,"turns":9},{"damage":31,"enemies":"Shell Parasite","floor":18,"turns":5},{"damage":32,"enemies":"2 Thieves","floor":20,"turns":4},{"damage":10,"enemies":"Shelled Parasite and Fungi","floor":21,"turns":3},{"damage":34,"enemies":"Slavers","floor":24,"turns":4},{"damage":4,"enemies":"Centurion and Healer","floor":25,"turns":4},{"damage":17,"enemies":"Snake Plant","floor":27,"turns":2}],"seed_played":"3854128759359057017","potions_obtained":[{"floor":1,"key":"Block Potion"},{"floor":5,"key":"EssenceOfSteel"},{"floor":11,"key":"FearPotion"},{"floor":13,"key":"BloodPotion"},{"floor":16,"key":"Explosive Potion"},{"floor":18,"key":"Poison Potion"},{"floor":24,"key":"SkillPotion"},{"floor":25,"key":"EssenceOfSteel"}],"is_trial":false,"path_per_floor":["M","?","M","M","M","E","R","?","T","R","M","R","M","$","R","B",null,"M","?","M","M","$","R","E","M","T","M"],"character_chosen":"IRONCLAD","items_purchased":["Dark Embrace","Warcry","Impervious"],"campfire_rested":2,"item_purchase_floors":[14,14,22],"current_hp_per_floor":[78,78,80,80,65,38,38,38,38,38,35,35,22,22,46,12,63,46,46,20,16,16,40,12,14,14,0],"gold":71,"neow_bonus":"THREE_ENEMY_KILL","is_prod":false,"is_daily":false,"chose_seed":false,"campfire_upgraded":3,"win_rate":0,"timestamp":1552590915,"path_taken":["M","?","M","M","M","E","R","?","T","R","?","R","M","$","R","BOSS","M","?","M","M","$","R","E","M","T","M"],"build_version":"2019-01-23","purchased_purges":0,"victory":false,"max_hp_per_floor":[80,80,80,80,80,80,80,80,80,80,80,80,80,80,80,80,80,80,80,80,80,80,80,80,80,80,80],"card_choices":[{"not_picked":["Intimidate","Armaments"],"picked":"Sword Boomerang","floor":1},{"not_picked":["Pommel Strike","Ghostly Armor"],"picked":"Armaments","floor":3},{"not_picked":["Battle Trance","Havoc"],"picked":"Searing Blow","floor":4},{"not_picked":["Evolve","Sever Soul"],"picked":"Shockwave","floor":5},{"not_picked":["Perfected Strike","Anger"],"picked":"Rupture","floor":6},{"not_picked":["Pummel","Wild Strike","Sword Boomerang"],"picked":"Hemokinesis","floor":11},{"not_picked":["Perfected Strike","Rage","Flex"],"picked":"Seeing Red","floor":13},{"not_picked":["Juggernaut","Fiend Fire","Reaper"],"picked":"Immolate","floor":16},{"not_picked":["Headbutt","Perfected Strike","Warcry"],"picked":"Seeing Red+1","floor":18},{"not_picked":["Uppercut","Body Slam+1","Power Through"],"picked":"Thunderclap","floor":20},{"not_picked":["Clash","Thunderclap","Havoc"],"picked":"Spot Weakness","floor":21},{"not_picked":["Iron Wave","Clash","Infernal Blade+1"],"picked":"Limit Break","floor":24},{"not_picked":["Thunderclap","Bloodletting+1","Cleave"],"picked":"Corruption","floor":25}],"player_experience":205709,"relics_obtained":[{"floor":6,"key":"Du-Vu Doll"},{"floor":9,"key":"Question Card"},{"floor":24,"key":"Bottled Flame"},{"floor":26,"key":"Molten Egg 2"}],"event_choices":[{"damage_healed":0,"gold_gain":0,"player_choice":"Box","damage_taken":0,"relics_obtained":["War Paint"],"max_hp_gain":0,"max_hp_loss":0,"event_name":"Big Fish","floor":2,"gold_loss":0,"cards_obtained":["Regret"]},{"damage_healed":0,"gold_gain":0,"player_choice":"Upgraded","damage_taken":0,"max_hp_gain":0,"max_hp_loss":0,"event_name":"Upgrade Shrine","floor":8,"gold_loss":0,"cards_upgraded":["Armaments"]},{"damage_healed":0,"gold_gain":0,"player_choice":"Ignored","damage_taken":0,"max_hp_gain":0,"max_hp_loss":0,"event_name":"Vampires","floor":19,"gold_loss":0}],"is_beta":false,"boss_relics":[{"not_picked":["Eternal Feather","Lizard Tail"],"picked":"Runic Pyramid"}],"items_purged_floors":[],"is_endless":false,"potions_floor_spawned":[1,5,11,13,16,18,24,25],"killed_by":"Snake Plant","ascension_level":6}