{"gold_per_floor":[116,126,138,88,88,88,37,73,73,73,97,22,63,63,63,184,184,202,301,320,336,350,363,363,9,9,27,27,27,52,77,77,206,206,225,246,269,38,38,38],"floor_reached":40,"playtime":2575,"items_purged":["Injury","Tactician"],"score":475,"play_id":"2e847cac-3881-4632-8b4c-a0236b8fc887","local_time":"20190526143136","is_ascension_mode":false,"campfire_choices":[{"data":"Dash","floor":6.0,"key":"SMITH"},{"data":"Dagger Throw","floor":10.0,"key":"SMITH"},{"floor":15.0,"key":"REST"},{"data":"Backflip","floor":24.0,"key":"SMITH"},{"data":"Glass Knife","floor":29.0,"key":"SMITH"},{"floor":32.0,"key":"REST"}],"neow_cost":"NONE","seed_source_timestamp":0,"circlet_count":0,"master_deck":["Survivor+1","Neutralize","Dash+1","Quick Slash","Dagger Throw+1","Predator","Glass Knife+1","PiercingWail","Dodge and Roll","After Image","Footwork","Noxious Fumes","Storm of Steel","Night Terror","Corpse Explosion","Backflip+1","Dodge and Roll+1","Flying Knee+1","Predator+1","Skewer+1","Bite+1","Bite+1","Bite+1","Bite+1","Bite+1","Backflip","Crippling Poison","Phantasmal Killer","Flechettes+1","Dodge and Roll","Phantasmal Killer","Crippling Poison+1","PiercingWail","Dodge and Roll","Outmaneuver","Backflip+1","Dash+1","Die Die Die+1"],"special_seed":0,"relics":["Velvet Choker","Golden Idol","Mummified Hand","Kunai","Regal Pillow","Pandora\u0027s Box","Ninja Scroll","Molten Egg 2","Orrery","GremlinMask"],"potions_floor_usage":[],"damage_taken":[{"damage":2.0,"enemies":"2 Louse","floor":1.0,"turns":4.0},{"damage":0.0,"enemies":"Jaw Worm","floor":2.0,"turns":3.0},{"damage":0.0,"enemies":"Small Slimes","floor":3.0,"turns":3.0},{"damage":22.0,"enemies":"3 Sentries","floor":8.0,"turns":10.0},{"damage":0.0,"enemies":"Red Slaver","floor":11.0,"turns":3.0},{"damage":2.0,"enemies":"Gremlin Nob","floor":13.0,"turns":3.0},{"damage":39.0,"enemies":"The Guardian","floor":16.0,"turns":11.0},{"damage":20.0,"enemies":"2 Thieves","floor":18.0,"turns":2.0},{"damage":0.0,"enemies":"Chosen","floor":20.0,"turns":4.0},{"damage":0.0,"enemies":"Sentry and Sphere","floor":21.0,"turns":7.0},{"damage":12.0,"enemies":"Centurion and Healer","floor":22.0,"turns":5.0},{"damage":0.0,"enemies":"Snake Plant","floor":23.0,"turns":4.0},{"damage":2.0,"enemies":"Snecko","floor":27.0,"turns":4.0},{"damage":9.0,"enemies":"Centurion and Healer","floor":30.0,"turns":4.0},{"damage":0.0,"enemies":"Snake Plant","floor":31.0,"turns":4.0},{"damage":25.0,"enemies":"Champ","floor":33.0,"turns":13.0},{"damage":6,"enemies":"3 Shapes","floor":35,"turns":4},{"damage":0,"enemies":"3 Darklings","floor":36,"turns":5},{"damage":16,"enemies":"Sphere and 2 Shapes","floor":37,"turns":4},{"damage":78,"enemies":"Giant Head","floor":40,"turns":8}],"seed_played":"-3610764095822071112","potions_obtained":[{"floor":1.0,"key":"PowerPotion"},{"floor":13.0,"key":"PowerPotion"},{"floor":16.0,"key":"Weak Potion"}],"is_trial":false,"path_per_floor":["M","M","M","?","?","R","$","E","T","R","M","$","E","?","R","B",null,"M","?","M","M","M","M","R","$","T","M","?","R","M","M","R","B",null,"M","M","M","$","?","E"],"character_chosen":"THE_SILENT","items_purchased":["Quick Slash","Ninja Scroll","Dash+1","Die Die Die+1"],"campfire_rested":2,"item_purchase_floors":[7,25,38,38],"current_hp_per_floor":[68,68,68,68,68,68,68,46,46,46,46,46,44,30,66,27,70,50,50,50,50,38,38,38,38,38,36,36,36,36,36,49,40,49,46,49,36,36,36,0],"gold":38,"neow_bonus":"BOSS_RELIC","is_prod":false,"is_daily":false,"chose_seed":false,"campfire_upgraded":4,"win_rate":0,"timestamp":1558906296,"path_taken":["M","M","M","?","?","R","$","E","T","R","M","?","E","?","R","BOSS","M","?","M","M","M","M","R","$","T","M","?","R","M","M","R","BOSS","M","M","M","$","?","E"],"build_version":"2019-01-23","purchased_purges":2,"victory":false,"max_hp_per_floor":[70,70,70,70,70,70,70,70,70,70,70,70,70,70,70,70,70,70,70,70,70,70,70,70,70,70,70,49,49,49,49,49,49,49,49,49,49,49,49,49],"card_choices":[{"not_picked":["Blade Dance","Dodge and Roll"],"picked":"Dash","floor":1.0},{"not_picked":["Prepared","Deflect","Dodge and Roll"],"picked":"SKIP","floor":2.0},{"not_picked":["PiercingWail","Slice","Deflect"],"picked":"SKIP","floor":3.0},{"not_picked":["Slice","Acrobatics"],"picked":"Dagger Throw","floor":8.0},{"not_picked":["Expertise","Underhanded Strike"],"picked":"Predator","floor":11.0},{"not_picked":["Tactician","Prepared","Dodge and Roll"],"picked":"SKIP","floor":13.0},{"not_picked":["After Image","Die Die Die"],"picked":"Glass Knife","floor":16.0},{"not_picked":["Accuracy","PiercingWail"],"picked":"Backflip","floor":18.0},{"not_picked":["PiercingWail+1","Prepared"],"picked":"Dodge and Roll+1","floor":20.0},{"not_picked":["Well Laid Plans","Slice"],"picked":"Flying Knee+1","floor":21.0},{"not_picked":["Acrobatics","Infinite Blades+1"],"picked":"Predator+1","floor":22.0},{"not_picked":["Catalyst","Escape Plan"],"picked":"Skewer+1","floor":23.0},{"not_picked":["Blade Dance","Setup","Deadly Poison"],"picked":"SKIP","floor":27.0},{"not_picked":["A Thousand Cuts","Acrobatics+1"],"picked":"Backflip","floor":30.0},{"not_picked":["Backflip","Blur"],"picked":"Crippling Poison","floor":31.0},{"not_picked":["Corpse Explosion","After Image"],"picked":"Phantasmal Killer","floor":33.0},{"not_picked":["Accuracy","Poisoned Stab+1"],"picked":"Flechettes+1","floor":34},{"not_picked":["Masterful Stab+1","Flying Knee+1"],"picked":"Dodge and Roll","floor":34},{"not_picked":["Backflip","Deflect+1"],"picked":"Phantasmal Killer","floor":34},{"not_picked":["Underhanded Strike+1","Bane+1"],"picked":"Crippling Poison+1","floor":34},{"not_picked":["Deflect","Underhanded Strike+1"],"picked":"PiercingWail","floor":34},{"not_picked":["Footwork","Prepared"],"picked":"Dodge and Roll","floor":35},{"not_picked":["Poisoned Stab+1","Grand Finale+1"],"picked":"Outmaneuver","floor":36},{"not_picked":["Quick Slash+1","Poisoned Stab+1"],"picked":"Backflip+1","floor":37}],"player_experience":326018,"relics_obtained":[{"floor":8.0,"key":"Mummified Hand"},{"floor":9.0,"key":"Kunai"},{"floor":13.0,"key":"Regal Pillow"},{"floor":26.0,"key":"Molten Egg 2"}],"event_choices":[{"cards_removed":["Strike_G"],"damage_healed":0.0,"max_hp_gain":0.0,"max_hp_loss":0.0,"gold_gain":0.0,"event_name":"The Cleric","player_choice":"Card Removal","floor":4.0,"gold_loss":50.0,"damage_taken":0.0},{"damage_healed":0.0,"max_hp_gain":0.0,"max_hp_loss":0.0,"gold_gain":0.0,"event_name":"Golden Idol","player_choice":"Take Wound","floor":5.0,"gold_loss":0.0,"damage_taken":0.0,"relics_obtained":["Golden Idol"],"cards_obtained":["Injury"]},{"damage_healed":0.0,"max_hp_gain":0.0,"max_hp_loss":0.0,"gold_gain":0.0,"event_name":"Shining Light","player_choice":"Entered Light","floor":14.0,"gold_loss":0.0,"damage_taken":14.0,"cards_upgraded":["Survivor","Defend_G"]},{"damage_healed":0.0,"max_hp_gain":0.0,"max_hp_loss":0.0,"gold_gain":99.0,"event_name":"Nest","player_choice":"Stole From Cult","floor":19.0,"gold_loss":0.0,"damage_taken":0.0},{"damage_healed":0.0,"max_hp_gain":0.0,"max_hp_loss":21.0,"gold_gain":0.0,"event_name":"Vampires","player_choice":"Became a vampire","floor":28.0,"gold_loss":0.0,"damage_taken":0.0,"cards_obtained":["Bite","Bite","Bite","Bite","Bite"]},{"damage_healed":0,"gold_gain":0,"player_choice":"Trade","damage_taken":0,"relics_obtained":["GremlinMask"],"max_hp_gain":0,"max_hp_loss":0,"event_name":"FaceTrader","floor":39,"gold_loss":0}],"is_beta":false,"boss_relics":[{"not_picked":["Tiny House","Lizard Tail"],"picked":"Pandora\u0027s Box"},{"not_picked":["WristBlade","Fusion Hammer"],"picked":"Orrery"}],"items_purged_floors":[12,25],"is_endless":false,"potions_floor_spawned":[1,13,16,20,21,23,30,36],"killed_by":"Giant Head","ascension_level":0}