{"gold_per_floor":[114,39,39,39,52,79,79,97,97,110,128,159,159,159,159,260,260,271,271,186,201,11,37,37,37],"floor_reached":25,"playtime":874,"items_purged":[],"score":267,"play_id":"0e610fc6-39be-4396-b623-835c0b264313","local_time":"20190412180315","is_ascension_mode":true,"campfire_choices":[{"data":"Spot Weakness","floor":7,"key":"SMITH"},{"data":"Twin Strike","floor":13,"key":"SMITH"},{"data":"Shrug It Off","floor":15,"key":"SMITH"},{"data":"Heavy Blade","floor":24,"key":"SMITH"}],"neow_cost":"NONE","seed_source_timestamp":97318445793583,"circlet_count":0,"master_deck":["Strike_R","Strike_R","Strike_R","Defend_R","Defend_R","Defend_R","Defend_R","Bash","Shrug It Off+1","Spot Weakness+1","Thunderclap","Whirlwind","Dropkick","Twin Strike+1","Flex","Cleave","Dark Embrace","Heavy Blade+1","Thunderclap"],"relics":["Burning Blood","NeowsBlessing","Unceasing Top","Letter Opener","Ornamental Fan","Black Star","Sundial","Sling","Bag of Preparation","Paper Frog"],"potions_floor_usage":[10,16,21,23,23,25],"damage_taken":[{"damage":0,"enemies":"Cultist","floor":1,"turns":1},{"damage":0,"enemies":"2 Louse","floor":5,"turns":1},{"damage":0,"enemies":"3 Sentries","floor":6,"turns":1},{"damage":3,"enemies":"Jaw Worm","floor":8,"turns":3},{"damage":7,"enemies":"Blue Slaver","floor":10,"turns":3},{"damage":6,"enemies":"2 Fungi Beasts","floor":11,"turns":2},{"damage":26,"enemies":"Lagavulin","floor":12,"turns":5},{"damage":39,"enemies":"The Guardian","floor":16,"turns":8},{"damage":10,"enemies":"Chosen","floor":18,"turns":3},{"damage":24,"enemies":"2 Thieves","floor":21,"turns":3},{"damage":38,"enemies":"Slavers","floor":23,"turns":4},{"damage":29,"enemies":"Gremlin Leader","floor":25,"turns":3}],"seed_played":"-3007208945759875029","potions_obtained":[{"floor":5,"key":"Energy Potion"},{"floor":10,"key":"SkillPotion"},{"floor":11,"key":"Explosive Potion"},{"floor":12,"key":"Fire Potion"},{"floor":21,"key":"EssenceOfSteel"},{"floor":23,"key":"Explosive Potion"}],"is_trial":false,"path_per_floor":["M","$","?","$","M","E","R","M","T","M","M","E","R","?","R","B",null,"M","?","?","M","$","E","R","E"],"character_chosen":"IRONCLAD","items_purchased":["Spot Weakness","Sling"],"campfire_rested":0,"item_purchase_floors":[2,22],"current_hp_per_floor":[80,80,80,80,80,80,80,80,80,79,79,59,59,59,59,26,80,76,76,76,58,58,26,26,0],"gold":37,"neow_bonus":"THREE_ENEMY_KILL","is_prod":false,"is_daily":false,"chose_seed":false,"campfire_upgraded":4,"win_rate":0,"timestamp":1555113795,"path_taken":["M","$","?","$","M","E","R","?","T","M","M","E","R","?","R","BOSS","M","?","?","M","?","E","R","E"],"build_version":"2019-01-23","purchased_purges":0,"victory":false,"max_hp_per_floor":[80,80,80,80,80,80,80,80,80,80,80,80,80,80,80,80,80,80,80,80,80,80,80,80,80],"card_choices":[{"not_picked":["Rupture","Iron Wave"],"picked":"Shrug It Off","floor":1},{"not_picked":["Havoc","Thunderclap"],"picked":"Whirlwind","floor":5},{"not_picked":["Warcry","Reckless Charge"],"picked":"Dropkick","floor":6},{"not_picked":["Fire Breathing","Blood for Blood"],"picked":"Twin Strike","floor":8},{"not_picked":["Sentinel","Reckless Charge","Feel No Pain"],"picked":"SKIP","floor":10},{"not_picked":["Clash","Warcry"],"picked":"Flex","floor":11},{"not_picked":["Fiend Fire","Infernal Blade"],"picked":"Cleave","floor":12},{"not_picked":["Entrench","Rupture","Flex"],"picked":"SKIP","floor":18},{"not_picked":["Body Slam","Anger"],"picked":"Heavy Blade","floor":21},{"not_picked":["Combust+1","Headbutt"],"picked":"Thunderclap","floor":23}],"player_experience":125684,"relics_obtained":[{"floor":6,"key":"Unceasing Top"},{"floor":9,"key":"Letter Opener"},{"floor":12,"key":"Ornamental Fan"},{"floor":23,"key":"Bag of Preparation"},{"floor":23,"key":"Paper Frog"}],"event_choices":[{"damage_healed":0,"gold_gain":0,"cards_transformed":["Strike_R"],"player_choice":"Transformed","damage_taken":0,"max_hp_gain":0,"max_hp_loss":0,"event_name":"Transmorgrifier","floor":3,"gold_loss":0,"cards_obtained":["Thunderclap"]},{"damage_healed":0,"gold_gain":0,"cards_transformed":["Strike_R"],"player_choice":"Change","damage_taken":0,"max_hp_gain":0,"max_hp_loss":0,"event_name":"Living Wall","floor":14,"gold_loss":0,"cards_obtained":["Dark Embrace"]},{"damage_healed":0,"gold_gain":0,"player_choice":"Ignored","damage_taken":0,"max_hp_gain":0,"max_hp_loss":0,"event_name":"Beggar","floor":19,"gold_loss":0},{"damage_healed":0,"gold_gain":0,"player_choice":"Obtained Relic","damage_taken":0,"relics_obtained":["Sundial"],"max_hp_gain":0,"max_hp_loss":0,"event_name":"Addict","floor":20,"gold_loss":85}],"is_beta":false,"boss_relics":[{"not_picked":["Busted Crown","Snecko Eye"],"picked":"Black Star"}],"items_purged_floors":[],"is_endless":false,"potions_floor_spawned":[5,10,11,12,21,23],"killed_by":"Gremlin Leader","ascension_level":1}