{"gold_per_floor":[99,99,113,127,139,166,182,216,216,216,216],"floor_reached":11,"playtime":999,"items_purged":[],"score":119,"play_id":"0ae69b5f-383e-4896-861c-fca9a27b4afb","local_time":"20190528001439","is_ascension_mode":true,"campfire_choices":[{"data":"Havoc","floor":10,"key":"SMITH"}],"neow_cost":"NONE","seed_source_timestamp":304175486754975,"circlet_count":0,"master_deck":["Strike_R","Strike_R","Strike_R","Strike_R","Strike_R","Defend_R","Defend_R","Defend_R","Defend_R","Bash","Headbutt","Havoc+1","Exhume","Shrug It Off","Pommel Strike","Rampage","Twin Strike"],"relics":["Burning Blood","NeowsBlessing","FossilizedHelix","Ancient Tea Set","Pantograph"],"potions_floor_usage":[6,6,7,7,8],"damage_taken":[{"damage":0,"enemies":"Small Slimes","floor":1,"turns":1},{"damage":0,"enemies":"Cultist","floor":3,"turns":1},{"damage":0,"enemies":"Jaw Worm","floor":4,"turns":1},{"damage":50,"enemies":"Exordium Thugs","floor":5,"turns":7},{"damage":22,"enemies":"3 Sentries","floor":6,"turns":7},{"damage":15,"enemies":"Large Slime","floor":7,"turns":8},{"damage":7,"enemies":"Lagavulin","floor":8,"turns":6},{"damage":11,"enemies":"Exordium Wildlife","floor":11,"turns":4}],"seed_played":"-6738630825310182421","potions_obtained":[{"floor":2,"key":"SkillPotion"},{"floor":2,"key":"Fire Potion"},{"floor":2,"key":"Explosive Potion"},{"floor":6,"key":"Explosive Potion"},{"floor":7,"key":"Fire Potion"},{"floor":8,"key":"Explosive Potion"}],"is_trial":false,"path_per_floor":["M","?","M","M","M","E","M","E","T","R","M"],"character_chosen":"IRONCLAD","items_purchased":[],"campfire_rested":0,"item_purchase_floors":[],"current_hp_per_floor":[78,78,80,80,36,20,11,10,10,10,0],"gold":216,"neow_bonus":"THREE_ENEMY_KILL","is_prod":false,"is_daily":false,"chose_seed":false,"campfire_upgraded":1,"win_rate":0,"timestamp":1559016879,"path_taken":["M","?","M","?","M","E","M","E","T","R","M"],"build_version":"2019-01-23","purchased_purges":0,"victory":false,"max_hp_per_floor":[80,80,80,80,80,80,80,80,80,80,80],"card_choices":[{"not_picked":["Iron Wave","Dropkick"],"picked":"Headbutt","floor":1},{"not_picked":["Feel No Pain","Headbutt"],"picked":"Havoc","floor":3},{"not_picked":["Power Through","Metallicize"],"picked":"Exhume","floor":4},{"not_picked":["Twin Strike","Feel No Pain"],"picked":"Shrug It Off","floor":5},{"not_picked":["Body Slam","Cleave"],"picked":"Pommel Strike","floor":6},{"not_picked":["Thunderclap","Armaments"],"picked":"Rampage","floor":7},{"not_picked":["Rupture","Berserk"],"picked":"Twin Strike","floor":8}],"player_experience":166356,"relics_obtained":[{"floor":6,"key":"FossilizedHelix"},{"floor":8,"key":"Ancient Tea Set"},{"floor":9,"key":"Pantograph"}],"event_choices":[{"damage_healed":0,"gold_gain":0,"player_choice":"Got Potions","damage_taken":0,"max_hp_gain":0,"max_hp_loss":0,"event_name":"Lab","floor":2,"gold_loss":0}],"is_beta":false,"boss_relics":[],"items_purged_floors":[],"is_endless":false,"potions_floor_spawned":[3,6,7,8],"killed_by":"Exordium Wildlife","ascension_level":8}