{"gold_per_floor":[116,130,130,206,481,481,522,522,522,537,577,601,637,637,637,767,767,788,221,236,252,252,252,293,293],"floor_reached":25,"playtime":868,"items_purged":["Regret"],"score":314,"play_id":"c23961ad-a188-454b-9b52-5beb596a662d","local_time":"20190210173748","is_ascension_mode":false,"campfire_choices":[{"data":"Twin Strike","floor":6,"key":"SMITH"},{"data":"Demon Form","floor":8,"key":"SMITH"},{"floor":15,"key":"REST"},{"floor":23,"key":"REST"}],"neow_cost":"NONE","seed_source_timestamp":2128424229478553,"circlet_count":0,"master_deck":["Strike_R","Strike_R","Strike_R","Strike_R","Strike_R","Defend_R","Defend_R","Defend_R","Bash","Perfected Strike","Twin Strike+1","Demon Form+1","Cleave","Blood for Blood","Bloodletting","Thunderclap","Strike_B","Limit Break","Heavy Blade","Demon Form+1","Anger","Twin Strike","Clash","Sever Soul"],"relics":["Black Blood","NeowsBlessing","Golden Idol","Paper Frog","Bag of Marbles","Mercury Hourglass","Bottled Tornado","Omamori","Incense Burner","DollysMirror","Lantern"],"potions_floor_usage":[16,18,21,24,25],"damage_taken":[{"damage":0,"enemies":"Jaw Worm","floor":1,"turns":1},{"damage":0,"enemies":"Small Slimes","floor":2,"turns":1},{"damage":3,"enemies":"3 Sentries","floor":7,"turns":2},{"damage":0,"enemies":"Cultist","floor":10,"turns":1},{"damage":16,"enemies":"Gremlin Nob","floor":11,"turns":3},{"damage":19,"enemies":"Looter","floor":12,"turns":3},{"damage":28,"enemies":"Lagavulin","floor":13,"turns":5},{"damage":7,"enemies":"Slime Boss","floor":16,"turns":4},{"damage":41,"enemies":"3 Byrds","floor":18,"turns":4},{"damage":30,"enemies":"Spheric Guardian","floor":20,"turns":4},{"damage":19,"enemies":"Snake Plant","floor":21,"turns":3},{"damage":53,"enemies":"Slavers","floor":24,"turns":4},{"damage":13,"enemies":"Snecko","floor":25,"turns":3}],"seed_played":"-8486958871036010250","potions_obtained":[{"floor":1,"key":"SteroidPotion"},{"floor":10,"key":"Swift Potion"},{"floor":11,"key":"Fruit Juice"},{"floor":16,"key":"BloodPotion"},{"floor":18,"key":"Explosive Potion"},{"floor":24,"key":"Dexterity Potion"}],"is_trial":false,"path_per_floor":["M","M","?","T","?","R","E","R","T","M","E","M","E","?","R","B",null,"M","$","M","M","?","R","E","M"],"character_chosen":"IRONCLAD","items_purchased":["Incense Burner","DollysMirror"],"campfire_rested":2,"item_purchase_floors":[19,19],"current_hp_per_floor":[80,80,60,60,60,60,63,63,63,69,59,46,24,24,48,52,85,62,62,42,33,33,58,15,2],"gold":293,"neow_bonus":"THREE_ENEMY_KILL","is_prod":false,"is_daily":false,"chose_seed":false,"campfire_upgraded":2,"win_rate":0.0,"timestamp":1549841868,"path_taken":["M","M","?","?","?","R","E","R","T","?","E","M","E","?","R","BOSS","M","$","M","?","?","R","E","M"],"build_version":"2019-01-23","purchased_purges":1,"victory":false,"max_hp_per_floor":[80,80,80,80,80,80,80,80,80,80,80,80,80,80,80,85,85,85,85,85,85,85,85,85,85],"card_choices":[{"not_picked":["Feel No Pain","Armaments"],"picked":"Perfected Strike","floor":1},{"not_picked":["Pummel","Dropkick"],"picked":"Twin Strike","floor":2},{"not_picked":["Second Wind","Anger"],"picked":"Demon Form","floor":7},{"not_picked":["Shrug It Off","Iron Wave"],"picked":"Cleave","floor":10},{"not_picked":["Inflame","Battle Trance"],"picked":"Blood for Blood","floor":11},{"not_picked":["Iron Wave","Clash"],"picked":"Bloodletting","floor":12},{"not_picked":["Berserk","Clothesline"],"picked":"Thunderclap","floor":13},{"not_picked":["Dark Embrace","Feed"],"picked":"Limit Break","floor":16},{"not_picked":["Sword Boomerang","Infernal Blade"],"picked":"Heavy Blade","floor":18},{"not_picked":["Inflame","Intimidate"],"picked":"Anger","floor":20},{"not_picked":["Power Through+1","Shockwave"],"picked":"Twin Strike","floor":21},{"not_picked":["Bloodletting","Thunderclap"],"picked":"Sever Soul","floor":24}],"player_experience":29520,"relics_obtained":[{"floor":4,"key":"Paper Frog"},{"floor":7,"key":"Bag of Marbles"},{"floor":9,"key":"Mercury Hourglass"},{"floor":11,"key":"Bottled Tornado"},{"floor":13,"key":"Omamori"},{"floor":24,"key":"Lantern"}],"event_choices":[{"damage_healed":0,"gold_gain":0,"player_choice":"Take Damage","damage_taken":20,"relics_obtained":["Golden Idol"],"max_hp_gain":0,"max_hp_loss":0,"event_name":"Golden Idol","floor":3,"gold_loss":0},{"damage_healed":0,"gold_gain":275,"player_choice":"Desecrate","damage_taken":0,"max_hp_gain":0,"max_hp_loss":0,"event_name":"Golden Shrine","floor":5,"gold_loss":0,"cards_obtained":["Regret"]},{"cards_removed":["Defend_R"],"damage_healed":0,"gold_gain":0,"player_choice":"Took Card","damage_taken":0,"max_hp_gain":0,"max_hp_loss":0,"event_name":"NoteForYourself","floor":14,"gold_loss":0,"cards_obtained":["Strike_B"]},{"damage_healed":0,"gold_gain":0,"player_choice":"Read","damage_taken":0,"max_hp_gain":0,"max_hp_loss":0,"event_name":"The Library","floor":22,"gold_loss":0,"cards_obtained":["Clash"]}],"is_beta":false,"boss_relics":[{"not_picked":["Busted Crown","Velvet Choker"],"picked":"Black Blood"}],"items_purged_floors":[19],"is_endless":false,"potions_floor_spawned":[1,10,11,16,18,24],"killed_by":"Snecko","ascension_level":0}