{"gold_per_floor":[112,287,287,299,374,404,404,423,423,450,57,72,129,164,164,164],"floor_reached":16,"playtime":654,"items_purged":["Strike_R"],"score":150,"play_id":"8f87c33b-7443-4f40-b884-abaedc142e81","local_time":"20190212230401","is_ascension_mode":true,"campfire_choices":[{"data":"Bash","floor":7,"key":"SMITH"},{"floor":15,"key":"REST"}],"neow_cost":"NONE","seed_source_timestamp":166169889900268,"circlet_count":0,"master_deck":["Strike_R","Strike_R","Strike_R","Strike_R","Defend_R","Defend_R","Defend_R","Defend_R","Bash+1","Fire Breathing","Flex","Bloodletting","Pommel Strike","Whirlwind","Flex+1","Cleave","Pommel Strike","Dual Wield+1","Shockwave+1"],"relics":["Burning Blood","NeowsBlessing","Peace Pipe","Question Card","Toxic Egg 2","Mercury Hourglass","Sundial","Ancient Tea Set"],"potions_floor_usage":[13,14],"damage_taken":[{"damage":0,"enemies":"Jaw Worm","floor":1,"turns":1},{"damage":0,"enemies":"Cultist","floor":4,"turns":1},{"damage":0,"enemies":"3 Sentries","floor":6,"turns":2},{"damage":0,"enemies":"Small Slimes","floor":8,"turns":5},{"damage":38,"enemies":"Gremlin Nob","floor":10,"turns":4},{"damage":0,"enemies":"3 Louse","floor":12,"turns":1},{"damage":32,"enemies":"Lagavulin Event","floor":13,"turns":4},{"damage":7,"enemies":"3 Sentries","floor":14,"turns":2},{"damage":55,"enemies":"The Guardian","floor":16,"turns":9}],"seed_played":"-89066429954441616","potions_obtained":[{"floor":4,"key":"Explosive Potion"},{"floor":12,"key":"SpeedPotion"},{"floor":13,"key":"Explosive Potion"}],"is_trial":false,"path_per_floor":["M","?","?","M","?","E","R","M","T","E","$","M","?","E","R","B"],"character_chosen":"IRONCLAD","items_purchased":["Flex+1","Mercury Hourglass","Cleave"],"campfire_rested":1,"item_purchase_floors":[11,11,11],"current_hp_per_floor":[80,80,80,80,69,75,75,80,80,48,48,54,28,27,51,0],"gold":164,"neow_bonus":"THREE_ENEMY_KILL","is_prod":false,"is_daily":false,"chose_seed":false,"campfire_upgraded":1,"win_rate":0,"timestamp":1550037841,"path_taken":["M","?","?","?","?","E","R","M","T","E","$","M","?","E","R","BOSS"],"build_version":"2019-01-23","purchased_purges":1,"victory":false,"max_hp_per_floor":[80,80,80,80,80,80,80,80,80,80,80,80,80,80,80,80],"card_choices":[{"not_picked":["True Grit","Blood for Blood"],"picked":"Fire Breathing","floor":1},{"not_picked":["Warcry","Anger"],"picked":"Flex","floor":4},{"not_picked":["Sentinel","Sword Boomerang"],"picked":"Bloodletting","floor":6},{"not_picked":["Shockwave","Dual Wield"],"picked":"Pommel Strike","floor":8},{"not_picked":["Wild Strike","Dark Embrace","Body Slam"],"picked":"Whirlwind","floor":10},{"not_picked":["Inflame","Body Slam","Warcry+1"],"picked":"Pommel Strike","floor":12},{"not_picked":["Thunderclap","Wild Strike","Body Slam"],"picked":"Dual Wield+1","floor":13},{"not_picked":["Corruption","Inflame","Headbutt"],"picked":"Shockwave+1","floor":14}],"player_experience":30350,"relics_obtained":[{"floor":6,"key":"Peace Pipe"},{"floor":9,"key":"Question Card"},{"floor":10,"key":"Toxic Egg 2"},{"floor":13,"key":"Sundial"},{"floor":14,"key":"Ancient Tea Set"}],"event_choices":[{"damage_healed":0,"gold_gain":175,"player_choice":"AGREE","damage_taken":0,"max_hp_gain":0,"max_hp_loss":0,"event_name":"Liars Game","floor":2,"gold_loss":0,"cards_obtained":["Doubt"]},{"cards_removed":["Doubt"],"damage_healed":0,"gold_gain":0,"player_choice":"Removed Curses","damage_taken":0,"max_hp_gain":0,"max_hp_loss":0,"event_name":"Fountain of Cleansing","floor":3,"gold_loss":0},{"damage_healed":0,"gold_gain":75,"player_choice":"Gather Gold","damage_taken":11,"max_hp_gain":0,"max_hp_loss":0,"event_name":"World of Goop","floor":5,"gold_loss":0},{"damage_healed":0,"gold_gain":30,"player_choice":"Searched \u00273\u0027 times","damage_taken":0,"max_hp_gain":0,"max_hp_loss":0,"event_name":"Dead Adventurer","floor":13,"gold_loss":0}],"is_beta":false,"boss_relics":[],"items_purged_floors":[11],"is_endless":false,"potions_floor_spawned":[4,12,13],"killed_by":"The Guardian","ascension_level":1}