{"gold_per_floor":[116,116,41,54,54,54,82,98,98,98],"floor_reached":10,"playtime":287,"items_purged":[],"score":125,"play_id":"a38487fe-4ce2-49ce-812e-5ae095de65af","local_time":"20190521141531","is_ascension_mode":true,"campfire_choices":[{"data":"Deadly Poison","floor":6,"key":"SMITH"}],"neow_cost":"NONE","seed_source_timestamp":29587816301023,"circlet_count":0,"master_deck":["AscendersBane","Defend_G","Defend_G","Defend_G","Defend_G","Defend_G","Strike_G","Strike_G","Strike_G","Survivor","Neutralize","Sucker Punch","Deadly Poison+1","Adrenaline","Bouncing Flask","Dodge and Roll"],"relics":["Ring of the Snake","Bag of Preparation","Prayer Wheel","Letter Opener"],"potions_floor_usage":[10],"damage_taken":[{"damage":0,"enemies":"2 Louse","floor":1,"turns":4},{"damage":1,"enemies":"Small Slimes","floor":4,"turns":3},{"damage":38,"enemies":"3 Sentries","floor":7,"turns":17},{"damage":0,"enemies":"Cultist","floor":8,"turns":3},{"damage":32,"enemies":"Gremlin Nob","floor":10,"turns":3}],"seed_played":"6991871080212380611","potions_obtained":[{"floor":4,"key":"GamblersBrew"}],"is_trial":false,"path_per_floor":["M","?","?","M","$","R","E","M","T","E"],"character_chosen":"THE_SILENT","items_purchased":[],"campfire_rested":0,"item_purchase_floors":[],"current_hp_per_floor":[59,52,52,51,51,51,13,13,13,0],"gold":98,"neow_bonus":"RANDOM_COMMON_RELIC","is_prod":false,"is_daily":false,"chose_seed":false,"campfire_upgraded":1,"win_rate":0,"timestamp":1558466131,"path_taken":["M","?","?","M","$","R","E","M","T","E"],"build_version":"2019-01-23","purchased_purges":0,"victory":false,"max_hp_per_floor":[66,66,66,66,66,66,66,66,66,66],"card_choices":[{"not_picked":["Outmaneuver","Distraction"],"picked":"Sucker Punch","floor":1},{"not_picked":["Sucker Punch","Dagger Spray"],"picked":"Deadly Poison","floor":4},{"not_picked":["Footwork","Dodge and Roll"],"picked":"Adrenaline","floor":7},{"not_picked":["PiercingWail","Dodge and Roll"],"picked":"Bouncing Flask","floor":8},{"not_picked":["Escape Plan","Quick Slash"],"picked":"Dodge and Roll","floor":8}],"player_experience":440988,"relics_obtained":[{"floor":7,"key":"Prayer Wheel"},{"floor":9,"key":"Letter Opener"}],"event_choices":[{"cards_removed":["Strike_G"],"damage_healed":0,"gold_gain":0,"player_choice":"Card Removal","damage_taken":7,"max_hp_gain":0,"max_hp_loss":0,"event_name":"Golden Wing","floor":2,"gold_loss":0},{"cards_removed":["Strike_G"],"damage_healed":0,"gold_gain":0,"player_choice":"Card Removal","damage_taken":0,"max_hp_gain":0,"max_hp_loss":0,"event_name":"The Cleric","floor":3,"gold_loss":75}],"is_beta":false,"boss_relics":[],"items_purged_floors":[],"is_endless":false,"potions_floor_spawned":[4],"killed_by":"Gremlin Nob","ascension_level":18}