{"gold_per_floor":[111,126,140,45,62,88,98,98,125,125,140,174,189,222,222,318,318,333,343,363,363,363],"floor_reached":22,"playtime":1430,"items_purged":[],"score":210,"play_id":"a37596f2-45ce-4777-a1b9-5e319006a5bf","local_time":"20190211032824","is_ascension_mode":false,"campfire_choices":[{"data":"Warcry","floor":10,"key":"SMITH"},{"floor":15,"key":"REST"}],"neow_cost":"NONE","seed_source_timestamp":2163297836692288,"circlet_count":0,"master_deck":["Strike_R","Strike_R","Strike_R","Strike_R","Strike_R","Defend_R","Defend_R","Defend_R","Defend_R","Bash","Twin Strike","Anger","Flex","Warcry+1","Clash","Disarm+1","Cleave","Rampage","Body Slam","Impervious","Disarm","Anger+1","Iron Wave","Ghostly Armor"],"relics":["Burning Blood","PreservedInsect","Pantograph","Ancient Tea Set","Happy Flower","Oddly Smooth Stone","White Beast Statue"],"potions_floor_usage":[18,19,20,22,22],"damage_taken":[{"damage":5,"enemies":"Cultist","floor":1,"turns":4},{"damage":6,"enemies":"Jaw Worm","floor":2,"turns":3},{"damage":5,"enemies":"2 Louse","floor":3,"turns":2},{"damage":19,"enemies":"Exordium Wildlife","floor":5,"turns":6},{"damage":26,"enemies":"Lagavulin","floor":6,"turns":4},{"damage":10,"enemies":"3 Louse","floor":7,"turns":3},{"damage":9,"enemies":"Large Slime","floor":11,"turns":6},{"damage":10,"enemies":"Gremlin Nob","floor":12,"turns":3},{"damage":12,"enemies":"Exordium Thugs","floor":13,"turns":4},{"damage":13,"enemies":"Lagavulin","floor":14,"turns":5},{"damage":31,"enemies":"The Guardian","floor":16,"turns":17},{"damage":17,"enemies":"2 Thieves","floor":18,"turns":4},{"damage":26,"enemies":"Spheric Guardian","floor":19,"turns":5},{"damage":21,"enemies":"Snake Plant","floor":20,"turns":7},{"damage":22,"enemies":"Sentry and Sphere","floor":22,"turns":5}],"seed_played":"1878293288705823804","potions_obtained":[{"floor":1,"key":"Ancient Potion"},{"floor":2,"key":"PowerPotion"},{"floor":3,"key":"Explosive Potion"},{"floor":18,"key":"LiquidBronze"},{"floor":19,"key":"SpeedPotion"},{"floor":20,"key":"SkillPotion"}],"is_trial":false,"path_per_floor":["M","M","M","$","M","E","M","?","T","R","M","E","M","E","R","B",null,"M","M","M","?","M"],"character_chosen":"IRONCLAD","items_purchased":["Flex","Warcry"],"campfire_rested":1,"item_purchase_floors":[4,4],"current_hp_per_floor":[80,80,80,80,67,47,43,43,43,43,40,36,30,23,47,47,80,69,49,34,34,12],"gold":363,"neow_bonus":"RANDOM_COMMON_RELIC","is_prod":false,"is_daily":false,"chose_seed":false,"campfire_upgraded":1,"win_rate":0.0,"timestamp":1549877304,"path_taken":["M","?","M","$","M","E","M","?","T","R","M","E","M","E","R","BOSS","M","M","M","?","?"],"build_version":"2019-01-23","purchased_purges":0,"victory":false,"max_hp_per_floor":[80,80,80,80,80,80,80,80,80,80,80,80,80,80,80,80,80,80,80,80,80,80],"card_choices":[{"not_picked":["Thunderclap","Heavy Blade"],"picked":"Twin Strike","floor":1},{"not_picked":["Flex","Perfected Strike"],"picked":"Anger","floor":2},{"not_picked":["Flex","Dropkick"],"picked":"Second Wind","floor":3},{"not_picked":["Inflame","Iron Wave"],"picked":"Clash","floor":5},{"not_picked":["Clash","Body Slam"],"picked":"Disarm","floor":6},{"not_picked":["Sword Boomerang","Iron Wave"],"picked":"Cleave","floor":7},{"not_picked":["Sword Boomerang","Shockwave"],"picked":"Rampage","floor":11},{"not_picked":["Wild Strike","Rampage"],"picked":"Body Slam","floor":12},{"not_picked":["Heavy Blade","Entrench"],"picked":"Impervious","floor":13},{"not_picked":["Clothesline","Bloodletting"],"picked":"Disarm","floor":14},{"not_picked":["Rupture","Perfected Strike"],"picked":"Anger+1","floor":18},{"not_picked":["Clothesline","Searing Blow"],"picked":"Iron Wave","floor":19},{"not_picked":["Pommel Strike+1","Reaper"],"picked":"Ghostly Armor","floor":20}],"player_experience":44774,"relics_obtained":[{"floor":6,"key":"Pantograph"},{"floor":9,"key":"Ancient Tea Set"},{"floor":12,"key":"Happy Flower"},{"floor":14,"key":"Oddly Smooth Stone"}],"event_choices":[{"damage_healed":0,"gold_gain":0,"player_choice":"Grow","damage_taken":0,"max_hp_gain":0,"max_hp_loss":0,"event_name":"Living Wall","floor":8,"gold_loss":0,"cards_upgraded":["Disarm"]},{"cards_removed":["Second Wind"],"damage_healed":0,"gold_gain":0,"player_choice":"Purged","damage_taken":0,"max_hp_gain":0,"max_hp_loss":0,"event_name":"Purifier","floor":21,"gold_loss":0}],"is_beta":false,"boss_relics":[{"not_picked":["Runic Dome","Mark of Pain"],"picked":"White Beast Statue"}],"items_purged_floors":[],"is_endless":false,"potions_floor_spawned":[1,2,3,11,12,14,18,19,20],"killed_by":"Sentry and Sphere","ascension_level":0}