{"gold_per_floor":[110,110,110,126,137,137,102,135,135,162,176,176,176,196,196,299,299,315,315,61,80,26,26,56,56],"floor_reached":25,"playtime":727,"items_purged":["Strike_R"],"score":266,"play_id":"25cf7daa-e76b-4b16-b5bf-4e8b467dea39","local_time":"20190312163720","is_ascension_mode":true,"campfire_choices":[{"data":"True Grit","floor":6,"key":"SMITH"},{"floor":12,"key":"REST"},{"data":"Inflame","floor":15,"key":"SMITH"},{"data":"Armaments","floor":23,"key":"SMITH"}],"neow_cost":"NONE","seed_source_timestamp":1781366862984946,"circlet_count":0,"master_deck":["Strike_R","Strike_R","Strike_R","Defend_R","Defend_R","Defend_R","Defend_R","Bash","Bludgeon","Cleave","True Grit+1","Thunderclap","Demon Form","Sentinel","Inflame+1","Double Tap","Anger","Barricade","Twin Strike+1","Armaments+1","True Grit","Body Slam","Power Through+1","Metallicize","Rage"],"relics":["Burning Blood","The Courier","Smiling Mask","Blue Candle","Prayer Wheel","Sozu","Lee\u0027s Waffle","Bag of Preparation"],"potions_floor_usage":[14,16,19],"damage_taken":[{"damage":8,"enemies":"2 Louse","floor":1,"turns":3},{"damage":7,"enemies":"Jaw Worm","floor":4,"turns":3},{"damage":6,"enemies":"Cultist","floor":5,"turns":3},{"damage":26,"enemies":"3 Sentries","floor":8,"turns":7},{"damage":24,"enemies":"Gremlin Nob","floor":10,"turns":4},{"damage":12,"enemies":"Exordium Thugs","floor":11,"turns":4},{"damage":6,"enemies":"Large Slime","floor":14,"turns":5},{"damage":34,"enemies":"The Guardian","floor":16,"turns":8},{"damage":43,"enemies":"2 Thieves","floor":18,"turns":5},{"damage":11,"enemies":"Spheric Guardian","floor":19,"turns":3},{"damage":39,"enemies":"Centurion and Healer","floor":21,"turns":6},{"damage":49,"enemies":"Book of Stabbing","floor":24,"turns":6},{"damage":12,"enemies":"Snake Plant","floor":25,"turns":2}],"seed_played":"-3023012758612808996","potions_obtained":[{"floor":4,"key":"Fire Potion"},{"floor":10,"key":"Regen Potion"},{"floor":11,"key":"LiquidBronze"},{"floor":13,"key":"SmokeBomb"}],"is_trial":false,"path_per_floor":["M","?","?","M","M","R","?","E","T","E","M","R","?","M","R","B",null,"M","M","$","M","$","R","E","M"],"character_chosen":"IRONCLAD","items_purchased":["Lee\u0027s Waffle","True Grit","Metallicize"],"campfire_rested":1,"item_purchase_floors":[20,20,22],"current_hp_per_floor":[78,66,59,58,58,58,78,58,58,40,34,58,58,58,58,30,80,43,38,87,54,54,54,11,0],"gold":56,"neow_bonus":"ONE_RANDOM_RARE_CARD","is_prod":false,"is_daily":false,"chose_seed":false,"campfire_upgraded":3,"win_rate":0,"timestamp":1552426640,"path_taken":["M","?","?","M","M","R","?","E","T","E","M","R","?","M","R","BOSS","M","M","$","M","?","R","E","M"],"build_version":"2019-01-23","purchased_purges":1,"victory":false,"max_hp_per_floor":[80,80,80,80,80,80,80,80,80,80,80,80,80,80,80,80,80,80,80,87,87,87,87,87,87],"card_choices":[{"not_picked":["Clothesline","Sever Soul"],"picked":"Cleave","floor":1},{"not_picked":["Searing Blow","Anger"],"picked":"True Grit","floor":4},{"not_picked":["Clash","Twin Strike"],"picked":"Thunderclap","floor":5},{"not_picked":["Armaments","Anger"],"picked":"Demon Form","floor":8},{"not_picked":["Armaments","True Grit"],"picked":"Sentinel","floor":10},{"not_picked":["Thunderclap","Pommel Strike"],"picked":"Inflame","floor":11},{"not_picked":["Reckless Charge","Perfected Strike","Havoc"],"picked":"SKIP","floor":11},{"not_picked":["Headbutt","Havoc"],"picked":"Double Tap","floor":14},{"not_picked":["Cleave","Body Slam"],"picked":"Anger","floor":14},{"not_picked":["Demon Form","Brutality"],"picked":"Barricade","floor":16},{"not_picked":["Fire Breathing","Battle Trance"],"picked":"Twin Strike+1","floor":18},{"not_picked":["True Grit","Uppercut"],"picked":"Armaments","floor":18},{"not_picked":["Twin Strike","Sentinel"],"picked":"Body Slam","floor":21},{"not_picked":["Clash","Anger"],"picked":"Power Through+1","floor":21},{"not_picked":["Feed","Cleave+1"],"picked":"Rage","floor":24}],"player_experience":191118,"relics_obtained":[{"floor":8,"key":"Smiling Mask"},{"floor":9,"key":"Blue Candle"},{"floor":10,"key":"Prayer Wheel"},{"floor":24,"key":"Bag of Preparation"}],"event_choices":[{"damage_healed":0,"gold_gain":0,"player_choice":"Success","damage_taken":12,"relics_obtained":["The Courier"],"max_hp_gain":0,"max_hp_loss":0,"event_name":"Scrap Ooze","floor":2,"gold_loss":0},{"cards_removed":["Strike_R"],"damage_healed":0,"gold_gain":0,"player_choice":"Card Removal","damage_taken":7,"max_hp_gain":0,"max_hp_loss":0,"event_name":"Golden Wing","floor":3,"gold_loss":0},{"damage_healed":20,"gold_gain":0,"player_choice":"Healed","damage_taken":0,"max_hp_gain":0,"max_hp_loss":0,"event_name":"The Cleric","floor":7,"gold_loss":35},{"damage_healed":0,"gold_gain":0,"player_choice":"Got Potions","damage_taken":0,"max_hp_gain":0,"max_hp_loss":0,"event_name":"Lab","floor":13,"gold_loss":0}],"is_beta":false,"boss_relics":[{"not_picked":["Runic Cube","Eternal Feather"],"picked":"Sozu"}],"items_purged_floors":[20],"is_endless":false,"potions_floor_spawned":[4,10,11,19],"killed_by":"Snake Plant","ascension_level":3}