{"gold_per_floor":[113,129,204,215,215,246,246,284,284,284,284,284,284,297,297,297],"floor_reached":16,"playtime":314,"items_purged":[],"score":189,"play_id":"5010e44e-4f38-4a00-9e58-5cb529d01ed3","local_time":"20190510013555","is_ascension_mode":true,"campfire_choices":[{"data":"Corruption","floor":7,"key":"SMITH"},{"data":"Whirlwind","floor":11,"key":"SMITH"},{"floor":13,"key":"REST"},{"data":"Bash","floor":15,"key":"SMITH"}],"neow_cost":"NONE","seed_source_timestamp":1072935899880277,"circlet_count":0,"master_deck":["AscendersBane","Strike_R","Strike_R","Strike_R","Strike_R","Strike_R","Defend_R","Defend_R","Defend_R","Defend_R","Bash+1","Feel No Pain","Corruption+1","Headbutt","Anger","Whirlwind+1"],"relics":["Burning Blood","NeowsBlessing","Golden Idol","Red Skull","Frozen Egg 2","Sundial","Kunai"],"potions_floor_usage":[6,8,16],"damage_taken":[{"damage":0,"enemies":"Cultist","floor":1,"turns":1},{"damage":0,"enemies":"2 Louse","floor":2,"turns":1},{"damage":0,"enemies":"Jaw Worm","floor":4,"turns":1},{"damage":36,"enemies":"3 Sentries","floor":6,"turns":11},{"damage":24,"enemies":"Gremlin Nob","floor":8,"turns":4},{"damage":22,"enemies":"3 Louse","floor":14,"turns":3},{"damage":26,"enemies":"The Guardian","floor":16,"turns":3}],"seed_played":"-7490236461797545819","potions_obtained":[{"floor":2,"key":"Swift Potion"},{"floor":4,"key":"Ancient Potion"},{"floor":8,"key":"PowerPotion"}],"is_trial":false,"path_per_floor":["M","M","?","M","?","E","R","E","T","?","R","T","R","M","R","B"],"character_chosen":"IRONCLAD","items_purchased":[],"campfire_rested":1,"item_purchase_floors":[],"current_hp_per_floor":[74,75,64,70,68,38,38,20,20,20,20,20,40,24,24,0],"gold":297,"neow_bonus":"THREE_ENEMY_KILL","is_prod":false,"is_daily":false,"chose_seed":false,"campfire_upgraded":3,"win_rate":0,"timestamp":1557470155,"path_taken":["M","M","?","M","?","E","R","E","T","?","R","?","R","M","R","BOSS"],"build_version":"2019-01-23","purchased_purges":0,"victory":false,"max_hp_per_floor":[75,75,75,75,68,68,68,68,68,68,68,68,68,68,68,68],"card_choices":[{"not_picked":["Armaments","Havoc"],"picked":"Feel No Pain","floor":1},{"not_picked":["Infernal Blade","Ghostly Armor"],"picked":"Corruption","floor":2},{"not_picked":["Seeing Red","Armaments"],"picked":"Headbutt","floor":4},{"not_picked":["Havoc","Entrench"],"picked":"Anger","floor":6},{"not_picked":["Clothesline","Burning Pact"],"picked":"Whirlwind","floor":8},{"not_picked":["Body Slam","Infernal Blade","Wild Strike"],"picked":"SKIP","floor":14}],"player_experience":386442,"relics_obtained":[{"floor":6,"key":"Red Skull"},{"floor":8,"key":"Frozen Egg 2"},{"floor":9,"key":"Sundial"},{"floor":12,"key":"Kunai"}],"event_choices":[{"damage_healed":0,"gold_gain":75,"player_choice":"Gather Gold","damage_taken":11,"max_hp_gain":0,"max_hp_loss":0,"event_name":"World of Goop","floor":3,"gold_loss":0},{"damage_healed":0,"gold_gain":0,"player_choice":"Lose Max HP","damage_taken":0,"relics_obtained":["Golden Idol"],"max_hp_gain":0,"max_hp_loss":7,"event_name":"Golden Idol","floor":5,"gold_loss":0},{"damage_healed":0,"gold_gain":0,"player_choice":"Fled","damage_taken":0,"max_hp_gain":0,"max_hp_loss":0,"event_name":"Scrap Ooze","floor":10,"gold_loss":0}],"is_beta":false,"boss_relics":[],"items_purged_floors":[],"is_endless":false,"potions_floor_spawned":[2,4,8],"killed_by":"The Guardian","ascension_level":15}