{"gold_per_floor":[113,113,288,299,313,342,342,342,369,394,55,73,83,111,111,211,211,197,210,227,247,51,78,78,90,90,105,30,43,54,16,16,16],"floor_reached":33,"playtime":1388,"items_purged":["Doubt"],"score":382,"play_id":"fdcc8301-47e5-4d6a-8538-b83c5171d77d","local_time":"20190419235646","is_ascension_mode":true,"campfire_choices":[{"data":"Heavy Blade","floor":7.0,"key":"SMITH"},{"data":"Heavy Blade","floor":15.0,"key":"SMITH"},{"data":"Spot Weakness","floor":24,"key":"SMITH"},{"floor":32,"key":"REST"}],"neow_cost":"NONE","seed_source_timestamp":92664774829804,"circlet_count":0,"master_deck":["Strike_R","Strike_R","Strike_R+1","Strike_R","Strike_R+1","Defend_R","Defend_R","Defend_R","Defend_R","Bash","Spot Weakness+1","Twin Strike","Heavy Blade+1","Shockwave","Heavy Blade+1","Spot Weakness","Thunderclap","Feed","Flex","Shrug It Off+1","Cleave+1","Rage"],"special_seed":0,"relics":["Burning Blood","Vajra","Ornamental Fan","Whetstone","Mango","Ginger","Art of War","Eternal Feather","Sling","Mercury Hourglass","Centennial Puzzle"],"potions_floor_usage":[29,33,33],"damage_taken":[{"damage":15.0,"enemies":"Jaw Worm","floor":1.0,"turns":4.0},{"damage":0.0,"enemies":"Small Slimes","floor":4.0,"turns":3.0},{"damage":6.0,"enemies":"Cultist","floor":5.0,"turns":3.0},{"damage":30.0,"enemies":"Gremlin Nob","floor":6.0,"turns":4.0},{"damage":31.0,"enemies":"Lagavulin","floor":10.0,"turns":5.0},{"damage":7.0,"enemies":"Blue Slaver","floor":12.0,"turns":2.0},{"damage":6.0,"enemies":"Exordium Thugs","floor":13.0,"turns":3.0},{"damage":8.0,"enemies":"3 Sentries","floor":14.0,"turns":5.0},{"damage":22.0,"enemies":"Slime Boss","floor":16.0,"turns":7.0},{"damage":25.0,"enemies":"2 Thieves","floor":18.0,"turns":4.0},{"damage":10.0,"enemies":"Chosen","floor":19.0,"turns":3.0},{"damage":21.0,"enemies":"Snake Plant","floor":20.0,"turns":3.0},{"damage":28.0,"enemies":"Centurion and Healer","floor":21.0,"turns":6.0},{"damage":17,"enemies":"Gremlin Leader","floor":23,"turns":6},{"damage":21,"enemies":"Snecko","floor":25,"turns":5},{"damage":18,"enemies":"Snake Plant","floor":27,"turns":3},{"damage":10,"enemies":"Cultist and Chosen","floor":29,"turns":2},{"damage":15,"enemies":"Centurion and Healer","floor":30,"turns":3},{"damage":91,"enemies":"Automaton","floor":33,"turns":6}],"seed_played":"4698348083894323261","potions_obtained":[{"floor":1.0,"key":"Fire Potion"},{"floor":5.0,"key":"Strength Potion"},{"floor":10.0,"key":"AttackPotion"},{"floor":13.0,"key":"SpeedPotion"},{"floor":19.0,"key":"Energy Potion"},{"floor":21.0,"key":"AttackPotion"},{"floor":25,"key":"Poison Potion"},{"floor":30,"key":"Energy Potion"}],"is_trial":false,"path_per_floor":["M","?","?","M","M","E","R","?","T","E","$","M","M","E","R","B",null,"M","M","M","M","$","E","R","M","T","M","$","M","M","$","R","B"],"character_chosen":"IRONCLAD","items_purchased":["Ginger","Heavy Blade","Sling","Rage"],"campfire_rested":1,"item_purchase_floors":[11,11,22,31],"current_hp_per_floor":[79,61,61,67,67,43,43,48,48,37,37,36,36,34,34,18,102,86,85,70,51,51,40,52,37,37,25,25,21,15,15,61,0],"gold":16,"neow_bonus":"TEN_PERCENT_HP_BONUS","is_prod":false,"is_daily":false,"chose_seed":false,"campfire_upgraded":3,"win_rate":0,"timestamp":1555739806,"path_taken":["M","?","?","M","M","E","R","?","T","E","$","M","M","E","R","BOSS","M","M","M","M","$","E","R","?","T","M","$","M","M","$","R","BOSS"],"build_version":"2019-01-23","purchased_purges":1,"victory":false,"max_hp_per_floor":[88,88,88,88,88,88,88,88,88,102,102,102,102,102,102,102,102,105,108,108,111,111,111,111,111,111,111,111,111,114,114,114,114],"card_choices":[{"not_picked":["Whirlwind","Ghostly Armor"],"picked":"Spot Weakness","floor":1.0},{"not_picked":["Sever Soul","Twin Strike"],"picked":"Perfected Strike","floor":4.0},{"not_picked":["Sword Boomerang","Fire Breathing"],"picked":"Twin Strike","floor":5.0},{"not_picked":["Reckless Charge","Intimidate"],"picked":"Heavy Blade","floor":6.0},{"not_picked":["Warcry","Perfected Strike"],"picked":"Shockwave","floor":10.0},{"not_picked":["Hemokinesis","Sentinel"],"picked":"Spot Weakness","floor":12.0},{"not_picked":["Headbutt","Corruption","Dual Wield"],"picked":"SKIP","floor":13.0},{"not_picked":["Bludgeon","Juggernaut"],"picked":"Thunderclap","floor":14.0},{"not_picked":["Demon Form","Fiend Fire"],"picked":"Feed","floor":16.0},{"not_picked":["True Grit","Flame Barrier"],"picked":"Flex","floor":18.0},{"not_picked":["Perfected Strike+1","Headbutt","Fire Breathing"],"picked":"SKIP","floor":19.0},{"not_picked":["Pommel Strike+1","Anger","Fire Breathing"],"picked":"SKIP","floor":20.0},{"not_picked":["Sword Boomerang","Iron Wave","Perfected Strike"],"picked":"SKIP","floor":21.0},{"not_picked":["Clash","Reckless Charge","Shrug It Off"],"picked":"SKIP","floor":23},{"not_picked":["Anger","Body Slam"],"picked":"Shrug It Off+1","floor":25},{"not_picked":["Fiend Fire","Armaments","Shrug It Off"],"picked":"SKIP","floor":27},{"not_picked":["Power Through+1","Feed"],"picked":"Cleave+1","floor":29},{"not_picked":["True Grit+1","Headbutt","Wild Strike"],"picked":"SKIP","floor":30}],"player_experience":158413,"relics_obtained":[{"floor":6.0,"key":"Ornamental Fan"},{"floor":9.0,"key":"Whetstone"},{"floor":10.0,"key":"Mango"},{"floor":14.0,"key":"Art of War"},{"floor":23,"key":"Mercury Hourglass"},{"floor":26,"key":"Centennial Puzzle"}],"event_choices":[{"damage_healed":0.0,"max_hp_gain":0.0,"max_hp_loss":0.0,"gold_gain":0.0,"event_name":"Scrap Ooze","player_choice":"Success","floor":2.0,"gold_loss":0.0,"damage_taken":18.0,"relics_obtained":["Vajra"]},{"damage_healed":0.0,"max_hp_gain":0.0,"max_hp_loss":0.0,"gold_gain":175.0,"event_name":"Liars Game","player_choice":"AGREE","floor":3.0,"gold_loss":0.0,"damage_taken":0.0,"cards_obtained":["Doubt"]},{"cards_removed":["Perfected Strike"],"damage_healed":5.0,"max_hp_gain":0.0,"max_hp_loss":0.0,"gold_gain":0.0,"event_name":"Bonfire Elementals","player_choice":"Offered Common","floor":8.0,"gold_loss":0.0,"damage_taken":0.0},{"cards_removed":["Perfected Strike"],"damage_healed":5.0,"max_hp_gain":0.0,"max_hp_loss":0.0,"gold_gain":0.0,"event_name":"Bonfire Elementals","player_choice":"Offered Special","floor":8.0,"gold_loss":0.0,"damage_taken":0.0}],"is_beta":false,"boss_relics":[{"not_picked":["Velvet Choker","Runic Cube"],"picked":"Eternal Feather"}],"items_purged_floors":[28],"is_endless":false,"potions_floor_spawned":[1,5,10,13,19,21,25,30],"killed_by":"Automaton","ascension_level":1}