{"gold_per_floor":[111,286,286,296,15,40,40,57,57,82,101,131,143,143,143,246,246,263,244,244],"floor_reached":20,"playtime":652,"items_purged":["Doubt"],"score":329,"play_id":"f4414221-c10e-4ac2-9c6a-5c06975b6917","local_time":"20190311214534","is_ascension_mode":true,"campfire_choices":[{"data":"Zap","floor":7,"key":"SMITH"},{"floor":15,"key":"REST"}],"neow_cost":"NONE","seed_source_timestamp":1713533333237001,"circlet_count":0,"master_deck":["AscendersBane","Strike_B","Strike_B","Strike_B","Defend_B","Defend_B","Defend_B","Defend_B","Zap+1","Dualcast","Gash","Turbo","Cold Snap","Glacier","Barrage","Heatsinks+1","Reinforced Body","Ball Lightning","Recycle","Fission","Chill","Go for the Eyes"],"relics":["Cracked Core","NeowsBlessing","OrangePellets","Frozen Egg 2","Vajra","PreservedInsect","Darkstone Periapt","Meat on the Bone","Black Star"],"potions_floor_usage":[11,12,20],"damage_taken":[{"damage":0,"enemies":"Small Slimes","floor":1,"turns":1},{"damage":0,"enemies":"Jaw Worm","floor":4,"turns":1},{"damage":0,"enemies":"3 Sentries","floor":6,"turns":1},{"damage":0,"enemies":"Cultist","floor":8,"turns":4},{"damage":21,"enemies":"Lagavulin","floor":10,"turns":7},{"damage":4,"enemies":"Exordium Thugs","floor":11,"turns":3},{"damage":6,"enemies":"3 Sentries","floor":12,"turns":7},{"damage":7,"enemies":"Lots of Slimes","floor":13,"turns":5},{"damage":19,"enemies":"The Guardian","floor":16,"turns":14},{"damage":20,"enemies":"Spheric Guardian","floor":18,"turns":4},{"damage":13,"enemies":"2 Thieves","floor":19,"turns":4},{"damage":55,"enemies":"Cultist and Chosen","floor":20,"turns":8}],"seed_played":"1202602446776002835","potions_obtained":[{"floor":6,"key":"FocusPotion"},{"floor":10,"key":"Fire Potion"},{"floor":19,"key":"LiquidBronze"}],"is_trial":false,"path_per_floor":["M","?","?","M","$","E","R","M","T","E","M","E","M","T","R","B",null,"M","M","M"],"character_chosen":"DEFECT","items_purchased":["OrangePellets"],"campfire_rested":1,"item_purchase_floors":[5],"current_hp_per_floor":[68,68,68,68,68,68,68,68,68,47,43,37,30,30,52,45,68,48,47,0],"gold":244,"neow_bonus":"THREE_ENEMY_KILL","is_prod":false,"is_daily":false,"chose_seed":false,"campfire_upgraded":1,"win_rate":0,"timestamp":1552358734,"path_taken":["M","?","?","M","$","E","R","M","T","E","M","E","?","?","R","BOSS","M","M","?"],"build_version":"2019-01-23","purchased_purges":1,"victory":false,"max_hp_per_floor":[75,75,75,75,75,75,75,75,75,75,75,75,75,75,75,75,75,75,75,75],"card_choices":[{"not_picked":["Streamline","Steam Power"],"picked":"Gash","floor":1},{"not_picked":["Conserve Battery","Hologram"],"picked":"Cold Snap","floor":4},{"not_picked":["Chaos","Chill"],"picked":"Glacier","floor":6},{"not_picked":["Steam Power","Conserve Battery"],"picked":"Barrage","floor":8},{"not_picked":["Doom and Gloom","Redo"],"picked":"Heatsinks+1","floor":10},{"not_picked":["Turbo","Streamline"],"picked":"Reinforced Body","floor":11},{"not_picked":["Recycle","Heatsinks+1"],"picked":"Ball Lightning","floor":12},{"not_picked":["Streamline","Rainbow"],"picked":"Recycle","floor":13},{"not_picked":["Multi-Cast","Thunder Strike"],"picked":"Fission","floor":16},{"not_picked":["Reprogram","Ball Lightning"],"picked":"Chill","floor":18},{"not_picked":["Leap","Skim"],"picked":"Go for the Eyes","floor":19}],"player_experience":183661,"relics_obtained":[{"floor":6,"key":"Frozen Egg 2"},{"floor":9,"key":"Vajra"},{"floor":10,"key":"PreservedInsect"},{"floor":12,"key":"Darkstone Periapt"},{"floor":14,"key":"Meat on the Bone"}],"event_choices":[{"damage_healed":0,"gold_gain":175,"player_choice":"AGREE","damage_taken":0,"max_hp_gain":0,"max_hp_loss":0,"event_name":"Liars Game","floor":2,"gold_loss":0,"cards_obtained":["Doubt"]},{"damage_healed":0,"gold_gain":0,"cards_transformed":["Strike_B"],"player_choice":"Transformed","damage_taken":0,"max_hp_gain":0,"max_hp_loss":0,"event_name":"Transmorgrifier","floor":3,"gold_loss":0,"cards_obtained":["Turbo"]}],"is_beta":false,"boss_relics":[{"not_picked":["Coffee Dripper","Philosopher\u0027s Stone"],"picked":"Black Star"}],"items_purged_floors":[5],"is_endless":false,"potions_floor_spawned":[6,10,19],"killed_by":"Cultist and Chosen","ascension_level":10}