{"gold_per_floor":[119,119,44,44,57,57,82,101,101,114,127,127,141,153,153,257,257,272,47,47,10,210,210,125,151,151,161,161,187,187],"floor_reached":30,"playtime":3294,"items_purged":["Strike_B"],"score":268,"play_id":"00e7be39-cba7-4bdc-8a7d-e8d7a353247a","local_time":"20190207201552","is_ascension_mode":false,"campfire_choices":[{"data":"Ball Lightning","floor":6,"key":"SMITH"},{"floor":12,"key":"REST"},{"floor":15,"key":"REST"},{"floor":28,"key":"REST"}],"neow_cost":"NONE","seed_source_timestamp":1876277788985008,"circlet_count":0,"master_deck":["Strike_B","Defend_B","Defend_B+1","Defend_B","Defend_B","Zap+1","Dualcast","Steam+1","Ball Lightning+1","Lockon","Static Discharge","Double Energy","Beam Cell","Echo Form+1","Machine Learning+1","Skim","Hello World+1","Rip and Tear","Conserve Battery+1","Stack+1","Hologram"],"relics":["Cracked Core","Mummified Hand","Frozen Egg 2","Eternal Feather","Juzu Bracelet","Boot","Ice Cream","Pantograph","War Paint"],"potions_floor_usage":[7,16,25,25,25],"damage_taken":[{"damage":2,"enemies":"2 Louse","floor":1,"turns":4},{"damage":0,"enemies":"Small Slimes","floor":5,"turns":4},{"damage":18,"enemies":"Lagavulin","floor":7,"turns":6},{"damage":1,"enemies":"Cultist","floor":8,"turns":3},{"damage":2,"enemies":"2 Fungi Beasts","floor":10,"turns":3},{"damage":10,"enemies":"Gremlin Gang","floor":11,"turns":4},{"damage":15,"enemies":"Exordium Thugs","floor":13,"turns":5},{"damage":11,"enemies":"Exordium Wildlife","floor":14,"turns":5},{"damage":12,"enemies":"Hexaghost","floor":16,"turns":8},{"damage":35,"enemies":"2 Thieves","floor":18,"turns":4},{"damage":32,"enemies":"Slavers","floor":25,"turns":5},{"damage":0,"enemies":"3 Byrds","floor":27,"turns":4},{"damage":39,"enemies":"Book of Stabbing","floor":29,"turns":8},{"damage":7,"enemies":"Snake Plant","floor":30,"turns":1}],"seed_played":"4226948167258841208","potions_obtained":[{"floor":1,"key":"Ancient Potion"},{"floor":5,"key":"SpeedPotion"},{"floor":10,"key":"SpeedPotion"},{"floor":11,"key":"FocusPotion"},{"floor":18,"key":"Block Potion"}],"is_trial":false,"path_per_floor":["M","?","$","?","M","R","E","M","T","M","M","R","M","M","R","B",null,"M","$","?","$","?","?","?","E","T","M","R","E","M"],"character_chosen":"DEFECT","items_purchased":["Hello World+1","Juzu Bracelet","Rip and Tear"],"campfire_rested":3,"item_purchase_floors":[19,19,21],"current_hp_per_floor":[73,66,66,66,66,66,48,47,47,45,35,57,42,31,53,41,75,40,40,40,40,40,40,40,8,8,8,42,3,0],"gold":187,"neow_bonus":"UPGRADE_CARD","is_prod":false,"is_daily":false,"chose_seed":false,"campfire_upgraded":1,"win_rate":0.0,"timestamp":1549592152,"path_taken":["M","?","$","?","M","R","E","M","T","M","M","R","M","M","R","BOSS","M","$","?","?","?","?","?","E","T","M","R","E","M"],"build_version":"2019-01-23","purchased_purges":1,"victory":false,"max_hp_per_floor":[75,75,75,75,75,75,75,75,75,75,75,75,75,75,75,75,75,75,75,75,75,75,75,75,75,75,75,75,75,75],"card_choices":[{"not_picked":["Blizzard","Redo"],"picked":"Steam","floor":1},{"not_picked":["Sweeping Beam","Melter"],"picked":"Ball Lightning","floor":5},{"not_picked":["Sunder","Reinforced Body"],"picked":"Lockon","floor":7},{"not_picked":["Rip and Tear","Reinforced Body"],"picked":"Static Discharge","floor":8},{"not_picked":["Streamline","Go for the Eyes"],"picked":"Double Energy","floor":10},{"not_picked":["Hologram","Scrape"],"picked":"Beam Cell","floor":11},{"not_picked":["Beam Cell","FTL"],"picked":"Echo Form+1","floor":13},{"not_picked":["Darkness","Leap","Steam Power"],"picked":"SKIP","floor":14},{"not_picked":["Meteor Strike","Electrodynamics+1"],"picked":"Machine Learning+1","floor":16},{"not_picked":["Glacier","Blizzard+1"],"picked":"Skim","floor":18},{"not_picked":["Scrape","Rip and Tear"],"picked":"Conserve Battery+1","floor":25},{"not_picked":["Lockon","Glacier+1"],"picked":"Stack+1","floor":27},{"not_picked":["Redo","Sunder"],"picked":"Hologram","floor":29}],"player_experience":14929,"relics_obtained":[{"floor":7,"key":"Mummified Hand"},{"floor":9,"key":"Frozen Egg 2"},{"floor":25,"key":"Ice Cream"},{"floor":26,"key":"Pantograph"},{"floor":29,"key":"War Paint"}],"event_choices":[{"cards_removed":["Strike_B"],"damage_healed":0,"gold_gain":0,"player_choice":"Card Removal","damage_taken":7,"max_hp_gain":0,"max_hp_loss":0,"event_name":"Golden Wing","floor":2,"gold_loss":0},{"damage_healed":0,"gold_gain":0,"player_choice":"Leave","damage_taken":0,"max_hp_gain":0,"max_hp_loss":0,"event_name":"The Cleric","floor":4,"gold_loss":0},{"damage_healed":0,"gold_gain":0,"player_choice":"Ignored","damage_taken":0,"max_hp_gain":0,"max_hp_loss":0,"event_name":"N\u0027loth","floor":20,"gold_loss":0},{"damage_healed":0,"gold_gain":200,"player_choice":"Gold","damage_taken":0,"max_hp_gain":0,"max_hp_loss":0,"event_name":"Wheel of Change","floor":22,"gold_loss":0},{"cards_removed":["Strike_B"],"damage_healed":0,"gold_gain":0,"player_choice":"Purged","damage_taken":0,"max_hp_gain":0,"max_hp_loss":0,"event_name":"Purifier","floor":23,"gold_loss":0},{"damage_healed":0,"gold_gain":0,"player_choice":"Obtained Relic","damage_taken":0,"relics_obtained":["Boot"],"max_hp_gain":0,"max_hp_loss":0,"event_name":"Addict","floor":24,"gold_loss":85}],"is_beta":false,"boss_relics":[{"not_picked":["Runic Dome","Ectoplasm"],"picked":"Eternal Feather"}],"items_purged_floors":[3],"is_endless":false,"potions_floor_spawned":[1,5,10,11,18],"killed_by":"Snake Plant","ascension_level":0}