{"gold_per_floor":[110,126,146,146,156,156,182,182,231,249,249],"floor_reached":11,"playtime":496,"items_purged":[],"score":75,"play_id":"2d73ca17-c608-4d38-8eaa-da2ba67fe8f8","local_time":"20190208011206","is_ascension_mode":false,"campfire_choices":[{"data":"Limit Break","floor":6,"key":"SMITH"},{"data":"Flex","floor":8,"key":"SMITH"}],"neow_cost":"TEN_PERCENT_HP_LOSS","seed_source_timestamp":463165443825470,"circlet_count":0,"master_deck":["Strike_R","Strike_R","Strike_R","Strike_R","Strike_R","Defend_R","Defend_R","Defend_R","Bash","Limit Break+1","Flex+1","Flex","Shrug It Off","Flex"],"relics":["Burning Blood","Mummified Hand","Happy Flower"],"potions_floor_usage":[7],"damage_taken":[{"damage":7,"enemies":"Small Slimes","floor":1,"turns":4},{"damage":6,"enemies":"Cultist","floor":2,"turns":3},{"damage":5,"enemies":"2 Louse","floor":3,"turns":3},{"damage":10,"enemies":"Exordium Wildlife","floor":5,"turns":3},{"damage":43,"enemies":"Lagavulin","floor":7,"turns":7},{"damage":5,"enemies":"Looter","floor":10,"turns":3},{"damage":32,"enemies":"3 Sentries","floor":11,"turns":6}],"seed_played":"-828796226708720330","potions_obtained":[{"floor":5,"key":"Energy Potion"},{"floor":7,"key":"Ancient Potion"}],"is_trial":false,"path_per_floor":["M","M","M","?","M","R","E","R","T","M","E"],"character_chosen":"IRONCLAD","items_purchased":[],"campfire_rested":0,"item_purchase_floors":[],"current_hp_per_floor":[71,71,72,72,68,68,31,31,31,32,0],"gold":249,"neow_bonus":"THREE_RARE_CARDS","is_prod":false,"is_daily":false,"chose_seed":false,"campfire_upgraded":2,"win_rate":0,"timestamp":1549613526,"path_taken":["M","M","M","?","?","R","E","R","T","M","E"],"build_version":"2019-01-23","purchased_purges":0,"victory":false,"max_hp_per_floor":[72,72,72,72,72,72,72,72,72,72,72],"card_choices":[{"not_picked":["Double Tap","Brutality"],"picked":"Limit Break","floor":0},{"not_picked":["Sword Boomerang","Shrug It Off"],"picked":"Flex","floor":1},{"not_picked":["Bloodletting","Sword Boomerang"],"picked":"Flex","floor":2},{"not_picked":["Perfected Strike","Berserk"],"picked":"Shrug It Off","floor":3},{"not_picked":["Battle Trance","Power Through","Bloodletting"],"picked":"SKIP","floor":5},{"not_picked":["Body Slam","Intimidate"],"picked":"Flex","floor":7},{"not_picked":["Second Wind","Iron Wave","Rage"],"picked":"SKIP","floor":10}],"player_experience":7372,"relics_obtained":[{"floor":7,"key":"Mummified Hand"},{"floor":9,"key":"Happy Flower"}],"event_choices":[{"cards_removed":["Defend_R"],"damage_healed":0,"gold_gain":0,"player_choice":"Offered Basic","damage_taken":0,"max_hp_gain":0,"max_hp_loss":0,"event_name":"Bonfire Elementals","floor":4,"gold_loss":0}],"is_beta":false,"boss_relics":[],"items_purged_floors":[],"is_endless":false,"potions_floor_spawned":[5,7],"killed_by":"3 Sentries","ascension_level":0}