{"gold_per_floor":[113,128,190,210,227,227,253,155,155,173,173,196,271,287,287,417,417,437,311,331,331,231,231,262,262,262,262,300,300],"floor_reached":29,"playtime":1403,"items_purged":["Injury","Writhe"],"score":280,"play_id":"de176110-26eb-42f1-b2c7-97e34e3e4dbf","local_time":"20190212232740","is_ascension_mode":true,"campfire_choices":[{"data":"Heavy Blade","floor":6,"key":"SMITH"},{"floor":15,"key":"REST"},{"data":"Rampage","floor":23,"key":"SMITH"},{"floor":25,"key":"REST"}],"neow_cost":"NONE","seed_source_timestamp":166840240819942,"circlet_count":0,"master_deck":["Defend_R","Defend_R","Defend_R","Defend_R","Bash","Deep Breath","Heavy Blade+1","Flex","Shockwave","Inflame","Dramatic Entrance","Headbutt","Cleave","Rampage+1","Offering","Shrug It Off","Whirlwind+1","Bite","Bite","Bite","Bite","Bite"],"relics":["Burning Blood","Whetstone","Golden Idol","White Beast Statue","Frozen Egg 2","Oddly Smooth Stone","Sundial","Red Mask"],"potions_floor_usage":[10,12,16,20,24],"damage_taken":[{"damage":10,"enemies":"Cultist","floor":1,"turns":4},{"damage":5,"enemies":"Jaw Worm","floor":2,"turns":5},{"damage":0,"enemies":"2 Louse","floor":4,"turns":2},{"damage":11,"enemies":"2 Fungi Beasts","floor":5,"turns":4},{"damage":21,"enemies":"Lagavulin","floor":7,"turns":6},{"damage":16,"enemies":"Large Slime","floor":10,"turns":6},{"damage":3,"enemies":"Lots of Slimes","floor":12,"turns":4},{"damage":9,"enemies":"Blue Slaver","floor":14,"turns":3},{"damage":60,"enemies":"Hexaghost","floor":16,"turns":10},{"damage":7,"enemies":"3 Byrds","floor":18,"turns":5},{"damage":15,"enemies":"Chosen","floor":20,"turns":4},{"damage":33,"enemies":"Gremlin Leader","floor":24,"turns":5},{"damage":40,"enemies":"Masked Bandits","floor":28,"turns":4},{"damage":48,"enemies":"Slavers","floor":29,"turns":5}],"seed_played":"-3136300771652783612","potions_obtained":[{"floor":1,"key":"Energy Potion"},{"floor":7,"key":"Block Potion"},{"floor":10,"key":"Energy Potion"},{"floor":18,"key":"Fire Potion"},{"floor":20,"key":"SkillPotion"},{"floor":24,"key":"FearPotion"},{"floor":28,"key":"Weak Potion"}],"is_trial":false,"path_per_floor":["M","M","?","M","M","R","E","$","T","M","?","M","?","M","R","B",null,"M","$","M","?","$","R","E","R","T","?","?","E"],"character_chosen":"IRONCLAD","items_purchased":["Dramatic Entrance","Shrug It Off"],"campfire_rested":2,"item_purchase_floors":[8,19],"current_hp_per_floor":[76,77,77,80,75,75,60,60,60,52,52,57,46,45,69,17,80,79,79,71,71,71,71,46,70,70,70,40,0],"gold":300,"neow_bonus":"RANDOM_COLORLESS","is_prod":false,"is_daily":false,"chose_seed":false,"campfire_upgraded":2,"win_rate":0,"timestamp":1550039260,"path_taken":["M","M","?","M","M","R","E","$","T","M","?","M","?","M","R","BOSS","M","$","M","?","$","R","E","R","T","?","?","E"],"build_version":"2019-01-23","purchased_purges":2,"victory":false,"max_hp_per_floor":[80,80,80,80,80,80,80,80,80,80,80,80,80,80,80,80,80,80,80,80,80,80,80,80,80,80,80,80,80],"card_choices":[{"not_picked":["Corruption","Twin Strike"],"picked":"Heavy Blade","floor":1},{"not_picked":["Disarm","Anger"],"picked":"Flex","floor":2},{"not_picked":["Perfected Strike","Warcry"],"picked":"Shockwave","floor":4},{"not_picked":["Anger","Metallicize"],"picked":"Inflame","floor":5},{"not_picked":["Carnage","Anger","Blood for Blood"],"picked":"SKIP","floor":7},{"not_picked":["Burning Pact","Thunderclap"],"picked":"Headbutt","floor":10},{"not_picked":["Pummel","Anger"],"picked":"Cleave","floor":12},{"not_picked":["Sword Boomerang","Body Slam"],"picked":"Rampage","floor":14},{"not_picked":["Reaper","Bludgeon"],"picked":"Offering","floor":16},{"not_picked":["Reckless Charge","Clash","Burning Pact+1"],"picked":"SKIP","floor":18},{"not_picked":["Thunderclap","Wild Strike+1"],"picked":"Whirlwind+1","floor":20},{"not_picked":["Shrug It Off","Hemokinesis","Evolve+1"],"picked":"SKIP","floor":24}],"player_experience":31004,"relics_obtained":[{"floor":7,"key":"Whetstone"},{"floor":9,"key":"Blood Vial"},{"floor":24,"key":"Oddly Smooth Stone"},{"floor":26,"key":"Sundial"},{"floor":28,"key":"Red Mask"}],"event_choices":[{"damage_healed":0,"gold_gain":62,"player_choice":"Gained Gold","damage_taken":0,"max_hp_gain":0,"max_hp_loss":0,"event_name":"Golden Wing","floor":3,"gold_loss":0},{"damage_healed":0,"gold_gain":0,"player_choice":"Take Wound","damage_taken":0,"relics_obtained":["Golden Idol"],"max_hp_gain":0,"max_hp_loss":0,"event_name":"Golden Idol","floor":11,"gold_loss":0,"cards_obtained":["Injury"]},{"damage_healed":0,"gold_gain":75,"player_choice":"Gather Gold","damage_taken":11,"max_hp_gain":0,"max_hp_loss":0,"event_name":"World of Goop","floor":13,"gold_loss":0},{"damage_healed":0,"gold_gain":0,"player_choice":"Opened","damage_taken":0,"relics_obtained":["Frozen Egg 2"],"max_hp_gain":0,"max_hp_loss":0,"event_name":"The Mausoleum","floor":21,"gold_loss":0,"cards_obtained":["Writhe"]},{"damage_healed":0,"gold_gain":0,"player_choice":"Became a vampire (Vial)","damage_taken":0,"max_hp_gain":0,"max_hp_loss":0,"event_name":"Vampires","floor":27,"relics_lost":["Blood Vial"],"gold_loss":0,"cards_obtained":["Bite","Bite","Bite","Bite","Bite"]},{"damage_healed":0,"gold_gain":0,"player_choice":"Fought Bandits","damage_taken":0,"max_hp_gain":0,"max_hp_loss":0,"event_name":"Masked Bandits","floor":28,"gold_loss":0}],"is_beta":false,"boss_relics":[{"not_picked":["Cursed Key","Fusion Hammer"],"picked":"White Beast Statue"}],"items_purged_floors":[19,22],"is_endless":false,"potions_floor_spawned":[1,7,10,18,20,24,28],"killed_by":"Slavers","ascension_level":1}