{"gold_per_floor":[114,114,132,18,32,64,76,116,155,167,179,191,223,254,266,349,361,383,411,423,435,447,459,504,516],"floor_reached":25,"playtime":795,"items_purged":[],"score":472,"play_id":"79bc4bf5-c770-4039-a400-54f073122be4","local_time":"20190523042153","is_ascension_mode":true,"campfire_choices":[{"data":"Armaments","floor":7.0,"key":"SMITH"},{"data":"Sword Boomerang","floor":12.0,"key":"SMITH"},{"floor":15.0,"key":"REST"},{"floor":23,"key":"REST"}],"neow_cost":"NONE","seed_source_timestamp":166190037114521,"circlet_count":0,"master_deck":["AscendersBane","Defend_R","Defend_R","Defend_R","Defend_R","Bash+1","Sword Boomerang+1","Armaments+1","Twin Strike","Shrug It Off","Disarm+1","Thunderclap","Dual Wield","Parasite","Combust","Shrug It Off","Impervious","Seeing Red+1","Dropkick","Bite","Bite","Bite","Bite","Bite","Reaper"],"special_seed":0,"relics":["Burning Blood","MawBank","Bronze Scales","Pen Nib","Cursed Key","Nilry\u0027s Codex","Mummified Hand"],"potions_floor_usage":[16,24],"damage_taken":[{"damage":18.0,"enemies":"Jaw Worm","floor":1.0,"turns":6.0},{"damage":4.0,"enemies":"Small Slimes","floor":3.0,"turns":3.0},{"damage":0.0,"enemies":"2 Louse","floor":5.0,"turns":3.0},{"damage":26.0,"enemies":"3 Sentries","floor":6.0,"turns":11.0},{"damage":27.0,"enemies":"Gremlin Nob","floor":8.0,"turns":4.0},{"damage":10.0,"enemies":"2 Fungi Beasts","floor":13.0,"turns":4.0},{"damage":8.0,"enemies":"Blue Slaver","floor":14.0,"turns":3.0},{"damage":29,"enemies":"Slime Boss","floor":16,"turns":6},{"damage":19,"enemies":"3 Byrds","floor":18,"turns":2},{"damage":20,"enemies":"Chosen","floor":19,"turns":6},{"damage":24,"enemies":"Book of Stabbing","floor":24,"turns":7},{"damage":39,"enemies":"Sentry and Sphere","floor":25,"turns":5}],"seed_played":"5861905616661418655","potions_obtained":[{"floor":1.0,"key":"SpeedPotion"},{"floor":5.0,"key":"Energy Potion"},{"floor":13.0,"key":"Strength Potion"},{"floor":18,"key":"EssenceOfSteel"}],"is_trial":false,"path_per_floor":["M","?","M","$","M","E","R","E","T","?","?","R","M","M","R","B",null,"M","M","?","?","?","R","E","M"],"character_chosen":"IRONCLAD","items_purchased":["Twin Strike","Shrug It Off"],"campfire_rested":2,"item_purchase_floors":[4,4],"current_hp_per_floor":[56,49,51,51,57,37,37,16,16,34,34,34,30,28,50,27,63,50,36,15,15,15,30,26,0],"gold":516,"neow_bonus":"UPGRADE_CARD","is_prod":false,"is_daily":false,"chose_seed":false,"campfire_upgraded":2,"win_rate":0,"timestamp":1558603313,"path_taken":["M","?","M","$","M","E","R","E","T","?","?","R","M","M","R","BOSS","M","M","?","?","?","R","E","M"],"build_version":"2019-01-23","purchased_purges":0,"victory":false,"max_hp_per_floor":[75,75,75,75,75,75,75,75,75,75,75,75,75,75,75,75,75,75,75,75,52,52,52,52,52],"card_choices":[{"not_picked":["Rage","Heavy Blade"],"picked":"Sword Boomerang","floor":1.0},{"not_picked":["Iron Wave","Anger"],"picked":"Armaments","floor":3.0},{"not_picked":["Heavy Blade","Sever Soul"],"picked":"Disarm","floor":5.0},{"not_picked":["Headbutt","Brutality"],"picked":"Thunderclap","floor":6.0},{"not_picked":["Iron Wave","Wild Strike"],"picked":"Dual Wield","floor":8.0},{"not_picked":["Iron Wave","Reckless Charge"],"picked":"Combust","floor":13.0},{"not_picked":["Clash","Iron Wave"],"picked":"Shrug It Off","floor":14.0},{"not_picked":["Double Tap","Brutality"],"picked":"Impervious","floor":16},{"not_picked":["Headbutt+1","Thunderclap"],"picked":"Seeing Red","floor":18},{"not_picked":["Disarm","Thunderclap"],"picked":"Dropkick","floor":19},{"not_picked":["Havoc+1","Clothesline"],"picked":"Reaper","floor":24}],"player_experience":450161,"relics_obtained":[{"floor":6.0,"key":"MawBank"},{"floor":8.0,"key":"Bronze Scales"},{"floor":9.0,"key":"Pen Nib"},{"floor":20,"key":"Nilry\u0027s Codex"},{"floor":24,"key":"Mummified Hand"}],"event_choices":[{"cards_removed":["Strike_R"],"damage_healed":0.0,"max_hp_gain":0.0,"max_hp_loss":0.0,"gold_gain":0.0,"event_name":"Golden Wing","player_choice":"Card Removal","floor":2.0,"gold_loss":0.0,"damage_taken":7.0},{"damage_healed":18.0,"max_hp_gain":0.0,"max_hp_loss":0.0,"gold_gain":0.0,"event_name":"Mushrooms","player_choice":"Healed and dodged fight","floor":10.0,"gold_loss":0.0,"damage_taken":0.0,"cards_obtained":["Parasite"]},{"damage_healed":0.0,"max_hp_gain":0.0,"max_hp_loss":0.0,"gold_gain":0.0,"event_name":"Living Wall","player_choice":"Grow","floor":11.0,"gold_loss":0.0,"damage_taken":0.0,"cards_upgraded":["Disarm"]},{"damage_healed":0,"gold_gain":0,"player_choice":"Obtained Book","damage_taken":21,"max_hp_gain":0,"max_hp_loss":0,"event_name":"Cursed Tome","floor":20,"gold_loss":0},{"damage_healed":0,"gold_gain":0,"player_choice":"Became a vampire","damage_taken":0,"max_hp_gain":0,"max_hp_loss":23,"event_name":"Vampires","floor":21,"gold_loss":0,"cards_obtained":["Bite","Bite","Bite","Bite","Bite"]},{"damage_healed":0,"gold_gain":0,"player_choice":"Forge","damage_taken":0,"max_hp_gain":0,"max_hp_loss":0,"event_name":"Accursed Blacksmith","floor":22,"gold_loss":0,"cards_upgraded":["Seeing Red"]}],"is_beta":false,"boss_relics":[{"not_picked":["Black Star","Snecko Eye"],"picked":"Cursed Key"}],"items_purged_floors":[],"is_endless":false,"potions_floor_spawned":[1,5,13,14,18],"killed_by":"Sentry and Sphere","ascension_level":19}