{"gold_per_floor":[218,218,218,230,230,263,263,281,305,305,317,334,345,345,345,441,441,456,490,472,472,484,484,502,502,526,538,157,57,57,75,75,75],"floor_reached":33,"playtime":2282,"items_purged":["Strike_G","Strike_G"],"score":249,"play_id":"b37eab73-17c6-42fc-b08d-4b499dda377b","local_time":"20190518134359","is_ascension_mode":false,"campfire_choices":[{"floor":7,"key":"REST"},{"data":"Neutralize","floor":10,"key":"SMITH"},{"floor":15,"key":"REST"},{"data":"Leg Sweep","floor":23,"key":"SMITH"},{"data":"Blur","floor":25,"key":"SMITH"},{"floor":32,"key":"REST"}],"neow_cost":"NONE","seed_source_timestamp":195537807357079,"circlet_count":0,"master_deck":["Defend_G+1","Defend_G+1","Defend_G+1","Defend_G+1","Strike_G+1","Strike_G+1","Strike_G+1","Survivor","Neutralize+1","Dagger Spray+1","Quick Slash","Quick Slash","Leg Sweep+1","Backflip","Phantasmal Killer","Outmaneuver+1","Blur+1","Riddle With Holes","Well Laid Plans","All Out Attack+1","Glass Knife","Skewer+1"],"relics":["Ring of the Snake","Art of War","Juzu Bracelet","Velvet Choker","Red Mask","Boot","Blood Vial"],"potions_floor_usage":[],"damage_taken":[{"damage":5,"enemies":"Small Slimes","floor":1,"turns":4},{"damage":1,"enemies":"Cultist","floor":4,"turns":3},{"damage":51,"enemies":"Gremlin Nob","floor":6,"turns":6},{"damage":3,"enemies":"Jaw Worm","floor":8,"turns":3},{"damage":1,"enemies":"Exordium Wildlife","floor":11,"turns":3},{"damage":2,"enemies":"Looter","floor":12,"turns":3},{"damage":10,"enemies":"Exordium Thugs","floor":13,"turns":4},{"damage":33,"enemies":"The Guardian","floor":16,"turns":20},{"damage":7,"enemies":"Shell Parasite","floor":18,"turns":6},{"damage":12,"enemies":"Masked Bandits","floor":19,"turns":3},{"damage":15,"enemies":"2 Thieves","floor":20,"turns":5},{"damage":3,"enemies":"Snake Plant","floor":22,"turns":8},{"damage":1,"enemies":"Centurion and Healer","floor":24,"turns":6},{"damage":0,"enemies":"Shelled Parasite and Fungi","floor":27,"turns":6},{"damage":7,"enemies":"Snake Plant","floor":31,"turns":4},{"damage":64,"enemies":"Automaton","floor":33,"turns":10}],"seed_played":"3939073148454063844","potions_obtained":[{"floor":6,"key":"SpeedPotion"},{"floor":8,"key":"Strength Potion"},{"floor":31,"key":"Poison Potion"}],"is_trial":false,"path_per_floor":["M","$","?","M","?","E","R","M","T","R","M","M","M","?","R","B",null,"M","?","M","?","M","R","M","R","T","M","$","$","?","M","R","B"],"character_chosen":"THE_SILENT","items_purchased":["Glass Knife","Blood Vial"],"campfire_rested":3,"item_purchase_floors":[28,28],"current_hp_per_floor":[65,65,65,64,64,13,34,31,31,31,30,28,18,18,39,6,70,63,51,36,36,33,33,32,32,32,32,32,32,32,27,48,0],"gold":75,"neow_bonus":"HUNDRED_GOLD","is_prod":false,"is_daily":false,"chose_seed":false,"campfire_upgraded":3,"win_rate":0,"timestamp":1558212239,"path_taken":["M","$","?","M","?","E","R","?","T","R","M","M","M","?","R","BOSS","M","?","M","?","M","R","M","R","T","M","?","$","?","M","R","BOSS"],"build_version":"2019-01-23","purchased_purges":2,"victory":false,"max_hp_per_floor":[70,70,70,70,70,70,70,70,70,70,70,70,70,70,70,70,70,70,70,70,70,70,70,70,70,70,70,70,70,70,70,70,70],"card_choices":[{"not_picked":["Prepared","Setup"],"picked":"Dagger Spray","floor":1},{"not_picked":["Deadly Poison","Slice","Deflect"],"picked":"SKIP","floor":4},{"not_picked":["Dagger Spray","Reflex"],"picked":"Quick Slash","floor":6},{"not_picked":["Deflect","Slice"],"picked":"Quick Slash","floor":8},{"not_picked":["Bane","Venomology"],"picked":"Leg Sweep","floor":11},{"not_picked":["Deflect","Tactician"],"picked":"Backflip","floor":12},{"not_picked":["Blade Dance","Deadly Poison","Sucker Punch"],"picked":"SKIP","floor":13},{"not_picked":["Doppelganger","Wraith Form v2"],"picked":"Phantasmal Killer","floor":16},{"not_picked":["Prepared","Quick Slash+1"],"picked":"Outmaneuver+1","floor":18},{"not_picked":["Outmaneuver","Quick Slash+1"],"picked":"Blur","floor":20},{"not_picked":["Deadly Poison","Outmaneuver"],"picked":"Riddle With Holes","floor":22},{"not_picked":["Dagger Throw","Quick Slash"],"picked":"Well Laid Plans","floor":24},{"not_picked":["Infinite Blades","Bane"],"picked":"All Out Attack+1","floor":27},{"not_picked":["Dash+1","Backflip"],"picked":"Skewer+1","floor":31}],"player_experience":151525,"relics_obtained":[{"floor":6,"key":"Art of War"},{"floor":9,"key":"Juzu Bracelet"},{"floor":19,"key":"Red Mask"}],"event_choices":[{"damage_healed":0,"gold_gain":0,"player_choice":"Grow","damage_taken":0,"max_hp_gain":0,"max_hp_loss":0,"event_name":"Living Wall","floor":3,"gold_loss":0,"cards_upgraded":["Dagger Spray"]},{"cards_removed":["Defend_G"],"damage_healed":0,"gold_gain":0,"player_choice":"Offered Basic","damage_taken":0,"max_hp_gain":0,"max_hp_loss":0,"event_name":"Bonfire Elementals","floor":5,"gold_loss":0},{"damage_healed":0,"gold_gain":0,"player_choice":"Searched \u00270\u0027 times","damage_taken":0,"max_hp_gain":0,"max_hp_loss":0,"event_name":"Dead Adventurer","floor":14,"gold_loss":0},{"damage_healed":0,"gold_gain":0,"player_choice":"Fought Bandits","damage_taken":0,"max_hp_gain":0,"max_hp_loss":0,"event_name":"Masked Bandits","floor":19,"gold_loss":0},{"damage_healed":0,"gold_gain":0,"player_choice":"Opened","damage_taken":0,"relics_obtained":["Boot"],"max_hp_gain":0,"max_hp_loss":0,"event_name":"The Mausoleum","floor":21,"gold_loss":0},{"damage_healed":0,"gold_gain":0,"player_choice":"Simplicity","damage_taken":0,"max_hp_gain":0,"max_hp_loss":0,"event_name":"Back to Basics","floor":30,"gold_loss":0,"cards_upgraded":["Defend_G","Defend_G","Defend_G","Defend_G","Strike_G","Strike_G","Strike_G"]}],"is_beta":false,"boss_relics":[{"not_picked":["Philosopher\u0027s Stone","Fusion Hammer"],"picked":"Velvet Choker"}],"items_purged_floors":[28,29],"is_endless":false,"potions_floor_spawned":[6,8,22,31],"killed_by":"Automaton","ascension_level":0}