{"gold_per_floor":[215,215,215,234,58,87,87,162,162,181,197,162,176,209,209,209],"floor_reached":16,"playtime":481,"items_purged":["Regret"],"score":110,"play_id":"e2a9f317-3c2b-4af0-b6b7-92102c8c9b95","local_time":"20190409024819","is_ascension_mode":false,"campfire_choices":[{"data":"Searing Blow","floor":7.0,"key":"SMITH"},{"data":"Searing Blow+1","floor":15.0,"key":"SMITH"}],"neow_cost":"NONE","seed_source_timestamp":0,"circlet_count":0,"master_deck":["Strike_R","Strike_R","Strike_R","Strike_R","Defend_R","Defend_R","Defend_R+1","Defend_R+1","Bash","Fire Breathing","Pommel Strike","Cleave","Combust","Searing Blow+2","Body Slam","Anger","Disarm","Battle Trance"],"special_seed":0,"relics":["Burning Blood","Incense Burner","Magic Flower","Turnip","War Paint"],"potions_floor_usage":[16],"damage_taken":[{"damage":12.0,"enemies":"Jaw Worm","floor":1.0,"turns":6.0},{"damage":7.0,"enemies":"2 Louse","floor":4.0,"turns":4.0},{"damage":17.0,"enemies":"3 Sentries","floor":6.0,"turns":6.0},{"damage":6.0,"enemies":"Small Slimes","floor":10.0,"turns":5.0},{"damage":11.0,"enemies":"Blue Slaver","floor":11.0,"turns":5.0},{"damage":14.0,"enemies":"2 Fungi Beasts","floor":13.0,"turns":3.0},{"damage":25.0,"enemies":"Lagavulin","floor":14.0,"turns":9.0},{"damage":45,"enemies":"The Guardian","floor":16,"turns":12}],"seed_played":"-2633743388384743289","potions_obtained":[{"floor":6.0,"key":"Swift Potion"},{"floor":11.0,"key":"SpeedPotion"}],"is_trial":false,"path_per_floor":["M","?","?","M","$","E","R","?","T","M","M","?","M","E","R","B"],"character_chosen":"IRONCLAD","items_purchased":["Cleave","Combust"],"campfire_rested":0,"item_purchase_floors":[5,5],"current_hp_per_floor":[74,67,67,66,66,55,55,44,44,47,45,65,60,44,44,0],"gold":209,"neow_bonus":"HUNDRED_GOLD","is_prod":false,"is_daily":false,"chose_seed":true,"campfire_upgraded":2,"win_rate":0,"timestamp":1554796099,"path_taken":["M","?","?","M","$","E","R","?","T","M","M","?","M","E","R","BOSS"],"build_version":"2019-01-23","purchased_purges":1,"victory":false,"max_hp_per_floor":[80,80,80,80,80,80,80,80,80,80,80,80,80,80,80,80],"card_choices":[{"not_picked":["Thunderclap","Clash"],"picked":"Fire Breathing","floor":1.0},{"not_picked":["Warcry","Body Slam"],"picked":"Pommel Strike","floor":4.0},{"not_picked":["Corruption","Reckless Charge"],"picked":"Searing Blow","floor":6.0},{"not_picked":["Clash","Ghostly Armor"],"picked":"Body Slam","floor":10.0},{"not_picked":["Armaments","Rage"],"picked":"Anger","floor":11.0},{"not_picked":["True Grit","Pommel Strike"],"picked":"Disarm","floor":13.0},{"not_picked":["Heavy Blade","Whirlwind"],"picked":"Battle Trance","floor":14.0}],"player_experience":302983,"relics_obtained":[{"floor":6.0,"key":"Magic Flower"},{"floor":9.0,"key":"Turnip"},{"floor":14.0,"key":"War Paint"}],"event_choices":[{"cards_removed":["Strike_R"],"damage_healed":0.0,"max_hp_gain":0.0,"max_hp_loss":0.0,"gold_gain":0.0,"event_name":"Golden Wing","player_choice":"Card Removal","floor":2.0,"gold_loss":0.0,"damage_taken":7.0},{"damage_healed":0.0,"max_hp_gain":0.0,"max_hp_loss":0.0,"gold_gain":0.0,"event_name":"Big Fish","player_choice":"Box","floor":3.0,"gold_loss":0.0,"damage_taken":0.0,"relics_obtained":["Incense Burner"],"cards_obtained":["Regret"]},{"damage_healed":0.0,"max_hp_gain":0.0,"max_hp_loss":0.0,"gold_gain":75.0,"event_name":"World of Goop","player_choice":"Gather Gold","floor":8.0,"gold_loss":0.0,"damage_taken":11.0},{"damage_healed":20.0,"max_hp_gain":0.0,"max_hp_loss":0.0,"gold_gain":0.0,"event_name":"The Cleric","player_choice":"Healed","floor":12.0,"gold_loss":35.0,"damage_taken":0.0}],"is_beta":false,"boss_relics":[],"items_purged_floors":[5],"is_endless":false,"potions_floor_spawned":[6,11],"killed_by":"The Guardian","ascension_level":0}