{"gold_per_floor":[111,70,70,87,87,87,103,137,222,234,263,293,305,346,358,447,459,471,483,545,591,523],"floor_reached":22,"playtime":505,"items_purged":[],"score":365,"play_id":"1080a551-e2a7-4d82-b66d-0c0bfd13036c","local_time":"20190517012729","is_ascension_mode":true,"campfire_choices":[{"data":"Loop","floor":6.0,"key":"SMITH"},{"data":"Static Discharge","floor":10.0,"key":"SMITH"},{"floor":13.0,"key":"REST"},{"floor":15.0,"key":"REST"}],"neow_cost":"NONE","seed_source_timestamp":6633370011559,"circlet_count":0,"master_deck":["AscendersBane","Strike_B","Strike_B","Strike_B","Defend_B","Defend_B","Defend_B","Defend_B","Zap","Dualcast","Barrage","Loop+1","Static Discharge+1","BootSequence","Cold Snap","Defragment","Conserve Battery","Electrodynamics","Hologram"],"special_seed":0,"relics":["Cracked Core","NeowsBlessing","MawBank","Blue Candle","Cables","Snecko Eye","Red Mask"],"potions_floor_usage":[18,22],"damage_taken":[{"damage":0.0,"enemies":"Cultist","floor":1.0,"turns":1.0},{"damage":0.0,"enemies":"Jaw Worm","floor":4.0,"turns":1.0},{"damage":0.0,"enemies":"Small Slimes","floor":7.0,"turns":1.0},{"damage":35.0,"enemies":"3 Sentries","floor":8.0,"turns":6.0},{"damage":8.0,"enemies":"Blue Slaver","floor":11.0,"turns":4.0},{"damage":8.0,"enemies":"Looter","floor":12.0,"turns":4.0},{"damage":12.0,"enemies":"Lagavulin","floor":14.0,"turns":6.0},{"damage":20,"enemies":"The Guardian","floor":16,"turns":15},{"damage":0,"enemies":"Shell Parasite","floor":18,"turns":1},{"damage":30,"enemies":"Colosseum Slavers","floor":19,"turns":3},{"damage":24,"enemies":"Masked Bandits","floor":21,"turns":2},{"damage":3,"enemies":"2 Thieves","floor":22,"turns":2}],"seed_played":"5695486489041366125","potions_obtained":[{"floor":8.0,"key":"SmokeBomb"},{"floor":11.0,"key":"AttackPotion"},{"floor":14.0,"key":"SpeedPotion"}],"is_trial":false,"path_per_floor":["M","$","?","M","?","R","M","E","T","R","M","M","R","E","R","B",null,"M","?","?","?","M"],"character_chosen":"DEFECT","items_purchased":["Loop"],"campfire_rested":2,"item_purchase_floors":[2],"current_hp_per_floor":[64,64,64,64,57,57,57,22,22,22,14,6,27,15,36,16,57,57,27,27,3,0],"gold":523,"neow_bonus":"THREE_ENEMY_KILL","is_prod":false,"is_daily":false,"chose_seed":false,"campfire_upgraded":2,"win_rate":0,"timestamp":1558074449,"path_taken":["M","?","?","M","?","R","M","E","T","R","M","M","R","E","R","BOSS","M","?","?","?","?"],"build_version":"2019-01-23","purchased_purges":0,"victory":false,"max_hp_per_floor":[71,71,71,71,71,71,71,71,71,71,71,71,71,71,71,71,71,71,71,71,71,71],"card_choices":[{"not_picked":["Steam","Beam Cell"],"picked":"Barrage","floor":1.0},{"not_picked":["Redo","Hologram","Skim"],"picked":"SKIP","floor":4.0},{"not_picked":["Go for the Eyes","Storm"],"picked":"Static Discharge","floor":7.0},{"not_picked":["Compile Driver","Leap"],"picked":"BootSequence","floor":8.0},{"not_picked":["Coolheaded","Go for the Eyes"],"picked":"Cold Snap","floor":11.0},{"not_picked":["Skim","Sweeping Beam"],"picked":"Defragment","floor":12.0},{"not_picked":["Scrape","Tempest"],"picked":"Conserve Battery","floor":14.0},{"not_picked":["Seek","Thunder Strike"],"picked":"Electrodynamics","floor":16},{"not_picked":["Storm","Sweeping Beam"],"picked":"Hologram","floor":21}],"player_experience":426299,"relics_obtained":[{"floor":8.0,"key":"MawBank"},{"floor":9.0,"key":"Blue Candle"},{"floor":14.0,"key":"Cables"},{"floor":21,"key":"Red Mask"}],"event_choices":[{"damage_healed":0.0,"max_hp_gain":0.0,"max_hp_loss":0.0,"gold_gain":0.0,"event_name":"Liars Game","player_choice":"Ignored","floor":3.0,"gold_loss":0.0,"damage_taken":0.0},{"cards_removed":["Strike_B"],"damage_healed":0.0,"max_hp_gain":0.0,"max_hp_loss":0.0,"gold_gain":0.0,"event_name":"Golden Wing","player_choice":"Card Removal","floor":5.0,"gold_loss":0.0,"damage_taken":7.0},{"damage_healed":0,"gold_gain":0,"player_choice":"Fight","damage_taken":0,"max_hp_gain":0,"max_hp_loss":0,"event_name":"Colosseum","floor":19,"gold_loss":0},{"damage_healed":0,"gold_gain":0,"player_choice":"Fled From Nobs","damage_taken":0,"max_hp_gain":0,"max_hp_loss":0,"event_name":"Colosseum","floor":19,"gold_loss":0},{"damage_healed":0,"gold_gain":50,"player_choice":"Stole From Cult","damage_taken":0,"max_hp_gain":0,"max_hp_loss":0,"event_name":"Nest","floor":20,"gold_loss":0},{"damage_healed":0,"gold_gain":0,"player_choice":"Fought Bandits","damage_taken":0,"max_hp_gain":0,"max_hp_loss":0,"event_name":"Masked Bandits","floor":21,"gold_loss":0}],"is_beta":false,"boss_relics":[{"not_picked":["Calling Bell","Philosopher\u0027s Stone"],"picked":"Snecko Eye"}],"items_purged_floors":[],"is_endless":false,"potions_floor_spawned":[8,11,14],"killed_by":"2 Thieves","ascension_level":18}