{"gold_per_floor":[110,110,285,81,99,137,137,3,3,39,39,59,102,141,141,272,272,292,292,310,310,310,310,310],"floor_reached":24,"playtime":771,"items_purged":["Doubt","Strike_R"],"score":343,"play_id":"d52ec12c-8864-4ae0-afcd-6d660fbdaa9f","local_time":"20190404191750","is_ascension_mode":true,"campfire_choices":[{"data":"True Grit","floor":7,"key":"SMITH"},{"data":"Metallicize","floor":11,"key":"SMITH"},{"data":"Shrug It Off","floor":15,"key":"SMITH"},{"floor":23,"key":"REST"}],"neow_cost":"NONE","seed_source_timestamp":1623392140214129,"circlet_count":0,"master_deck":["Strike_R","Strike_R","Strike_R","Strike_R","Defend_R","Defend_R","Defend_R+1","Defend_R","Bash","Anger","Shrug It Off+1","Thunderclap","True Grit+1","Pommel Strike","Disarm+1","Metallicize+1","Iron Wave","Whirlwind","Flex","Demon Form","Dual Wield","Intimidate","Armaments","Clothesline","Offering","Metallicize+1"],"relics":["Burning Blood","NeowsBlessing","Golden Idol","WingedGreaves","Mercury Hourglass","Orichalcum","War Paint","Pear","Orrery","Enchiridion"],"potions_floor_usage":[13,24],"damage_taken":[{"damage":0,"enemies":"2 Louse","floor":1,"turns":1},{"damage":0,"enemies":"Small Slimes","floor":5,"turns":1},{"damage":0,"enemies":"Gremlin Nob","floor":6,"turns":1},{"damage":26,"enemies":"Lagavulin","floor":10,"turns":7},{"damage":0,"enemies":"Jaw Worm","floor":12,"turns":4},{"damage":13,"enemies":"3 Sentries","floor":13,"turns":5},{"damage":21,"enemies":"Lagavulin","floor":14,"turns":8},{"damage":11,"enemies":"The Guardian","floor":16,"turns":15},{"damage":4,"enemies":"Chosen","floor":18,"turns":6},{"damage":28,"enemies":"Spheric Guardian","floor":20,"turns":7},{"damage":76,"enemies":"Gremlin Leader","floor":24,"turns":8}],"seed_played":"-4379636851425589039","potions_obtained":[{"floor":6,"key":"SkillPotion"},{"floor":10,"key":"Ancient Potion"},{"floor":13,"key":"Energy Potion"},{"floor":14,"key":"PowerPotion"}],"is_trial":false,"path_per_floor":["M","?","?","$","M","E","R","$","T","E","R","M","E","E","R","B",null,"M","?","M","?","?","R","E"],"character_chosen":"IRONCLAD","items_purchased":["Shrug It Off","Thunderclap","True Grit","Metallicize"],"campfire_rested":1,"item_purchase_floors":[4,4,4,8],"current_hp_per_floor":[78,58,58,58,64,70,70,70,70,50,50,56,49,44,44,39,77,79,79,57,41,41,68,0],"gold":310,"neow_bonus":"THREE_ENEMY_KILL","is_prod":false,"is_daily":false,"chose_seed":false,"campfire_upgraded":3,"win_rate":0,"timestamp":1554423470,"path_taken":["M","?","?","$","M","E","R","$","T","E","R","M","E","E","R","BOSS","M","?","M","?","?","R","E"],"build_version":"2019-01-23","purchased_purges":2,"victory":false,"max_hp_per_floor":[80,80,80,80,80,80,80,80,80,80,80,80,80,90,90,90,90,90,90,90,90,90,90,90],"card_choices":[{"not_picked":["Perfected Strike","Wild Strike"],"picked":"Anger","floor":1},{"not_picked":["Headbutt","Second Wind"],"picked":"Pommel Strike","floor":5},{"not_picked":["Body Slam","Wild Strike"],"picked":"Disarm","floor":6},{"not_picked":["Havoc","Shrug It Off"],"picked":"Iron Wave","floor":10},{"not_picked":["Seeing Red","Thunderclap"],"picked":"Whirlwind","floor":12},{"not_picked":["Battle Trance","Sentinel"],"picked":"Flex","floor":13},{"not_picked":["Wild Strike","Exhume","Infernal Blade"],"picked":"SKIP","floor":14},{"not_picked":["Offering","Immolate"],"picked":"Demon Form","floor":16},{"not_picked":["Shrug It Off","Battle Trance"],"picked":"Dual Wield","floor":17},{"not_picked":["Rampage","Whirlwind"],"picked":"Intimidate","floor":17},{"not_picked":["Inflame","Havoc"],"picked":"Armaments","floor":17},{"not_picked":["Thunderclap","Iron Wave"],"picked":"Clothesline","floor":17},{"not_picked":["Iron Wave+1","Ghostly Armor"],"picked":"Offering","floor":18},{"not_picked":["Searing Blow","Headbutt","Burning Pact"],"picked":"SKIP","floor":20}],"player_experience":283095,"relics_obtained":[{"floor":6,"key":"WingedGreaves"},{"floor":9,"key":"Mercury Hourglass"},{"floor":10,"key":"Orichalcum"},{"floor":13,"key":"War Paint"},{"floor":14,"key":"Pear"},{"floor":21,"key":"Enchiridion"}],"event_choices":[{"damage_healed":0,"gold_gain":0,"player_choice":"Take Damage","damage_taken":20,"relics_obtained":["Golden Idol"],"max_hp_gain":0,"max_hp_loss":0,"event_name":"Golden Idol","floor":2,"gold_loss":0},{"damage_healed":0,"gold_gain":175,"player_choice":"AGREE","damage_taken":0,"max_hp_gain":0,"max_hp_loss":0,"event_name":"Liars Game","floor":3,"gold_loss":0,"cards_obtained":["Doubt"]},{"damage_healed":0,"gold_gain":0,"player_choice":"Ignored","damage_taken":0,"max_hp_gain":0,"max_hp_loss":0,"event_name":"Ghosts","floor":19,"gold_loss":0},{"damage_healed":0,"gold_gain":0,"player_choice":"Obtained Book","damage_taken":16,"max_hp_gain":0,"max_hp_loss":0,"event_name":"Cursed Tome","floor":21,"gold_loss":0},{"damage_healed":0,"gold_gain":0,"player_choice":"Copied","damage_taken":0,"max_hp_gain":0,"max_hp_loss":0,"event_name":"Duplicator","floor":22,"gold_loss":0,"cards_obtained":["Metallicize"]}],"is_beta":false,"boss_relics":[{"not_picked":["Coffee Dripper","Pandora\u0027s Box"],"picked":"Orrery"}],"items_purged_floors":[4,8],"is_endless":false,"potions_floor_spawned":[6,10,13,14,16],"killed_by":"Gremlin Leader","ascension_level":8}