{"gold_per_floor":[109,209,226,243,133,159,159,171,171,191,208,62,88,88,88,193,193,211,211,224,237,256,256,267,267,345,364,78,95,95],"floor_reached":30,"playtime":806,"items_purged":["Strike_R"],"score":344,"play_id":"20b952be-3d58-4d3a-998b-7e202d8ab045","local_time":"20190329213740","is_ascension_mode":true,"campfire_choices":[{"data":"Inflame","floor":7,"key":"SMITH"},{"floor":15,"key":"REST"},{"data":"Searing Blow","floor":23,"key":"SMITH"},{"data":"Searing Blow+1","floor":25,"key":"SMITH"}],"neow_cost":"NONE","seed_source_timestamp":1113335163190096,"circlet_count":0,"master_deck":["Strike_R","Strike_R","Strike_R","Strike_R","Defend_R","Defend_R","Defend_R","Defend_R","Bash","Heavy Blade","Pommel Strike","Inflame+1","Combust","Dropkick","Anger","Combust","Inflame+1","Shrug It Off","Battle Trance","Immolate","Anger","Searing Blow+2","Brutality","Flex+1","Warcry","Rupture"],"relics":["Burning Blood","NeowsBlessing","Pen Nib","Vajra","Bronze Scales","Sundial","Velvet Choker","Dodecahedron","Tiny Chest"],"potions_floor_usage":[6,13,27,27,29,30,30],"damage_taken":[{"damage":0,"enemies":"2 Louse","floor":1,"turns":1},{"damage":0,"enemies":"Cultist","floor":3,"turns":1},{"damage":0,"enemies":"Small Slimes","floor":4,"turns":1},{"damage":34,"enemies":"Gremlin Nob","floor":6,"turns":4},{"damage":7,"enemies":"Looter","floor":8,"turns":3},{"damage":7,"enemies":"2 Fungi Beasts","floor":10,"turns":2},{"damage":12,"enemies":"Lots of Slimes","floor":11,"turns":7},{"damage":25,"enemies":"Lagavulin","floor":13,"turns":5},{"damage":45,"enemies":"Hexaghost","floor":16,"turns":7},{"damage":6,"enemies":"Chosen","floor":18,"turns":3},{"damage":2,"enemies":"3 Byrds","floor":20,"turns":2},{"damage":31,"enemies":"Sentry and Sphere","floor":21,"turns":3},{"damage":9,"enemies":"Centurion and Healer","floor":22,"turns":4},{"damage":13,"enemies":"Cultist and Chosen","floor":24,"turns":4},{"damage":9,"enemies":"Snake Plant","floor":27,"turns":2},{"damage":2,"enemies":"Snecko","floor":29,"turns":3},{"damage":37,"enemies":"Book of Stabbing","floor":30,"turns":3}],"seed_played":"-1851389332474171005","potions_obtained":[{"floor":3,"key":"Swift Potion"},{"floor":6,"key":"Block Potion"},{"floor":10,"key":"PowerPotion"},{"floor":11,"key":"GamblersBrew"},{"floor":16,"key":"Poison Potion"},{"floor":21,"key":"Swift Potion"},{"floor":22,"key":"Strength Potion"},{"floor":27,"key":"Block Potion"}],"is_trial":false,"path_per_floor":["M","?","M","M","$","E","R","M","T","M","M","$","E","?","R","B",null,"M","?","M","M","M","R","M","R","T","M","$","M","E"],"character_chosen":"IRONCLAD","items_purchased":["Combust","Dropkick","Bronze Scales","Rupture","Tiny Chest","Energy Potion"],"campfire_rested":1,"item_purchase_floors":[5,5,12,28,28,28],"current_hp_per_floor":[78,78,80,80,80,52,52,51,51,50,44,44,25,25,49,10,63,63,63,67,42,39,39,32,32,32,29,29,33,0],"gold":95,"neow_bonus":"THREE_ENEMY_KILL","is_prod":false,"is_daily":false,"chose_seed":false,"campfire_upgraded":3,"win_rate":0,"timestamp":1553913460,"path_taken":["M","?","?","M","?","E","R","M","T","M","?","$","E","?","R","BOSS","M","?","M","?","M","R","M","R","T","M","$","M","E"],"build_version":"2019-01-23","purchased_purges":1,"victory":false,"max_hp_per_floor":[80,80,80,80,80,80,80,80,80,80,80,80,80,80,80,80,80,80,80,80,80,80,80,80,80,80,80,80,80,80],"card_choices":[{"not_picked":["True Grit","Headbutt"],"picked":"Heavy Blade","floor":1},{"not_picked":["Thunderclap","Shrug It Off"],"picked":"Pommel Strike","floor":3},{"not_picked":["Twin Strike","Sever Soul"],"picked":"Inflame","floor":4},{"not_picked":["Berserk","Thunderclap"],"picked":"Anger","floor":6},{"not_picked":["Clash","Sever Soul"],"picked":"Combust","floor":8},{"not_picked":["Carnage","Pommel Strike"],"picked":"Inflame","floor":10},{"not_picked":["Searing Blow","Sentinel"],"picked":"Shrug It Off","floor":11},{"not_picked":["Armaments","Combust"],"picked":"Battle Trance","floor":13},{"not_picked":["Limit Break","Impervious"],"picked":"Immolate","floor":16},{"not_picked":["Thunderclap+1","Pommel Strike"],"picked":"Anger","floor":18},{"not_picked":["Power Through","Evolve"],"picked":"Searing Blow","floor":20},{"not_picked":["Armaments","Clash+1"],"picked":"Brutality","floor":21},{"not_picked":["Clash","Warcry"],"picked":"Flex+1","floor":22},{"not_picked":["Heavy Blade","Perfected Strike","Iron Wave"],"picked":"SKIP","floor":24},{"not_picked":["Body Slam","Reckless Charge"],"picked":"Warcry","floor":27},{"not_picked":["Twin Strike","Headbutt+1","Perfected Strike+1"],"picked":"SKIP","floor":29}],"player_experience":273287,"relics_obtained":[{"floor":6,"key":"Pen Nib"},{"floor":9,"key":"Vajra"},{"floor":13,"key":"Sundial"},{"floor":26,"key":"Dodecahedron"}],"event_choices":[{"damage_healed":0,"gold_gain":100,"player_choice":"Pray","damage_taken":0,"max_hp_gain":0,"max_hp_loss":0,"event_name":"Golden Shrine","floor":2,"gold_loss":0},{"damage_healed":0,"gold_gain":0,"player_choice":"Grow","damage_taken":0,"max_hp_gain":0,"max_hp_loss":0,"event_name":"Living Wall","floor":14,"gold_loss":0,"cards_upgraded":["Inflame"]},{"damage_healed":0,"gold_gain":0,"player_choice":"Ignored","damage_taken":0,"max_hp_gain":0,"max_hp_loss":0,"event_name":"N\u0027loth","floor":19,"gold_loss":0}],"is_beta":false,"boss_relics":[{"not_picked":["Snecko Eye","Fusion Hammer"],"picked":"Velvet Choker"}],"items_purged_floors":[28],"is_endless":false,"potions_floor_spawned":[3,6,10,11,16,21,22,27],"killed_by":"Book of Stabbing","ascension_level":8}