{"gold_per_floor":[111,126,49,66,77,77,94,109,109,109,109,109,109,142,142,142],"floor_reached":16,"playtime":937,"items_purged":[],"score":102,"play_id":"ec64070e-94ae-4537-88df-ac7d8a39c8a0","local_time":"20190518021938","is_ascension_mode":false,"campfire_choices":[{"data":"True Grit","floor":6,"key":"SMITH"},{"data":"True Grit","floor":10,"key":"SMITH"},{"data":"Body Slam","floor":12,"key":"SMITH"},{"floor":15,"key":"REST"}],"neow_cost":"PERCENT_DAMAGE","seed_source_timestamp":187857943341518,"circlet_count":0,"master_deck":["Strike_R","Strike_R","Strike_R","Defend_R","Defend_R","Defend_R","Defend_R","Bash","Body Slam+1","True Grit+1","Sentinel","Feed","True Grit+1","Wild Strike+1","Armaments"],"relics":["Burning Blood","Question Card","Matryoshka"],"potions_floor_usage":[],"damage_taken":[{"damage":1,"enemies":"Cultist","floor":1,"turns":3},{"damage":1,"enemies":"2 Louse","floor":2,"turns":3},{"damage":14,"enemies":"Small Slimes","floor":4,"turns":6},{"damage":11,"enemies":"Blue Slaver","floor":5,"turns":5},{"damage":14,"enemies":"Large Slime","floor":7,"turns":9},{"damage":6,"enemies":"Exordium Wildlife","floor":8,"turns":5},{"damage":22,"enemies":"3 Sentries","floor":14,"turns":15},{"damage":67,"enemies":"Hexaghost","floor":16,"turns":14}],"seed_played":"6749698543829556737","potions_obtained":[{"floor":2,"key":"GamblersBrew"},{"floor":4,"key":"AttackPotion"},{"floor":5,"key":"Ancient Potion"}],"is_trial":false,"path_per_floor":["M","M","$","M","M","R","M","M","T","R","?","R","?","E","R","B"],"character_chosen":"IRONCLAD","items_purchased":["Sentinel"],"campfire_rested":1,"item_purchase_floors":[3],"current_hp_per_floor":[61,66,66,58,53,53,48,51,51,51,51,51,51,38,64,0],"gold":142,"neow_bonus":"REMOVE_TWO","is_prod":false,"is_daily":false,"chose_seed":false,"campfire_upgraded":3,"win_rate":0,"timestamp":1558171178,"path_taken":["M","M","$","M","M","R","M","M","T","R","?","R","?","E","R","BOSS"],"build_version":"2019-01-23","purchased_purges":0,"victory":false,"max_hp_per_floor":[80,80,80,80,80,80,83,86,86,86,86,86,86,89,89,89],"card_choices":[{"not_picked":["Perfected Strike","Armaments"],"picked":"Body Slam","floor":1},{"not_picked":["Sever Soul","Seeing Red"],"picked":"True Grit","floor":2},{"not_picked":["Iron Wave","Rupture","Battle Trance"],"picked":"SKIP","floor":4},{"not_picked":["Perfected Strike","Headbutt"],"picked":"Feed","floor":5},{"not_picked":["Anger","Flame Barrier"],"picked":"True Grit","floor":7},{"not_picked":["Clothesline","Armaments"],"picked":"Wild Strike","floor":8},{"not_picked":["Brutality","Anger","Clash"],"picked":"Armaments","floor":14}],"player_experience":146982,"relics_obtained":[{"floor":9,"key":"Question Card"},{"floor":14,"key":"Matryoshka"}],"event_choices":[{"damage_healed":0,"gold_gain":0,"player_choice":"Grow","damage_taken":0,"max_hp_gain":0,"max_hp_loss":0,"event_name":"Living Wall","floor":11,"gold_loss":0,"cards_upgraded":["Wild Strike"]},{"damage_healed":0,"gold_gain":0,"player_choice":"Fled","damage_taken":0,"max_hp_gain":0,"max_hp_loss":0,"event_name":"Scrap Ooze","floor":13,"gold_loss":0}],"is_beta":false,"boss_relics":[],"items_purged_floors":[],"is_endless":false,"potions_floor_spawned":[2,4,5,7],"killed_by":"Hexaghost","ascension_level":0}