{"gold_per_floor":[117,117,131,59,59,85,85,119,119,119,129,129,147,158,158,262,262,202,202,214,233,233,264,264,294,366,366,377,477,477,491,491,590,590,605,658,39,56,72,72,12,12,12,24,38,54,54,70,70,70],"floor_reached":51,"playtime":3260,"items_purged":["Strike_R"],"score":881,"play_id":"5ae21ebb-4479-4b64-8174-1d00a195edc4","local_time":"20190312212439","is_ascension_mode":true,"campfire_choices":[{"data":"Thunderclap","floor":7,"key":"SMITH"},{"data":"Corruption","floor":15,"key":"SMITH"},{"data":"Armaments","floor":24,"key":"SMITH"},{"data":"Feel No Pain","floor":30,"key":"SMITH"},{"data":"Warcry","floor":32,"key":"SMITH"},{"data":"Dark Embrace","floor":40,"key":"SMITH"},{"data":"Seeing Red","floor":42,"key":"SMITH"},{"data":"Burning Pact","floor":47,"key":"SMITH"},{"data":"Twin Strike","floor":49,"key":"SMITH"}],"neow_cost":"NONE","seed_source_timestamp":1796061303077038,"circlet_count":0,"master_deck":["Strike_R+1","Strike_R+1","Defend_R","Defend_R","Defend_R","Defend_R","Bash","Burning Pact+1","Feel No Pain+1","Corruption+1","Thunderclap+1","Cleave","Disarm","Intimidate","Shrug It Off","Reaper","Seeing Red+1","Dropkick","Armaments+1","Warcry+1","Shockwave","Infernal Blade+1","Inflame+1","Dark Embrace+1","Spot Weakness+1","Shrug It Off+1","Feel No Pain+1","Twin Strike+1"],"relics":["Burning Blood","NeowsBlessing","Darkstone Periapt","Bronze Scales","Ornamental Fan","FaceOfCleric","Blue Candle","Runic Pyramid","Happy Flower","The Courier","Shuriken","Anchor","Paper Frog","Calipers","Toxic Egg 2","Busted Crown","Incense Burner","Sundial","Lantern","Unceasing Top","Pear"],"potions_floor_usage":[8,29,36,38,50,50],"damage_taken":[{"damage":0,"enemies":"2 Louse","floor":1,"turns":1},{"damage":0,"enemies":"Jaw Worm","floor":3,"turns":1},{"damage":0,"enemies":"Lagavulin","floor":6,"turns":1},{"damage":11,"enemies":"3 Sentries","floor":8,"turns":9},{"damage":1,"enemies":"Cultist","floor":11,"turns":4},{"damage":7,"enemies":"Exordium Wildlife","floor":13,"turns":3},{"damage":6,"enemies":"Exordium Thugs","floor":14,"turns":4},{"damage":38,"enemies":"Slime Boss","floor":16,"turns":10},{"damage":26,"enemies":"2 Thieves","floor":18,"turns":4},{"damage":7,"enemies":"Chosen","floor":20,"turns":6},{"damage":0,"enemies":"Centurion and Healer","floor":21,"turns":7},{"damage":12,"enemies":"Book of Stabbing","floor":23,"turns":5},{"damage":46,"enemies":"Gremlin Leader","floor":25,"turns":6},{"damage":1,"enemies":"Chosen and Byrds","floor":28,"turns":6},{"damage":7,"enemies":"Colosseum Slavers","floor":29,"turns":4},{"damage":26,"enemies":"Colosseum Nobs","floor":29,"turns":5},{"damage":23,"enemies":"Shelled Parasite and Fungi","floor":31,"turns":5},{"damage":31,"enemies":"Collector","floor":33,"turns":9},{"damage":0,"enemies":"3 Shapes","floor":35,"turns":4},{"damage":18,"enemies":"2 Orb Walkers","floor":36,"turns":4},{"damage":0,"enemies":"Orb Walker","floor":38,"turns":3},{"damage":0,"enemies":"4 Shapes","floor":39,"turns":3},{"damage":0,"enemies":"Maw","floor":44,"turns":5},{"damage":0,"enemies":"Sphere and 2 Shapes","floor":45,"turns":4},{"damage":10,"enemies":"Transient","floor":46,"turns":5},{"damage":0,"enemies":"Maw","floor":48,"turns":5},{"damage":13,"enemies":"Donu and Deca","floor":50,"turns":5}],"seed_played":"-1174546259719285714","potions_obtained":[{"floor":6,"key":"Fire Potion"},{"floor":13,"key":"Strength Potion"},{"floor":14,"key":"FearPotion"},{"floor":16,"key":"Strength Potion"},{"floor":21,"key":"Fire Potion"},{"floor":25,"key":"Swift Potion"},{"floor":33,"key":"SteroidPotion"},{"floor":36,"key":"Fruit Juice"},{"floor":44,"key":"Dexterity Potion"}],"is_trial":false,"path_per_floor":["M","?","M","$","?","E","R","E","T","?","M","T","M","M","R","B",null,"M","?","M","M","T","E","R","E","T","?","M","?","R","M","R","B",null,"M","?","$","M","M","R","$","R","T","M","M","M","R","M","R","B",null],"character_chosen":"IRONCLAD","items_purchased":["Corruption","Spot Weakness+1","Sundial","Lantern","Unceasing Top"],"campfire_rested":0,"item_purchase_floors":[4,37,37,37,37],"current_hp_per_floor":[80,64,70,70,63,69,69,64,64,64,70,70,70,71,71,40,84,73,73,77,87,87,88,88,57,57,57,69,72,72,64,64,69,94,95,96,96,102,103,103,103,103,113,114,115,116,116,117,117,111],"gold":70,"neow_bonus":"THREE_ENEMY_KILL","is_prod":false,"is_daily":false,"chose_seed":false,"campfire_upgraded":9,"win_rate":0,"timestamp":1552443879,"path_taken":["M","?","M","$","?","E","R","E","T","?","?","?","M","M","R","BOSS","M","?","M","M","?","E","R","E","T","?","?","?","R","M","R","BOSS","M","?","$","M","M","R","$","R","T","M","M","M","R","M","R","BOSS"],"build_version":"2019-01-23","purchased_purges":1,"victory":true,"max_hp_per_floor":[80,80,80,80,80,80,80,80,80,80,81,81,82,83,83,84,84,85,85,86,87,87,88,88,89,89,89,90,92,92,93,93,94,94,95,96,96,102,103,103,103,103,113,114,115,116,116,117,117,118],"card_choices":[{"not_picked":["True Grit","Disarm"],"picked":"Burning Pact","floor":1},{"not_picked":["Perfected Strike","Havoc"],"picked":"Feel No Pain","floor":3},{"not_picked":["Sever Soul","Anger"],"picked":"Thunderclap","floor":6},{"not_picked":["Disarm","Feed"],"picked":"Cleave","floor":8},{"not_picked":["Sword Boomerang","Havoc"],"picked":"Disarm","floor":11},{"not_picked":["Pummel","Bloodletting"],"picked":"Intimidate","floor":13},{"not_picked":["Shockwave","Rampage"],"picked":"Shrug It Off","floor":14},{"not_picked":["Brutality","Bludgeon"],"picked":"Reaper","floor":16},{"not_picked":["Uppercut","Thunderclap","Iron Wave"],"picked":"SKIP","floor":18},{"not_picked":["Evolve","Havoc"],"picked":"Seeing Red","floor":20},{"not_picked":["Corruption","Rupture"],"picked":"Dropkick","floor":21},{"not_picked":["Ghostly Armor","Berserk"],"picked":"Armaments","floor":23},{"not_picked":["Evolve","Disarm"],"picked":"Warcry","floor":25},{"not_picked":["Clash","Brutality"],"picked":"Shockwave","floor":28},{"not_picked":["Clash+1","Perfected Strike"],"picked":"Infernal Blade","floor":29},{"not_picked":["Body Slam","Evolve"],"picked":"Inflame+1","floor":31},{"not_picked":["Berserk","Barricade"],"picked":"Dark Embrace","floor":33},{"not_picked":["Hemokinesis"],"picked":"SKIP","floor":35},{"not_picked":["Shockwave+1"],"picked":"SKIP","floor":38},{"not_picked":[],"picked":"Shrug It Off+1","floor":39},{"not_picked":["Heavy Blade"],"picked":"SKIP","floor":44},{"not_picked":[],"picked":"Feel No Pain+1","floor":45},{"not_picked":["Power Through+1"],"picked":"SKIP","floor":46},{"not_picked":[],"picked":"Twin Strike","floor":48}],"player_experience":199849,"relics_obtained":[{"floor":6,"key":"Darkstone Periapt"},{"floor":8,"key":"Bronze Scales"},{"floor":9,"key":"Ornamental Fan"},{"floor":12,"key":"Blue Candle"},{"floor":22,"key":"The Courier"},{"floor":23,"key":"Shuriken"},{"floor":25,"key":"Anchor"},{"floor":26,"key":"Paper Frog"},{"floor":29,"key":"Calipers"},{"floor":29,"key":"Toxic Egg 2"},{"floor":36,"key":"Incense Burner"},{"floor":43,"key":"Pear"}],"event_choices":[{"damage_healed":0,"gold_gain":0,"player_choice":"Entered Light","damage_taken":16,"max_hp_gain":0,"max_hp_loss":0,"event_name":"Shining Light","floor":2,"gold_loss":0,"cards_upgraded":["Strike_R","Strike_R"]},{"cards_removed":["Strike_R"],"damage_healed":0,"gold_gain":0,"player_choice":"Card Removal","damage_taken":7,"max_hp_gain":0,"max_hp_loss":0,"event_name":"Golden Wing","floor":5,"gold_loss":0},{"damage_healed":0,"gold_gain":0,"player_choice":"Trade","damage_taken":0,"relics_obtained":["FaceOfCleric"],"max_hp_gain":0,"max_hp_loss":0,"event_name":"FaceTrader","floor":10,"gold_loss":0},{"damage_healed":0,"gold_gain":0,"player_choice":"Opened","damage_taken":0,"relics_obtained":["Happy Flower"],"max_hp_gain":0,"max_hp_loss":0,"event_name":"The Mausoleum","floor":19,"gold_loss":0},{"cards_removed":["Strike_R"],"damage_healed":0,"gold_gain":0,"player_choice":"Elegance","damage_taken":0,"max_hp_gain":0,"max_hp_loss":0,"event_name":"Back to Basics","floor":27,"gold_loss":0},{"damage_healed":0,"gold_gain":0,"player_choice":"Fight","damage_taken":0,"max_hp_gain":0,"max_hp_loss":0,"event_name":"Colosseum","floor":29,"gold_loss":0},{"damage_healed":0,"gold_gain":0,"player_choice":"Fought Nobs","damage_taken":0,"max_hp_gain":0,"max_hp_loss":0,"event_name":"Colosseum","floor":29,"gold_loss":0},{"damage_healed":0,"gold_gain":0,"player_choice":"Fight","damage_taken":0,"max_hp_gain":0,"max_hp_loss":0,"event_name":"Mysterious Sphere","floor":36,"gold_loss":0}],"is_beta":false,"boss_relics":[{"not_picked":["Velvet Choker","Empty Cage"],"picked":"Runic Pyramid"},{"not_picked":["Astrolabe","Sozu"],"picked":"Busted Crown"}],"items_purged_floors":[41],"is_endless":false,"potions_floor_spawned":[6,13,14,16,21,25,28,33,36,38,44,45,46],"ascension_level":4}