{"gold_per_floor":[115,115,115,115,125,125,154,154,229,229,229,247,247,263,263,368,368,387,387,397,416,88,88,88],"floor_reached":24,"playtime":1087,"items_purged":["Strike_B"],"score":193,"play_id":"4fdfea7f-75ae-4875-b111-3c49fa78384d","local_time":"20190519021349","is_ascension_mode":false,"campfire_choices":[{"floor":6,"key":"REST"},{"data":"Fission","floor":8,"key":"SMITH"},{"data":"Redo","floor":11,"key":"SMITH"},{"data":"Loop","floor":13,"key":"SMITH"},{"floor":15,"key":"REST"},{"data":"Redo","floor":23,"key":"SMITH"}],"neow_cost":"NONE","seed_source_timestamp":230932599978185,"circlet_count":0,"master_deck":["Strike_B","Strike_B","Strike_B","Defend_B","Defend_B","Defend_B","Defend_B","Zap","Dualcast","Redo+1","Glacier+1","Loop+1","Fission+1","Sunder","Sweeping Beam","Reboot","Coolheaded","Capacitor","Cold Snap","Redo+1"],"relics":["Cracked Core","Symbiotic Virus","Happy Flower","Dodecahedron","Spirit Poop","Velvet Choker","Boot"],"potions_floor_usage":[],"damage_taken":[{"damage":8,"enemies":"Jaw Worm","floor":1,"turns":3},{"damage":2,"enemies":"Cultist","floor":5,"turns":3},{"damage":31,"enemies":"Gremlin Nob","floor":7,"turns":5},{"damage":1,"enemies":"2 Louse","floor":12,"turns":3},{"damage":13,"enemies":"Red Slaver","floor":14,"turns":3},{"damage":3,"enemies":"Slime Boss","floor":16,"turns":11},{"damage":10,"enemies":"2 Thieves","floor":18,"turns":3},{"damage":3,"enemies":"3 Byrds","floor":20,"turns":5},{"damage":6,"enemies":"3 Cultists","floor":21,"turns":5},{"damage":79,"enemies":"Slavers","floor":24,"turns":4}],"seed_played":"-2033453485634661151","potions_obtained":[{"floor":5,"key":"LiquidBronze"},{"floor":7,"key":"SpeedPotion"},{"floor":12,"key":"FearPotion"},{"floor":16,"key":"FairyPotion"}],"is_trial":false,"path_per_floor":["M","$","?","?","M","R","E","R","T","?","R","M","R","M","R","B",null,"M","?","M","M","$","R","E"],"character_chosen":"DEFECT","items_purchased":["Boot","Cold Snap","Redo"],"campfire_rested":2,"item_purchase_floors":[22,22,22],"current_hp_per_floor":[67,67,55,55,53,75,44,44,44,44,44,43,43,30,52,49,75,65,65,62,56,56,56,0],"gold":88,"neow_bonus":"THREE_CARDS","is_prod":false,"is_daily":false,"chose_seed":false,"campfire_upgraded":4,"win_rate":0,"timestamp":1558257229,"path_taken":["M","$","?","?","?","R","E","R","T","?","R","?","R","M","R","BOSS","M","?","?","M","$","R","E"],"build_version":"2019-01-23","purchased_purges":1,"victory":false,"max_hp_per_floor":[75,75,75,75,75,75,75,75,75,75,75,75,75,75,75,75,75,75,75,75,75,75,75,75],"card_choices":[{"not_picked":["Steam","Stack"],"picked":"Redo","floor":0},{"not_picked":["Ball Lightning","Leap"],"picked":"Glacier","floor":1},{"not_picked":["Force Field","Reinforced Body"],"picked":"Loop","floor":5},{"not_picked":["Conserve Battery","Tempest"],"picked":"Fission","floor":7},{"not_picked":["Undo","Streamline"],"picked":"Sunder","floor":12},{"not_picked":["Static Discharge","Loop"],"picked":"Sweeping Beam","floor":14},{"not_picked":["Hyperbeam","Meteor Strike"],"picked":"Reboot","floor":16},{"not_picked":["Beam Cell+1","Compile Driver"],"picked":"Coolheaded","floor":18},{"not_picked":["Aggregate+1","Go for the Eyes+1","Compile Driver"],"picked":"SKIP","floor":20},{"not_picked":["Beam Cell","Barrage"],"picked":"Capacitor","floor":21}],"player_experience":180379,"relics_obtained":[{"floor":7,"key":"Happy Flower"},{"floor":9,"key":"Dodecahedron"}],"event_choices":[{"damage_healed":0,"gold_gain":0,"player_choice":"Success","damage_taken":12,"relics_obtained":["Symbiotic Virus"],"max_hp_gain":0,"max_hp_loss":0,"event_name":"Scrap Ooze","floor":3,"gold_loss":0},{"damage_healed":0,"gold_gain":0,"player_choice":"Cursed","damage_taken":0,"max_hp_gain":0,"max_hp_loss":0,"event_name":"Wheel of Change","floor":4,"gold_loss":0,"cards_obtained":["Decay"]},{"cards_removed":["Decay"],"damage_healed":0,"gold_gain":0,"player_choice":"Offered Curse","damage_taken":0,"relics_obtained":["Spirit Poop"],"max_hp_gain":0,"max_hp_loss":0,"event_name":"Bonfire Elementals","floor":10,"gold_loss":0},{"damage_healed":0,"gold_gain":0,"player_choice":"Upgraded","damage_taken":0,"max_hp_gain":0,"max_hp_loss":0,"event_name":"Upgrade Shrine","floor":19,"gold_loss":0,"cards_upgraded":["Glacier"]}],"is_beta":false,"boss_relics":[{"not_picked":["Calling Bell","Astrolabe"],"picked":"Velvet Choker"}],"items_purged_floors":[22],"is_endless":false,"potions_floor_spawned":[5,7,12,14,16,18,20],"killed_by":"Slavers","ascension_level":0}