{"gold_per_floor":[364,378,328,343,93,93,168,168,168,181,209,209,99,109,109,211,211,226,226,226,141,153,181,581,592,643,678,688,688,705,723,723,820,870,882,901,901,921,921,921,955,955,1028,1058,1058,1058],"floor_reached":46,"playtime":3394,"items_purged":["Strike_B"],"score":593,"play_id":"28f3753c-3ddd-4d27-afdf-2b91929a5408","local_time":"20190523231540","is_ascension_mode":false,"campfire_choices":[{"floor":6.0,"key":"REST"},{"data":"Zap","floor":8.0,"key":"SMITH"},{"floor":12.0,"key":"REST"},{"data":"Coolheaded","floor":15.0,"key":"SMITH"},{"floor":29,"key":"REST"},{"floor":32,"key":"REST"},{"data":"Electrodynamics","floor":40,"key":"SMITH"},{"data":"1","floor":42,"key":"LIFT"}],"neow_cost":"PERCENT_DAMAGE","seed_source_timestamp":0,"circlet_count":0,"master_deck":["Defend_B+1","Defend_B","Defend_B","Defend_B","Zap+1","Dualcast","Turbo","Coolheaded+1","FTL","Go for the Eyes","Glacier+1","Coolheaded+1","Electrodynamics+1","Force Field+1","Sunder+1","Doom and Gloom","Chaos+1","Sweeping Beam+1","Ball Lightning+1","Coolheaded+1","Darkness+1","Streamline+1","Go for the Eyes+1","Hologram+1","Electrodynamics+1","Barrage+1","Doom and Gloom+1","Compile Driver+1","Chill+1","Madness+1","Enlightenment+1","Aggregate+1","Multi-Cast+1"],"special_seed":0,"relics":["Cracked Core","Toxic Egg 2","Bottled Flame","Girya","Snecko Eye","Enchiridion","Frozen Egg 2","Oddly Smooth Stone","Old Coin","Molten Egg 2","Strawberry","PreservedInsect","Tiny House","Happy Flower","Question Card","Darkstone Periapt"],"potions_floor_usage":[41,41],"damage_taken":[{"damage":0.0,"enemies":"Cultist","floor":1.0,"turns":4.0},{"damage":3.0,"enemies":"Jaw Worm","floor":2.0,"turns":3.0},{"damage":3.0,"enemies":"Small Slimes","floor":4.0,"turns":3.0},{"damage":1.0,"enemies":"Blue Slaver","floor":10.0,"turns":3.0},{"damage":27.0,"enemies":"Gremlin Nob","floor":11.0,"turns":4.0},{"damage":0.0,"enemies":"3 Louse","floor":14.0,"turns":3.0},{"damage":22.0,"enemies":"The Guardian","floor":16.0,"turns":19.0},{"damage":9.0,"enemies":"Shell Parasite","floor":18.0,"turns":20.0},{"damage":5,"enemies":"2 Thieves","floor":22,"turns":4},{"damage":0,"enemies":"Book of Stabbing","floor":23,"turns":4},{"damage":0,"enemies":"Colosseum Slavers","floor":24,"turns":3},{"damage":6,"enemies":"Colosseum Nobs","floor":24,"turns":4},{"damage":13,"enemies":"Snecko","floor":25,"turns":4},{"damage":10,"enemies":"Gremlin Leader","floor":27,"turns":7},{"damage":11,"enemies":"Centurion and Healer","floor":28,"turns":4},{"damage":7,"enemies":"Snake Plant","floor":30,"turns":4},{"damage":0,"enemies":"Snecko","floor":31,"turns":2},{"damage":33,"enemies":"Automaton","floor":33,"turns":9},{"damage":8,"enemies":"3 Shapes","floor":35,"turns":3},{"damage":8,"enemies":"3 Darklings","floor":36,"turns":5},{"damage":0,"enemies":"Jaw Worm Horde","floor":38,"turns":2},{"damage":0,"enemies":"Giant Head","floor":41,"turns":5},{"damage":40,"enemies":"Nemesis","floor":44,"turns":7},{"damage":21,"enemies":"Writhing Mass","floor":46,"turns":2}],"seed_played":"-170710458657809099","potions_obtained":[{"floor":2.0,"key":"Fire Potion"},{"floor":10.0,"key":"SmokeBomb"},{"floor":11.0,"key":"Energy Potion"},{"floor":41,"key":"SteroidPotion"}],"is_trial":false,"path_per_floor":["M","M","?","M","$","R","?","R","T","M","E","R","$","M","R","B",null,"M","?","?","?","M","E","?","M","T","E","M","R","M","M","R","B",null,"M","M","?","M","?","R","E","R","T","E","?","M"],"character_chosen":"DEFECT","items_purchased":["Toxic Egg 2","Glacier+1"],"campfire_rested":4,"item_purchase_floors":[5,13],"current_hp_per_floor":[54,51,51,48,48,70,59,59,59,58,31,53,53,53,53,31,75,66,66,50,50,45,45,39,26,33,23,12,36,29,29,53,20,87,79,71,71,71,61,61,61,61,61,21,21,0],"gold":1058,"neow_bonus":"TWO_FIFTY_GOLD","is_prod":false,"is_daily":false,"chose_seed":false,"campfire_upgraded":3,"win_rate":0.0,"timestamp":1558667740,"path_taken":["M","M","?","M","?","R","?","R","T","M","E","R","$","M","R","BOSS","M","?","?","?","M","E","?","M","T","E","M","R","?","M","R","BOSS","M","M","?","?","?","R","E","R","T","E","?","M"],"build_version":"2019-01-23","purchased_purges":1,"victory":false,"max_hp_per_floor":[75,75,75,75,75,75,75,75,75,75,75,75,75,75,75,75,75,75,75,75,75,75,75,75,75,82,82,82,82,82,82,82,82,87,87,87,87,87,87,87,87,87,87,87,87,87],"card_choices":[{"not_picked":["Hologram","Leap"],"picked":"Turbo","floor":1.0},{"not_picked":["Melter","Heatsinks"],"picked":"Steam","floor":2.0},{"not_picked":["Self Repair","Heatsinks"],"picked":"Coolheaded","floor":4.0},{"not_picked":["Gash","Steam+1"],"picked":"FTL","floor":10.0},{"not_picked":["Stack+1","Streamline"],"picked":"Go for the Eyes","floor":11.0},{"not_picked":["Gash","Barrage"],"picked":"Coolheaded+1","floor":14.0},{"not_picked":["Amplify+1","Fission+1"],"picked":"Electrodynamics","floor":16.0},{"not_picked":["Cold Snap","Turbo+1"],"picked":"Force Field+1","floor":18.0},{"not_picked":["Cold Snap","Conserve Battery+1"],"picked":"Chaos+1","floor":22},{"not_picked":["Genetic Algorithm+1","Hyperbeam"],"picked":"Sweeping Beam+1","floor":23},{"not_picked":["Beam Cell+1","Hello World+1"],"picked":"Ball Lightning","floor":24},{"not_picked":["Rebound+1","Recycle+1"],"picked":"Coolheaded+1","floor":25},{"not_picked":["Gash+1","Melter+1"],"picked":"Darkness+1","floor":27},{"not_picked":["Rebound+1","White Noise+1"],"picked":"Streamline+1","floor":28},{"not_picked":["Beam Cell+1","Hello World+1"],"picked":"Go for the Eyes+1","floor":30},{"not_picked":["Amplify+1","Barrage+1"],"picked":"Hologram+1","floor":31},{"not_picked":["Buffer+1","Seek+1"],"picked":"Electrodynamics+1","floor":33},{"not_picked":["Cold Snap+1","Leap+1"],"picked":"Barrage+1","floor":34},{"not_picked":["Conserve Battery+1","Redo+1"],"picked":"Doom and Gloom+1","floor":35},{"not_picked":["Turbo+1","Beam Cell+1"],"picked":"Compile Driver+1","floor":36},{"not_picked":["Gash+1","Genetic Algorithm+1"],"picked":"Chill+1","floor":38},{"not_picked":["Discovery+1","Panacea+1"],"picked":"Madness+1","floor":39},{"not_picked":["Dark Shackles+1","Trip+1"],"picked":"Enlightenment+1","floor":39},{"not_picked":["Ball Lightning+1","Rebound+1"],"picked":"Aggregate+1","floor":41},{"not_picked":["Gash+1","Rebound+1","Storm+1"],"picked":"Multi-Cast+1","floor":44}],"player_experience":15252,"relics_obtained":[{"floor":9.0,"key":"Bottled Flame"},{"floor":11.0,"key":"Girya"},{"floor":20,"key":"Enchiridion"},{"floor":23,"key":"Oddly Smooth Stone"},{"floor":24,"key":"Old Coin"},{"floor":24,"key":"Molten Egg 2"},{"floor":26,"key":"Strawberry"},{"floor":27,"key":"PreservedInsect"},{"floor":41,"key":"Happy Flower"},{"floor":43,"key":"Question Card"},{"floor":44,"key":"Darkstone Periapt"}],"event_choices":[{"cards_removed":["Strike_B"],"damage_healed":0.0,"max_hp_gain":0.0,"max_hp_loss":0.0,"gold_gain":0.0,"event_name":"The Cleric","player_choice":"Card Removal","floor":3.0,"gold_loss":50.0,"damage_taken":0.0},{"damage_healed":0.0,"max_hp_gain":0.0,"max_hp_loss":0.0,"gold_gain":75.0,"event_name":"World of Goop","player_choice":"Gather Gold","floor":7.0,"gold_loss":0.0,"damage_taken":11.0},{"damage_healed":0.0,"max_hp_gain":0.0,"max_hp_loss":0.0,"gold_gain":0.0,"cards_transformed":["Strike_B","Strike_B"],"event_name":"Drug Dealer","player_choice":"Became Test Subject","floor":19.0,"gold_loss":0.0,"damage_taken":0.0,"cards_obtained":["Sunder","Doom and Gloom"]},{"damage_healed":0,"gold_gain":0,"player_choice":"Obtained Book","damage_taken":16,"max_hp_gain":0,"max_hp_loss":0,"event_name":"Cursed Tome","floor":20,"gold_loss":0},{"damage_healed":0,"gold_gain":0,"player_choice":"Obtained Relic","damage_taken":0,"relics_obtained":["Frozen Egg 2"],"max_hp_gain":0,"max_hp_loss":0,"event_name":"Addict","floor":21,"gold_loss":85},{"damage_healed":0,"gold_gain":0,"player_choice":"Fight","damage_taken":0,"max_hp_gain":0,"max_hp_loss":0,"event_name":"Colosseum","floor":24,"gold_loss":0},{"damage_healed":0,"gold_gain":0,"player_choice":"Fought Nobs","damage_taken":0,"max_hp_gain":0,"max_hp_loss":0,"event_name":"Colosseum","floor":24,"gold_loss":0},{"damage_healed":0,"gold_gain":0,"player_choice":"Upgraded","damage_taken":0,"max_hp_gain":0,"max_hp_loss":0,"event_name":"Upgrade Shrine","floor":37,"gold_loss":0,"cards_upgraded":["Sunder"]},{"damage_healed":0,"gold_gain":0,"player_choice":"Memory 3","damage_taken":10,"max_hp_gain":0,"max_hp_loss":0,"event_name":"SensoryStone","floor":39,"gold_loss":0},{"cards_removed":["Steam"],"damage_healed":0,"gold_gain":0,"player_choice":"Removed Skill","damage_taken":0,"max_hp_gain":0,"max_hp_loss":0,"event_name":"Falling","floor":45,"gold_loss":0}],"is_beta":false,"boss_relics":[{"not_picked":["Busted Crown","Cursed Key"],"picked":"Snecko Eye"},{"not_picked":["Sozu","FrozenCore"],"picked":"Tiny House"}],"items_purged_floors":[13],"is_endless":false,"potions_floor_spawned":[2,10,11,22,24,28,33,35,41],"killed_by":"Writhing Mass","ascension_level":0}