{"gold_per_floor":[117,192,208,308,321,353,102,102,102,67,67,79,110,132,132,132],"floor_reached":16,"playtime":391,"items_purged":["Strike_R"],"score":173,"play_id":"51df97b3-1078-4678-8b0f-cd6338e2c8bc","local_time":"20190430213251","is_ascension_mode":true,"campfire_choices":[{"data":"Body Slam","floor":8,"key":"SMITH"},{"data":"Whirlwind","floor":11,"key":"SMITH"},{"data":"True Grit","floor":15,"key":"SMITH"}],"neow_cost":"NONE","seed_source_timestamp":280657990616167,"circlet_count":0,"master_deck":["AscendersBane","Strike_R","Strike_R","Strike_R","Strike_R","Defend_R","Defend_R","Defend_R","Defend_R","Bash","Body Slam+1","Whirlwind+1","Pommel Strike","Seeing Red","Anger","Dual Wield","True Grit+1","Flame Barrier"],"relics":["Burning Blood","NeowsBlessing","Gremlin Horn","Oddly Smooth Stone","Bronze Scales","Calipers","Odd Mushroom"],"potions_floor_usage":[6,13,14,16],"damage_taken":[{"damage":0,"enemies":"2 Louse","floor":1,"turns":1},{"damage":0,"enemies":"Jaw Worm","floor":3,"turns":1},{"damage":0,"enemies":"Cultist","floor":5,"turns":1},{"damage":53,"enemies":"Lagavulin","floor":6,"turns":9},{"damage":7,"enemies":"Exordium Wildlife","floor":12,"turns":3},{"damage":32,"enemies":"3 Sentries","floor":13,"turns":6},{"damage":1,"enemies":"The Mushroom Lair","floor":14,"turns":3},{"damage":44,"enemies":"Slime Boss","floor":16,"turns":7}],"seed_played":"487738906764478631","potions_obtained":[{"floor":1,"key":"FearPotion"},{"floor":5,"key":"Energy Potion"},{"floor":12,"key":"Regen Potion"},{"floor":13,"key":"AttackPotion"}],"is_trial":false,"path_per_floor":["M","?","M","?","M","E","$","R","T","?","R","M","E","?","R","B"],"character_chosen":"IRONCLAD","items_purchased":["Anger","Oddly Smooth Stone"],"campfire_rested":0,"item_purchase_floors":[7,7],"current_hp_per_floor":[78,67,73,73,79,32,32,32,32,52,52,51,39,44,44,0],"gold":132,"neow_bonus":"THREE_ENEMY_KILL","is_prod":false,"is_daily":false,"chose_seed":false,"campfire_upgraded":3,"win_rate":0,"timestamp":1556677971,"path_taken":["M","?","M","?","?","E","$","R","T","?","R","M","E","?","R","BOSS"],"build_version":"2019-01-23","purchased_purges":1,"victory":false,"max_hp_per_floor":[80,80,80,80,80,80,80,80,80,80,80,80,80,80,80,80],"card_choices":[{"not_picked":["Battle Trance","Entrench"],"picked":"Body Slam","floor":1},{"not_picked":["Entrench","Headbutt"],"picked":"Whirlwind","floor":3},{"not_picked":["Wild Strike","Havoc"],"picked":"Pommel Strike","floor":5},{"not_picked":["Pommel Strike","Wild Strike"],"picked":"Seeing Red","floor":6},{"not_picked":["Power Through","Feel No Pain"],"picked":"Dual Wield","floor":12},{"not_picked":["Wild Strike","Havoc"],"picked":"True Grit","floor":13},{"not_picked":["Clash","Headbutt"],"picked":"Flame Barrier","floor":14}],"player_experience":349497,"relics_obtained":[{"floor":6,"key":"Gremlin Horn"},{"floor":9,"key":"Bronze Scales"},{"floor":13,"key":"Calipers"},{"floor":14,"key":"Odd Mushroom"}],"event_choices":[{"damage_healed":0,"gold_gain":75,"player_choice":"Gather Gold","damage_taken":11,"max_hp_gain":0,"max_hp_loss":0,"event_name":"World of Goop","floor":2,"gold_loss":0},{"damage_healed":0,"gold_gain":100,"player_choice":"Pray","damage_taken":0,"max_hp_gain":0,"max_hp_loss":0,"event_name":"Golden Shrine","floor":4,"gold_loss":0},{"damage_healed":20,"gold_gain":0,"player_choice":"Healed","damage_taken":0,"max_hp_gain":0,"max_hp_loss":0,"event_name":"The Cleric","floor":10,"gold_loss":35},{"damage_healed":0,"gold_gain":0,"player_choice":"Fought Mushrooms","damage_taken":0,"max_hp_gain":0,"max_hp_loss":0,"event_name":"Mushrooms","floor":14,"gold_loss":0}],"is_beta":false,"boss_relics":[],"items_purged_floors":[7],"is_endless":false,"potions_floor_spawned":[1,5,12,13],"killed_by":"Slime Boss","ascension_level":12}