{"gold_per_floor":[112,90,109,121,41,41,73,73,73,85,112,135,160,202,214,326,338,367,395,419,431,355,367,28,28],"floor_reached":25,"playtime":1766,"items_purged":[],"score":213,"play_id":"a79d887c-556b-416a-8909-c9e6eaf0787b","local_time":"20190524010630","is_ascension_mode":false,"campfire_choices":[{"data":"Endless Agony","floor":6,"key":"SMITH"},{"data":"Sucker Punch","floor":8,"key":"SMITH"},{"floor":15,"key":"REST"},{"floor":23,"key":"REST"}],"neow_cost":"NONE","seed_source_timestamp":17044332890163,"circlet_count":0,"master_deck":["Defend_G","Defend_G","Defend_G","Defend_G","Defend_G","Strike_G","Strike_G","Strike_G","Strike_G","Survivor","Neutralize","Well Laid Plans","Cloak And Dagger","Sucker Punch+1","Endless Agony+1","Outmaneuver","Footwork","Footwork","Escape Plan","Cloak And Dagger","Phantasmal Killer","Predator+1","Flying Knee","Backflip","Writhe"],"relics":["Ring of the Serpent","Matryoshka","MawBank","Pen Nib","NlothsMask","Bag of Marbles","Happy Flower","Dodecahedron","Membership Card","Bird Faced Urn"],"potions_floor_usage":[],"damage_taken":[{"damage":0,"enemies":"Small Slimes","floor":1,"turns":5},{"damage":0,"enemies":"Cultist","floor":3,"turns":3},{"damage":1,"enemies":"2 Louse","floor":4,"turns":3},{"damage":22,"enemies":"Gremlin Nob","floor":7,"turns":6},{"damage":6,"enemies":"Large Slime","floor":11,"turns":8},{"damage":2,"enemies":"Blue Slaver","floor":12,"turns":5},{"damage":2,"enemies":"Lots of Slimes","floor":13,"turns":5},{"damage":20,"enemies":"3 Sentries","floor":14,"turns":9},{"damage":25,"enemies":"The Guardian","floor":16,"turns":17},{"damage":16,"enemies":"3 Byrds","floor":18,"turns":7},{"damage":18,"enemies":"Spheric Guardian","floor":19,"turns":6},{"damage":20,"enemies":"Cultist and Chosen","floor":20,"turns":9},{"damage":57,"enemies":"Book of Stabbing","floor":25,"turns":8}],"seed_played":"-8249726949120407260","potions_obtained":[{"floor":4,"key":"Ancient Potion"},{"floor":7,"key":"Block Potion"},{"floor":13,"key":"FairyPotion"}],"is_trial":false,"path_per_floor":["M","$","M","M","$","R","E","R","T","?","M","M","M","E","R","B",null,"M","M","M","?","?","R","$","E"],"character_chosen":"THE_SILENT","items_purchased":["Sucker Punch","Footwork","Membership Card","Bird Faced Urn"],"campfire_rested":2,"item_purchase_floors":[2,5,24,24],"current_hp_per_floor":[70,70,70,69,69,69,47,47,47,47,41,39,37,17,38,13,70,54,36,16,16,16,37,37,0],"gold":28,"neow_bonus":"TRANSFORM_CARD","is_prod":false,"is_daily":false,"chose_seed":false,"campfire_upgraded":2,"win_rate":0,"timestamp":1558685190,"path_taken":["M","$","M","M","$","R","E","R","T","?","M","M","M","E","R","BOSS","M","M","?","?","?","R","$","E"],"build_version":"2019-01-23","purchased_purges":0,"victory":false,"max_hp_per_floor":[70,70,70,70,70,70,70,70,70,70,70,70,70,70,70,70,70,70,70,70,70,70,70,70,70],"card_choices":[{"not_picked":["Slice","Blur"],"picked":"Cloak And Dagger","floor":1},{"not_picked":["Well Laid Plans","Deadly Poison"],"picked":"Endless Agony","floor":3},{"not_picked":["Sucker Punch","Backflip"],"picked":"Outmaneuver","floor":4},{"not_picked":["Distraction","Outmaneuver"],"picked":"Footwork","floor":7},{"not_picked":["Blade Dance","Acrobatics"],"picked":"Escape Plan","floor":11},{"not_picked":["Acrobatics","Riddle With Holes","Poisoned Stab"],"picked":"SKIP","floor":12},{"not_picked":["Finisher","Blur"],"picked":"Cloak And Dagger","floor":13},{"not_picked":["Choke","Poisoned Stab","Dodge and Roll"],"picked":"SKIP","floor":14},{"not_picked":["Glass Knife","Venomology"],"picked":"Phantasmal Killer","floor":16},{"not_picked":["Deflect","Slice"],"picked":"Predator+1","floor":18},{"not_picked":["Eviscerate","Backstab"],"picked":"Flying Knee","floor":19},{"not_picked":["Predator","Reflex"],"picked":"Backflip","floor":20}],"player_experience":249604,"relics_obtained":[{"floor":7,"key":"Matryoshka"},{"floor":9,"key":"MawBank"},{"floor":9,"key":"Pen Nib"},{"floor":14,"key":"Bag of Marbles"}],"event_choices":[{"damage_healed":0,"gold_gain":0,"player_choice":"Trade","damage_taken":0,"relics_obtained":["NlothsMask"],"max_hp_gain":0,"max_hp_loss":0,"event_name":"FaceTrader","floor":10,"gold_loss":0},{"damage_healed":0,"gold_gain":0,"player_choice":"Opened","damage_taken":0,"relics_obtained":["Happy Flower"],"max_hp_gain":0,"max_hp_loss":0,"event_name":"The Mausoleum","floor":21,"gold_loss":0,"cards_obtained":["Writhe"]},{"damage_healed":0,"gold_gain":0,"player_choice":"Paid Gold","damage_taken":0,"relics_obtained":["Dodecahedron"],"max_hp_gain":0,"max_hp_loss":0,"event_name":"WeMeetAgain","floor":22,"gold_loss":88}],"is_beta":false,"boss_relics":[{"not_picked":["Runic Dome","Eternal Feather"],"picked":"Ring of the Serpent"}],"items_purged_floors":[],"is_endless":false,"potions_floor_spawned":[4,7,13,18,19],"killed_by":"Book of Stabbing","ascension_level":0}