{"gold_per_floor":[111,61,79,90,100,134,59,86,86,86,97,97,97,110,110,213,213,233,283,293,306,321,321],"floor_reached":23,"playtime":1670,"items_purged":["Strike_B"],"score":205,"play_id":"80d60b55-df5c-4267-bc7a-1e49720e7a01","local_time":"20190524140039","is_ascension_mode":false,"campfire_choices":[{"data":"Rainbow","floor":12,"key":"SMITH"},{"floor":15,"key":"REST"}],"neow_cost":"NONE","seed_source_timestamp":354506402497400,"circlet_count":0,"master_deck":["Strike_B","Defend_B","Defend_B+1","Defend_B","Defend_B","Zap","Dualcast+1","Turbo","Auto Shields","Cold Snap","Compile Driver","Machine Learning","Rainbow+1","Zap","Core Surge","Steam Power","Doom and Gloom","Multi-Cast","Redo","Ball Lightning","Conserve Battery","Go for the Eyes"],"relics":["Cracked Core","War Paint","Nunchaku","Kunai","Darkstone Periapt","Eternal Feather"],"potions_floor_usage":[6,18,21,23,23],"damage_taken":[{"damage":1,"enemies":"Jaw Worm","floor":1,"turns":3},{"damage":0,"enemies":"2 Louse","floor":3,"turns":3},{"damage":0,"enemies":"Cultist","floor":4,"turns":4},{"damage":0,"enemies":"Large Slime","floor":5,"turns":7},{"damage":19,"enemies":"Gremlin Nob","floor":6,"turns":5},{"damage":5,"enemies":"Lagavulin","floor":8,"turns":7},{"damage":0,"enemies":"Red Slaver","floor":11,"turns":2},{"damage":0,"enemies":"2 Fungi Beasts","floor":14,"turns":4},{"damage":15,"enemies":"The Guardian","floor":16,"turns":10},{"damage":2,"enemies":"Spheric Guardian","floor":18,"turns":3},{"damage":8,"enemies":"Chosen","floor":20,"turns":4},{"damage":33,"enemies":"Shelled Parasite and Fungi","floor":21,"turns":7},{"damage":13,"enemies":"Snecko","floor":22,"turns":5},{"damage":24,"enemies":"Book of Stabbing","floor":23,"turns":4}],"seed_played":"-6229503911096866156","potions_obtained":[{"floor":1,"key":"FocusPotion"},{"floor":3,"key":"Weak Potion"},{"floor":5,"key":"Strength Potion"},{"floor":6,"key":"Weak Potion"},{"floor":16,"key":"Block Potion"},{"floor":22,"key":"Strength Potion"}],"is_trial":false,"path_per_floor":["M","?","M","M","M","E","$","E","T","?","M","R","?","M","R","B",null,"M","?","M","M","M","E"],"character_chosen":"DEFECT","items_purchased":[],"campfire_rested":1,"item_purchase_floors":[],"current_hp_per_floor":[74,74,74,74,74,55,55,50,50,50,50,50,50,50,72,57,75,73,73,65,32,19,0],"gold":321,"neow_bonus":"REMOVE_CARD","is_prod":false,"is_daily":false,"chose_seed":false,"campfire_upgraded":1,"win_rate":0.0,"timestamp":1558720839,"path_taken":["M","?","M","M","M","E","$","E","T","?","?","R","?","M","R","BOSS","M","?","?","M","M","E"],"build_version":"2019-01-23","purchased_purges":1,"victory":false,"max_hp_per_floor":[75,75,75,75,75,75,75,75,75,75,75,75,75,75,75,75,75,75,75,75,75,75,75],"card_choices":[{"not_picked":["Consume","Rip and Tear"],"picked":"Turbo","floor":1},{"not_picked":["Recycle","Steam Power"],"picked":"Auto Shields","floor":3},{"not_picked":["Barrage","Turbo"],"picked":"Cold Snap","floor":4},{"not_picked":["Rip and Tear","Consume"],"picked":"Compile Driver","floor":5},{"not_picked":["Go for the Eyes","Streamline"],"picked":"Machine Learning","floor":6},{"not_picked":["Go for the Eyes","White Noise"],"picked":"Rainbow","floor":8},{"not_picked":["Undo","Loop"],"picked":"Steam Power","floor":11},{"not_picked":["Tempest","Steam"],"picked":"Doom and Gloom","floor":14},{"not_picked":["Biased Cognition","Core Surge"],"picked":"Multi-Cast","floor":16},{"not_picked":["Blizzard+1","Static Discharge"],"picked":"Redo","floor":18},{"not_picked":["Sweeping Beam+1","Steam"],"picked":"Ball Lightning","floor":20},{"not_picked":["Reprogram+1","Reinforced Body"],"picked":"Conserve Battery","floor":21},{"not_picked":["Compile Driver","Conserve Battery"],"picked":"Go for the Eyes","floor":22}],"player_experience":21164,"relics_obtained":[{"floor":6,"key":"War Paint"},{"floor":8,"key":"Nunchaku"},{"floor":9,"key":"Kunai"}],"event_choices":[{"cards_removed":["Strike_B"],"damage_healed":0,"gold_gain":0,"player_choice":"Card Removal","damage_taken":0,"max_hp_gain":0,"max_hp_loss":0,"event_name":"The Cleric","floor":2,"gold_loss":50},{"damage_healed":0,"gold_gain":0,"player_choice":"2 cards matched","damage_taken":0,"max_hp_gain":0,"max_hp_loss":0,"event_name":"Match and Keep!","floor":10,"gold_loss":0,"cards_obtained":["Zap","Core Surge"]},{"damage_healed":0,"gold_gain":0,"player_choice":"Gave Potion","damage_taken":0,"relics_obtained":["Darkstone Periapt"],"max_hp_gain":0,"max_hp_loss":0,"event_name":"WeMeetAgain","floor":13,"gold_loss":0},{"damage_healed":0,"gold_gain":100,"player_choice":"Bet on Murderer","damage_taken":0,"max_hp_gain":0,"max_hp_loss":0,"event_name":"The Joust","floor":19,"gold_loss":50}],"is_beta":false,"boss_relics":[{"not_picked":["Astrolabe","Velvet Choker"],"picked":"Eternal Feather"}],"items_purged_floors":[7],"is_endless":false,"potions_floor_spawned":[1,3,5,6,16,22],"killed_by":"Book of Stabbing","ascension_level":0}