{"gold_per_floor":[114,130,2,12,12,44,5,25,25,25,25,100,100,111,111,111],"floor_reached":16,"playtime":269,"items_purged":[],"score":160,"play_id":"016deaef-4984-4f84-8c35-34264e2224a4","local_time":"20190409004956","is_ascension_mode":true,"campfire_choices":[{"floor":10,"key":"REST"},{"floor":15,"key":"REST"}],"neow_cost":"NONE","seed_source_timestamp":1989430815418858,"circlet_count":0,"master_deck":["AscendersBane","Strike_B","Strike_B","Strike_B+1","Strike_B","Defend_B","Defend_B","Defend_B","Defend_B","Zap","Dualcast","Dramatic Entrance","Streamline","Beam Cell","Gash","Ball Lightning","Steam","Coolheaded","Amplify","Dramatic Entrance","Seek","Self Repair","Gash+1","BootSequence"],"relics":["Cracked Core","Potion Belt","Question Card","Ginger"],"potions_floor_usage":[],"damage_taken":[{"damage":12,"enemies":"Small Slimes","floor":1,"turns":2},{"damage":1,"enemies":"Cultist","floor":2,"turns":3},{"damage":2,"enemies":"2 Louse","floor":4,"turns":2},{"damage":33,"enemies":"Gremlin Nob","floor":6,"turns":4},{"damage":8,"enemies":"Red Slaver","floor":8,"turns":3},{"damage":1,"enemies":"Large Slime","floor":14,"turns":4},{"damage":42,"enemies":"Slime Boss","floor":16,"turns":5}],"seed_played":"2355148029746120897","potions_obtained":[{"floor":1,"key":"FocusPotion"},{"floor":6,"key":"EssenceOfSteel"},{"floor":8,"key":"Energy Potion"}],"is_trial":false,"path_per_floor":["M","M","$","M","?","E","$","M","T","R","?","?","?","M","R","B"],"character_chosen":"DEFECT","items_purchased":["Gash","Ball Lightning","Steam","Self Repair"],"campfire_rested":2,"item_purchase_floors":[3,3,3,7],"current_hp_per_floor":[56,55,55,53,53,20,20,12,12,34,19,8,5,11,33,0],"gold":111,"neow_bonus":"RANDOM_COLORLESS","is_prod":false,"is_daily":false,"chose_seed":false,"campfire_upgraded":0,"win_rate":0,"timestamp":1554788996,"path_taken":["M","M","$","M","?","E","?","M","T","R","?","?","?","M","R","BOSS"],"build_version":"2019-01-23","purchased_purges":0,"victory":false,"max_hp_per_floor":[75,75,75,75,75,75,75,75,75,75,75,75,75,75,75,75],"card_choices":[{"not_picked":["Redo","Aggregate"],"picked":"Streamline","floor":1},{"not_picked":["Blizzard","Stack"],"picked":"Beam Cell","floor":2},{"not_picked":["Rebound","Conserve Battery"],"picked":"Coolheaded","floor":4},{"not_picked":["Go for the Eyes","Genetic Algorithm"],"picked":"Seek","floor":6},{"not_picked":["Redo","Hologram"],"picked":"Gash","floor":8},{"not_picked":["Ball Lightning","Cold Snap","Beam Cell"],"picked":"BootSequence","floor":14}],"player_experience":298723,"relics_obtained":[{"floor":6,"key":"Potion Belt"},{"floor":9,"key":"Question Card"}],"event_choices":[{"damage_healed":0,"gold_gain":0,"player_choice":"2 cards matched","damage_taken":0,"max_hp_gain":0,"max_hp_loss":0,"event_name":"Match and Keep!","floor":5,"gold_loss":0,"cards_obtained":["Amplify","Dramatic Entrance"]},{"damage_healed":0,"gold_gain":0,"player_choice":"Entered Light","damage_taken":15,"max_hp_gain":0,"max_hp_loss":0,"event_name":"Shining Light","floor":11,"gold_loss":0,"cards_upgraded":["Gash","Strike_B"]},{"damage_healed":0,"gold_gain":75,"player_choice":"Gather Gold","damage_taken":11,"max_hp_gain":0,"max_hp_loss":0,"event_name":"World of Goop","floor":12,"gold_loss":0},{"damage_healed":0,"gold_gain":0,"player_choice":"Success","damage_taken":3,"relics_obtained":["Ginger"],"max_hp_gain":0,"max_hp_loss":0,"event_name":"Scrap Ooze","floor":13,"gold_loss":0}],"is_beta":false,"boss_relics":[],"items_purged_floors":[],"is_endless":false,"potions_floor_spawned":[1,6,8],"killed_by":"Slime Boss","ascension_level":12}