{"gold_per_floor":[112,122,141,158,7,7,40,40,88,102,136,146,146,162,162,266,266,283,62,62,88,88,88,117,117,117,133,152,171,71,89,89,190,190,210,228,239,93,108,108,140,140,211,433,433,448,448,461,461,461],"floor_reached":51,"playtime":2442,"items_purged":["Strike_G","Strike_G"],"score":736,"play_id":"524ee063-b980-474c-8e54-ca6f973e0528","local_time":"20190528130220","is_ascension_mode":false,"campfire_choices":[{"data":"Predator","floor":6.0,"key":"SMITH"},{"data":"Dash","floor":8.0,"key":"SMITH"},{"data":"Adrenaline","floor":13.0,"key":"SMITH"},{"data":"Predator","floor":15.0,"key":"SMITH"},{"data":"Noxious Fumes","floor":23.0,"key":"SMITH"},{"data":"A Thousand Cuts","floor":25.0,"key":"SMITH"},{"data":"A Thousand Cuts","floor":32.0,"key":"SMITH"},{"floor":40,"key":"REST"},{"data":"After Image","floor":45,"key":"SMITH"},{"data":"Crippling Poison","floor":49,"key":"SMITH"}],"neow_cost":"NONE","seed_source_timestamp":0,"circlet_count":0,"master_deck":["Defend_G","Defend_G","Defend_G","Defend_G","Defend_G","Strike_G","Strike_G","Strike_G","Survivor","Neutralize","Dash+1","All Out Attack","Predator+1","Escape Plan","Adrenaline+1","Die Die Die","Predator+1","Acrobatics","Backstab","Dagger Spray","A Thousand Cuts+1","RitualDagger","Dodge and Roll+1","Noxious Fumes+1","Riddle With Holes+1","A Thousand Cuts+1","After Image+1","Sucker Punch+1","Expertise+1","Crippling Poison+1"],"special_seed":0,"relics":["Eternal Feather","Bottled Lightning","Blood Vial","PreservedInsect","Snecko Eye","Dream Catcher","Red Mask","Regal Pillow","Turnip","Busted Crown","Pen Nib","Singing Bowl","Gremlin Horn"],"potions_floor_usage":[],"damage_taken":[{"damage":2.0,"enemies":"Jaw Worm","floor":1.0,"turns":6.0},{"damage":0.0,"enemies":"2 Louse","floor":2.0,"turns":5.0},{"damage":2.0,"enemies":"Small Slimes","floor":3.0,"turns":4.0},{"damage":0.0,"enemies":"Looter","floor":4.0,"turns":3.0},{"damage":6.0,"enemies":"3 Sentries","floor":7.0,"turns":5.0},{"damage":0.0,"enemies":"Exordium Wildlife","floor":10.0,"turns":3.0},{"damage":23.0,"enemies":"Lagavulin","floor":11.0,"turns":5.0},{"damage":5.0,"enemies":"Gremlin Gang","floor":12.0,"turns":2.0},{"damage":1.0,"enemies":"Exordium Thugs","floor":14.0,"turns":3.0},{"damage":26.0,"enemies":"Slime Boss","floor":16.0,"turns":9.0},{"damage":5.0,"enemies":"3 Byrds","floor":18.0,"turns":4.0},{"damage":5.0,"enemies":"Masked Bandits","floor":21.0,"turns":3.0},{"damage":15.0,"enemies":"Slavers","floor":24.0,"turns":4.0},{"damage":15.0,"enemies":"Spheric Guardian","floor":27.0,"turns":4.0},{"damage":0.0,"enemies":"Snecko","floor":28.0,"turns":3.0},{"damage":9.0,"enemies":"Snake Plant","floor":29.0,"turns":5.0},{"damage":4.0,"enemies":"Cultist and Chosen","floor":31.0,"turns":4.0},{"damage":36.0,"enemies":"Collector","floor":33.0,"turns":8.0},{"damage":0.0,"enemies":"Orb Walker","floor":35.0,"turns":2.0},{"damage":0.0,"enemies":"3 Shapes","floor":36.0,"turns":4.0},{"damage":42.0,"enemies":"Maw","floor":37.0,"turns":9.0},{"damage":8,"enemies":"4 Shapes","floor":39,"turns":3},{"damage":56,"enemies":"Reptomancer","floor":41,"turns":4},{"damage":11,"enemies":"Transient","floor":46,"turns":5},{"damage":9,"enemies":"Jaw Worm Horde","floor":48,"turns":3},{"damage":58,"enemies":"Awakened One","floor":50,"turns":15}],"seed_played":"8916430305560583954","potions_obtained":[{"floor":1.0,"key":"GamblersBrew"},{"floor":4.0,"key":"FearPotion"},{"floor":10.0,"key":"Regen Potion"}],"is_trial":false,"path_per_floor":["M","M","M","M","$","R","E","R","T","M","E","M","R","M","R","B",null,"M","$","?","?","?","R","E","R","T","M","M","M","$","M","R","B",null,"M","M","M","$","M","R","E","?","T","?","R","M","?","M","R","B",null],"character_chosen":"THE_SILENT","items_purchased":["Adrenaline","Dream Catcher","Pen Nib"],"campfire_rested":1,"item_purchase_floors":[5,19,38],"current_hp_per_floor":[68,68,66,66,66,70,64,70,70,70,47,44,56,57,69,44,70,65,65,59,56,56,70,55,70,70,55,57,50,50,48,63,29,70,70,70,28,28,22,70,16,18,18,18,33,26,66,57,66,8],"gold":461,"neow_bonus":"BOSS_RELIC","is_prod":false,"is_daily":false,"chose_seed":false,"campfire_upgraded":9,"win_rate":0,"timestamp":1559073740,"path_taken":["M","M","M","M","$","R","E","R","T","M","E","M","R","M","R","BOSS","M","$","?","?","?","R","E","R","T","M","M","M","$","M","R","BOSS","M","M","M","$","M","R","E","?","T","?","R","M","?","M","R","BOSS"],"build_version":"2019-01-23","purchased_purges":2,"victory":true,"max_hp_per_floor":[70,70,70,70,70,70,70,70,70,70,70,70,70,70,70,70,70,70,70,70,70,70,70,70,70,70,70,70,70,70,70,70,70,70,70,70,70,70,70,70,72,74,74,74,74,76,66,66,66,66],"card_choices":[{"not_picked":["Footwork","Acrobatics"],"picked":"Dash","floor":1.0},{"not_picked":["Deflect","Quick Slash"],"picked":"All Out Attack","floor":2.0},{"not_picked":["Backstab","Deadly Poison"],"picked":"Predator","floor":3.0},{"not_picked":["Blade Dance","Prepared"],"picked":"Escape Plan","floor":4.0},{"not_picked":["Setup","Leg Sweep"],"picked":"Die Die Die","floor":7.0},{"not_picked":["Backflip","Blur"],"picked":"Predator","floor":10.0},{"not_picked":["Underhanded Strike","Prepared"],"picked":"Acrobatics","floor":11.0},{"not_picked":["Dash","Setup"],"picked":"Backstab","floor":12.0},{"not_picked":["Flechettes","Acrobatics"],"picked":"Dagger Spray","floor":14.0},{"not_picked":["After Image","Tools of the Trade"],"picked":"A Thousand Cuts","floor":16.0},{"not_picked":["Reflex","Bane","Sucker Punch"],"picked":"SKIP","floor":18.0},{"not_picked":["Blade Dance","Poisoned Stab+1"],"picked":"Dodge and Roll+1","floor":21.0},{"not_picked":["Cloak And Dagger","Calculated Gamble","Escape Plan"],"picked":"SKIP","floor":24.0},{"not_picked":["Setup","Poisoned Stab","Cloak And Dagger+1"],"picked":"SKIP","floor":27.0},{"not_picked":["Poisoned Stab","Cloak And Dagger","Sucker Punch"],"picked":"SKIP","floor":28.0},{"not_picked":["Cloak And Dagger","Dagger Throw"],"picked":"Riddle With Holes+1","floor":29.0},{"not_picked":["Dodge and Roll","Blade Dance"],"picked":"A Thousand Cuts","floor":31.0},{"not_picked":["Glass Knife","Unload"],"picked":"After Image","floor":33.0},{"not_picked":["Endless Agony+1"],"picked":"SKIP","floor":35.0},{"not_picked":["Dagger Spray+1"],"picked":"SKIP","floor":36.0},{"not_picked":[],"picked":"Sucker Punch+1","floor":37.0},{"not_picked":[],"picked":"Expertise+1","floor":39},{"not_picked":["Masterful Stab+1"],"picked":"Singing Bowl","floor":41},{"not_picked":["Dramatic Entrance"],"picked":"Singing Bowl","floor":42},{"not_picked":["Tactician+1"],"picked":"Singing Bowl","floor":46},{"not_picked":[],"picked":"Crippling Poison","floor":48}],"player_experience":350147,"relics_obtained":[{"floor":7.0,"key":"Bottled Lightning"},{"floor":9.0,"key":"Blood Vial"},{"floor":11.0,"key":"PreservedInsect"},{"floor":21.0,"key":"Red Mask"},{"floor":24.0,"key":"Regal Pillow"},{"floor":26.0,"key":"Turnip"},{"floor":41,"key":"Singing Bowl"},{"floor":43,"key":"Gremlin Horn"}],"event_choices":[{"damage_healed":0.0,"max_hp_gain":0.0,"max_hp_loss":0.0,"gold_gain":0.0,"event_name":"Nest","player_choice":"Joined the Cult","floor":20.0,"gold_loss":0.0,"damage_taken":6.0,"cards_obtained":["RitualDagger"]},{"damage_healed":0.0,"max_hp_gain":0.0,"max_hp_loss":0.0,"gold_gain":0.0,"event_name":"Masked Bandits","player_choice":"Fought Bandits","floor":21.0,"gold_loss":0.0,"damage_taken":0.0},{"damage_healed":0.0,"max_hp_gain":0.0,"max_hp_loss":0.0,"gold_gain":0.0,"event_name":"The Library","player_choice":"Read","floor":22.0,"gold_loss":0.0,"damage_taken":0.0,"cards_obtained":["Noxious Fumes"]},{"damage_healed":0,"gold_gain":0,"player_choice":"Memory 1","damage_taken":0,"max_hp_gain":0,"max_hp_loss":0,"event_name":"SensoryStone","floor":42,"gold_loss":0},{"damage_healed":0,"gold_gain":222,"player_choice":"Wore Mask","damage_taken":0,"max_hp_gain":0,"max_hp_loss":0,"event_name":"Tomb of Lord Red Mask","floor":44,"gold_loss":0},{"damage_healed":66,"gold_gain":0,"player_choice":"Heal","damage_taken":0,"max_hp_gain":0,"max_hp_loss":10,"event_name":"The Moai Head","floor":47,"gold_loss":0}],"is_beta":false,"boss_relics":[{"not_picked":["Cursed Key","Runic Pyramid"],"picked":"Snecko Eye"},{"not_picked":["Philosopher\u0027s Stone","HoveringKite"],"picked":"Busted Crown"}],"items_purged_floors":[19,30],"is_endless":false,"potions_floor_spawned":[1,4,10,11,12,16,24,27,31,33,41,46,48],"ascension_level":0}