{"gold_per_floor":[361,376,394,413,432,458,458,470,470,493,493],"floor_reached":11,"playtime":736,"items_purged":[],"score":108,"play_id":"8cf2dee3-45b2-4773-8d09-bbcfb0814bcf","local_time":"20190528005124","is_ascension_mode":true,"campfire_choices":[{"data":"Whirlwind","floor":7,"key":"SMITH"}],"neow_cost":"PERCENT_DAMAGE","seed_source_timestamp":306643604757849,"circlet_count":0,"master_deck":["Strike_R","Strike_R","Strike_R","Strike_R","Strike_R","Defend_R","Defend_R","Defend_R","Defend_R","Bash","Heavy Blade","Whirlwind+1","Flame Barrier","Twin Strike","Rage","Battle Trance"],"relics":["Burning Blood","Bottled Flame","Singing Bowl","Odd Mushroom"],"potions_floor_usage":[6],"damage_taken":[{"damage":14,"enemies":"Jaw Worm","floor":1,"turns":5},{"damage":10,"enemies":"Small Slimes","floor":2,"turns":4},{"damage":6,"enemies":"Cultist","floor":3,"turns":4},{"damage":11,"enemies":"3 Louse","floor":4,"turns":3},{"damage":1,"enemies":"2 Fungi Beasts","floor":5,"turns":4},{"damage":25,"enemies":"3 Sentries","floor":6,"turns":10},{"damage":0,"enemies":"Gremlin Gang","floor":8,"turns":2},{"damage":9,"enemies":"The Mushroom Lair","floor":10,"turns":2},{"damage":28,"enemies":"Exordium Thugs","floor":11,"turns":3}],"seed_played":"-5642348869226167152","potions_obtained":[{"floor":1,"key":"Ancient Potion"},{"floor":5,"key":"SkillPotion"},{"floor":8,"key":"Ancient Potion"}],"is_trial":false,"path_per_floor":["M","M","M","M","M","E","R","M","T","?","M"],"character_chosen":"IRONCLAD","items_purchased":[],"campfire_rested":0,"item_purchase_floors":[],"current_hp_per_floor":[43,39,39,34,39,20,20,26,26,23,0],"gold":493,"neow_bonus":"TWO_FIFTY_GOLD","is_prod":false,"is_daily":false,"chose_seed":false,"campfire_upgraded":1,"win_rate":0,"timestamp":1559019084,"path_taken":["M","M","M","M","M","E","R","M","T","?","M"],"build_version":"2019-01-23","purchased_purges":0,"victory":false,"max_hp_per_floor":[80,80,80,80,80,80,80,80,80,80,80],"card_choices":[{"not_picked":["Evolve","Twin Strike"],"picked":"Heavy Blade","floor":1},{"not_picked":["Warcry","Iron Wave","Dual Wield"],"picked":"SKIP","floor":2},{"not_picked":["Iron Wave","Entrench"],"picked":"Whirlwind","floor":3},{"not_picked":["Iron Wave","Searing Blow"],"picked":"Flame Barrier","floor":4},{"not_picked":["Havoc","Dropkick","Infernal Blade"],"picked":"SKIP","floor":5},{"not_picked":["Perfected Strike","Pummel"],"picked":"Twin Strike","floor":6},{"not_picked":["Body Slam","Warcry"],"picked":"Rage","floor":8},{"not_picked":["Flex","Havoc"],"picked":"Battle Trance","floor":10}],"player_experience":168741,"relics_obtained":[{"floor":6,"key":"Bottled Flame"},{"floor":9,"key":"Singing Bowl"},{"floor":10,"key":"Odd Mushroom"}],"event_choices":[{"damage_healed":0,"gold_gain":0,"player_choice":"Fought Mushrooms","damage_taken":0,"max_hp_gain":0,"max_hp_loss":0,"event_name":"Mushrooms","floor":10,"gold_loss":0}],"is_beta":false,"boss_relics":[],"items_purged_floors":[],"is_endless":false,"potions_floor_spawned":[1,5,8],"killed_by":"Exordium Thugs","ascension_level":8}