{"gold_per_floor":[113,113,113,39,39,80,80,95,172,192,233,257,257,278,278,374,374,397,410,423,348,348,348,348],"floor_reached":24,"playtime":704,"items_purged":[],"score":350,"play_id":"d6fc7428-e894-44ad-b3af-469928e020e3","local_time":"20190430004517","is_ascension_mode":true,"campfire_choices":[{"floor":7,"key":"REST"},{"floor":13,"key":"REST"},{"data":"Creative AI","floor":15,"key":"SMITH"},{"floor":23,"key":"REST"}],"neow_cost":"NONE","seed_source_timestamp":205486582955329,"circlet_count":0,"master_deck":["AscendersBane","Strike_B","Strike_B","Strike_B+1","Defend_B","Defend_B","Defend_B+1","Defend_B","Zap","Dualcast","Barrage","Doom and Gloom","Creative AI+1","Capacitor","Recycle","Leap","Leap","Biased Cognition+1","Cold Snap","Heatsinks+1"],"relics":["Cracked Core","Bag of Marbles","Golden Idol","Cables","Pocketwatch","Frozen Egg 2","Pen Nib","Black Star"],"potions_floor_usage":[16,16,19,20],"damage_taken":[{"damage":7,"enemies":"Jaw Worm","floor":1,"turns":3},{"damage":22,"enemies":"3 Sentries","floor":6,"turns":4},{"damage":0,"enemies":"Cultist","floor":8,"turns":4},{"damage":0,"enemies":"2 Louse","floor":10,"turns":1},{"damage":17,"enemies":"Lagavulin","floor":11,"turns":7},{"damage":11,"enemies":"Large Slime","floor":12,"turns":5},{"damage":10,"enemies":"3 Louse","floor":14,"turns":3},{"damage":16,"enemies":"Hexaghost","floor":16,"turns":9},{"damage":20,"enemies":"Shell Parasite","floor":18,"turns":6},{"damage":9,"enemies":"2 Thieves","floor":19,"turns":4},{"damage":11,"enemies":"Shelled Parasite and Fungi","floor":20,"turns":6},{"damage":33,"enemies":"Slavers","floor":24,"turns":3}],"seed_played":"2593894406251571988","potions_obtained":[{"floor":11,"key":"SkillPotion"},{"floor":14,"key":"Poison Potion"},{"floor":16,"key":"Fire Potion"},{"floor":18,"key":"Weak Potion"}],"is_trial":false,"path_per_floor":["M","?","?","$","T","E","R","M","T","M","E","M","R","M","R","B",null,"M","M","M","?","?","R","E"],"character_chosen":"DEFECT","items_purchased":["Doom and Gloom"],"campfire_rested":3,"item_purchase_floors":[4],"current_hp_per_floor":[57,57,44,44,44,22,41,41,41,41,24,13,32,22,22,6,51,31,22,11,11,11,30,0],"gold":348,"neow_bonus":"RANDOM_COMMON_RELIC","is_prod":false,"is_daily":false,"chose_seed":false,"campfire_upgraded":1,"win_rate":0,"timestamp":1556603117,"path_taken":["M","?","?","$","?","E","R","M","T","M","E","M","R","M","R","BOSS","M","?","M","?","?","R","E"],"build_version":"2019-01-23","purchased_purges":0,"victory":false,"max_hp_per_floor":[71,66,66,66,66,66,66,66,66,66,66,66,66,66,66,66,66,66,66,66,66,66,66,66],"card_choices":[{"not_picked":["Go for the Eyes","Leap"],"picked":"Barrage","floor":1},{"not_picked":["Turbo","Gash"],"picked":"Creative AI","floor":6},{"not_picked":["Beam Cell","Skim"],"picked":"Capacitor","floor":8},{"not_picked":["Stack","Go for the Eyes"],"picked":"Recycle","floor":10},{"not_picked":["Storm+1","Lockon"],"picked":"Leap","floor":11},{"not_picked":["Go for the Eyes","Turbo","Beam Cell"],"picked":"SKIP","floor":12},{"not_picked":["Hologram","Beam Cell"],"picked":"Leap","floor":14},{"not_picked":["Amplify","Buffer+1"],"picked":"Biased Cognition+1","floor":16},{"not_picked":["Skim+1","Leap"],"picked":"Cold Snap","floor":18},{"not_picked":["Leap","Undo","Gash"],"picked":"SKIP","floor":19},{"not_picked":["Barrage","Hologram"],"picked":"Heatsinks+1","floor":20}],"player_experience":343502,"relics_obtained":[{"floor":5,"key":"Cables"},{"floor":6,"key":"Pocketwatch"},{"floor":9,"key":"Frozen Egg 2"},{"floor":11,"key":"Pen Nib"}],"event_choices":[{"damage_healed":0,"gold_gain":0,"player_choice":"Lose Max HP","damage_taken":0,"relics_obtained":["Golden Idol"],"max_hp_gain":0,"max_hp_loss":5,"event_name":"Golden Idol","floor":2,"gold_loss":0},{"damage_healed":0,"gold_gain":0,"player_choice":"Entered Light","damage_taken":13,"max_hp_gain":0,"max_hp_loss":0,"event_name":"Shining Light","floor":3,"gold_loss":0,"cards_upgraded":["Strike_B","Defend_B"]},{"cards_removed":["Strike_B"],"damage_healed":0,"gold_gain":0,"player_choice":"Gave Gold","damage_taken":0,"max_hp_gain":0,"max_hp_loss":0,"event_name":"Beggar","floor":21,"gold_loss":75},{"damage_healed":0,"gold_gain":0,"player_choice":"Ignored","damage_taken":0,"max_hp_gain":0,"max_hp_loss":0,"event_name":"Cursed Tome","floor":22,"gold_loss":0}],"is_beta":false,"boss_relics":[{"not_picked":["Empty Cage","Calling Bell"],"picked":"Black Star"}],"items_purged_floors":[],"is_endless":false,"potions_floor_spawned":[11,14,16,18],"killed_by":"Slavers","ascension_level":14}