{"gold_per_floor":[10,10,10,23,39,39,39,71,71,83,56,66,66,80,80,178,178,193,118,137,56,68,68],"floor_reached":23,"playtime":1309,"items_purged":["Strike_R"],"score":193,"play_id":"4fcab971-dd34-4d48-ac38-a4cc31c967b1","local_time":"20190518005835","is_ascension_mode":false,"campfire_choices":[{"data":"Sever Soul","floor":6,"key":"SMITH"},{"data":"True Grit","floor":13,"key":"SMITH"},{"data":"Wild Strike","floor":15,"key":"SMITH"}],"neow_cost":"NO_GOLD","seed_source_timestamp":182623499018199,"circlet_count":0,"master_deck":["Strike_R","Strike_R","Strike_R","Strike_R","Defend_R","Defend_R","Defend_R","Defend_R","Bash","Shrug It Off","Decay","Sever Soul+1","Metallicize","Battle Trance","True Grit+1","Wild Strike+1","Limit Break","Power Through","Seeing Red","Whirlwind"],"relics":["Burning Blood","Charon\u0027s Ashes","Ice Cream","Gremlin Horn","Velvet Choker"],"potions_floor_usage":[],"damage_taken":[{"damage":0,"enemies":"Small Slimes","floor":1,"turns":3},{"damage":3,"enemies":"Cultist","floor":4,"turns":4},{"damage":5,"enemies":"2 Louse","floor":5,"turns":4},{"damage":23,"enemies":"Lagavulin","floor":8,"turns":6},{"damage":12,"enemies":"Exordium Thugs","floor":10,"turns":5},{"damage":2,"enemies":"Looter","floor":12,"turns":3},{"damage":1,"enemies":"Exordium Wildlife","floor":14,"turns":4},{"damage":13,"enemies":"The Guardian","floor":16,"turns":12},{"damage":18,"enemies":"2 Thieves","floor":18,"turns":5},{"damage":13,"enemies":"Chosen","floor":20,"turns":5},{"damage":17,"enemies":"Shelled Parasite and Fungi","floor":22,"turns":7},{"damage":51,"enemies":"Book of Stabbing","floor":23,"turns":7}],"seed_played":"-5200347292095428972","potions_obtained":[{"floor":4,"key":"FearPotion"},{"floor":5,"key":"Explosive Potion"},{"floor":12,"key":"SteroidPotion"}],"is_trial":false,"path_per_floor":["M","?","$","M","M","R","$","E","T","M","$","M","R","M","R","B",null,"M","$","M","$","M","E"],"character_chosen":"IRONCLAD","items_purchased":["True Grit","Whirlwind"],"campfire_rested":0,"item_purchase_floors":[11,21],"current_hp_per_floor":[80,80,80,80,80,80,80,63,63,57,57,61,61,66,66,59,80,68,68,61,61,50,0],"gold":68,"neow_bonus":"ONE_RARE_RELIC","is_prod":false,"is_daily":false,"chose_seed":false,"campfire_upgraded":3,"win_rate":0,"timestamp":1558166315,"path_taken":["M","?","?","M","M","R","$","E","T","?","$","M","R","M","R","BOSS","M","$","M","$","?","E"],"build_version":"2019-01-23","purchased_purges":1,"victory":false,"max_hp_per_floor":[80,80,80,80,80,80,80,80,80,80,80,80,80,80,80,80,80,80,80,80,80,80,80],"card_choices":[{"not_picked":["Havoc","Fire Breathing"],"picked":"Shrug It Off","floor":1},{"not_picked":["Sword Boomerang","Evolve","Shockwave"],"picked":"SKIP","floor":4},{"not_picked":["Intimidate","Metallicize"],"picked":"Sever Soul","floor":5},{"not_picked":["Dual Wield","Reckless Charge"],"picked":"Metallicize","floor":8},{"not_picked":["Thunderclap","Twin Strike"],"picked":"Battle Trance","floor":10},{"not_picked":["Body Slam","Thunderclap","Flex"],"picked":"SKIP","floor":12},{"not_picked":["Iron Wave","Flex"],"picked":"Wild Strike","floor":14},{"not_picked":["Offering","Barricade"],"picked":"Limit Break","floor":16},{"not_picked":["Whirlwind","True Grit"],"picked":"Power Through","floor":18},{"not_picked":["Pummel","Burning Pact"],"picked":"Seeing Red","floor":20},{"not_picked":["Pummel+1","Searing Blow+1","Clothesline"],"picked":"SKIP","floor":22}],"player_experience":141812,"relics_obtained":[{"floor":8,"key":"Ice Cream"},{"floor":9,"key":"Gremlin Horn"}],"event_choices":[{"damage_healed":0,"gold_gain":0,"player_choice":"Cursed","damage_taken":0,"max_hp_gain":0,"max_hp_loss":0,"event_name":"Wheel of Change","floor":2,"gold_loss":0,"cards_obtained":["Decay"]}],"is_beta":false,"boss_relics":[{"not_picked":["Tiny House","Black Star"],"picked":"Velvet Choker"}],"items_purged_floors":[19],"is_endless":false,"potions_floor_spawned":[4,5,12,14,18,20],"killed_by":"Book of Stabbing","ascension_level":0}