{"gold_per_floor":[113,22,97,97,113,152,152,190,190,224,248,248,271,285,285,415,415,370,370,292,292,3,3,3,3,3,3,3,3,3,3,3,3],"floor_reached":33,"playtime":940,"items_purged":[],"score":462,"play_id":"6443fcb7-fdcd-4a26-b2f1-e4aefb8b4e1e","local_time":"20190328205955","is_ascension_mode":true,"campfire_choices":[{"data":"Seeing Red","floor":7,"key":"SMITH"},{"data":"Whirlwind","floor":15,"key":"SMITH"},{"floor":32,"key":"REST"}],"neow_cost":"NONE","seed_source_timestamp":1024535441591123,"circlet_count":0,"master_deck":["Strike_R","Strike_R+1","Strike_R","Strike_R","Strike_R","Defend_R","Defend_R","Defend_R","Defend_R","Bash","Uppercut","Seeing Red+1","Iron Wave+1","Flex","Whirlwind+1","True Grit","Dropkick","Flame Barrier","Disarm","Inflame","Reaper","Battle Trance+1","Writhe","Anger+1","Hemokinesis+1","Flex+1","Pommel Strike+1","Thunderclap+1"],"relics":["Burning Blood","NeowsBlessing","Golden Idol","Whetstone","Shuriken","Mercury Hourglass","Vajra","Ectoplasm","Ornamental Fan","Molten Egg 2","Mummified Hand","Champion Belt","Dodecahedron","Pen Nib"],"potions_floor_usage":[8,8,24,28,31,33,33],"damage_taken":[{"damage":0,"enemies":"2 Louse","floor":1,"turns":1},{"damage":0,"enemies":"Small Slimes","floor":5,"turns":1},{"damage":0,"enemies":"3 Sentries","floor":6,"turns":1},{"damage":18,"enemies":"Gremlin Nob","floor":8,"turns":4},{"damage":16,"enemies":"Lagavulin","floor":10,"turns":5},{"damage":0,"enemies":"Cultist","floor":11,"turns":2},{"damage":2,"enemies":"Exordium Wildlife","floor":13,"turns":3},{"damage":10,"enemies":"Blue Slaver","floor":14,"turns":3},{"damage":16,"enemies":"Slime Boss","floor":16,"turns":7},{"damage":21,"enemies":"2 Thieves","floor":18,"turns":3},{"damage":22,"enemies":"Spheric Guardian","floor":21,"turns":4},{"damage":17,"enemies":"Centurion and Healer","floor":23,"turns":5},{"damage":30,"enemies":"Gremlin Leader","floor":24,"turns":7},{"damage":0,"enemies":"Slavers","floor":28,"turns":1},{"damage":10,"enemies":"3 Cultists","floor":29,"turns":3},{"damage":20,"enemies":"Snake Plant","floor":31,"turns":2},{"damage":58,"enemies":"Champ","floor":33,"turns":6}],"seed_played":"-5082689337017832580","potions_obtained":[{"floor":1,"key":"SkillPotion"},{"floor":5,"key":"Weak Potion"},{"floor":8,"key":"SmokeBomb"},{"floor":21,"key":"EssenceOfSteel"},{"floor":23,"key":"SpeedPotion"},{"floor":29,"key":"AttackPotion"},{"floor":31,"key":"Block Potion"}],"is_trial":false,"path_per_floor":["M","$","?","?","M","E","R","E","T","E","M","?","M","M","R","B",null,"M","?","?","M","$","M","E","?","T","T","E","M","$","M","R","B"],"character_chosen":"IRONCLAD","items_purchased":["Seeing Red","Iron Wave","Mummified Hand","Hemokinesis+1"],"campfire_rested":1,"item_purchase_floors":[2,2,22,22],"current_hp_per_floor":[78,78,67,47,53,59,59,47,47,37,43,69,73,69,69,59,75,60,60,60,44,44,43,27,27,27,27,33,29,29,15,39,0],"gold":3,"neow_bonus":"THREE_ENEMY_KILL","is_prod":false,"is_daily":false,"chose_seed":false,"campfire_upgraded":2,"win_rate":0,"timestamp":1553824795,"path_taken":["M","$","?","?","M","E","R","E","T","E","M","?","M","M","R","BOSS","M","?","?","?","$","M","E","?","T","?","E","?","$","M","R","BOSS"],"build_version":"2019-01-23","purchased_purges":0,"victory":false,"max_hp_per_floor":[80,80,80,80,80,80,80,80,80,80,80,80,80,80,80,80,80,80,80,80,80,80,80,80,80,80,80,80,80,80,80,80,80],"card_choices":[{"not_picked":["Clash","Shrug It Off"],"picked":"Uppercut","floor":1},{"not_picked":["Uppercut","Clash"],"picked":"Flex","floor":5},{"not_picked":["Iron Wave","Twin Strike"],"picked":"Whirlwind","floor":6},{"not_picked":["Sever Soul","Berserk"],"picked":"True Grit","floor":8},{"not_picked":["Infernal Blade","Armaments"],"picked":"Dropkick","floor":10},{"not_picked":["Sword Boomerang","Rage"],"picked":"Flame Barrier","floor":11},{"not_picked":["Body Slam","Reckless Charge"],"picked":"Disarm","floor":13},{"not_picked":["Flex","Headbutt"],"picked":"Inflame","floor":14},{"not_picked":["Exhume","Juggernaut"],"picked":"Reaper","floor":16},{"not_picked":["Sword Boomerang+1","Hemokinesis"],"picked":"Battle Trance+1","floor":18},{"not_picked":["Havoc","Sentinel+1"],"picked":"Anger+1","floor":21},{"not_picked":["Combust","Rupture","Pommel Strike+1"],"picked":"SKIP","floor":23},{"not_picked":["Pommel Strike+1","Iron Wave+1"],"picked":"Flex+1","floor":24},{"not_picked":["Flex+1","Fire Breathing"],"picked":"Pommel Strike+1","floor":29},{"not_picked":["True Grit","Havoc"],"picked":"Thunderclap+1","floor":31}],"player_experience":268464,"relics_obtained":[{"floor":6,"key":"Whetstone"},{"floor":8,"key":"Shuriken"},{"floor":9,"key":"Mercury Hourglass"},{"floor":10,"key":"Vajra"},{"floor":24,"key":"Champion Belt"},{"floor":26,"key":"Dodecahedron"},{"floor":27,"key":"Pen Nib"}],"event_choices":[{"damage_healed":0,"gold_gain":75,"player_choice":"Gather Gold","damage_taken":11,"max_hp_gain":0,"max_hp_loss":0,"event_name":"World of Goop","floor":3,"gold_loss":0},{"damage_healed":0,"gold_gain":0,"player_choice":"Take Damage","damage_taken":20,"relics_obtained":["Golden Idol"],"max_hp_gain":0,"max_hp_loss":0,"event_name":"Golden Idol","floor":4,"gold_loss":0},{"damage_healed":26,"gold_gain":0,"player_choice":"Banana","damage_taken":0,"max_hp_gain":0,"max_hp_loss":0,"event_name":"Big Fish","floor":12,"gold_loss":0},{"damage_healed":0,"gold_gain":0,"player_choice":"Opened","damage_taken":0,"relics_obtained":["Ornamental Fan"],"max_hp_gain":0,"max_hp_loss":0,"event_name":"The Mausoleum","floor":19,"gold_loss":0,"cards_obtained":["Writhe"]},{"damage_healed":0,"gold_gain":0,"player_choice":"Paid Gold","damage_taken":0,"relics_obtained":["Molten Egg 2"],"max_hp_gain":0,"max_hp_loss":0,"event_name":"WeMeetAgain","floor":20,"gold_loss":78},{"damage_healed":0,"gold_gain":0,"player_choice":"Ignored","damage_taken":0,"max_hp_gain":0,"max_hp_loss":0,"event_name":"Ghosts","floor":25,"gold_loss":0}],"is_beta":false,"boss_relics":[{"not_picked":["Tiny House","Busted Crown"],"picked":"Ectoplasm"}],"items_purged_floors":[],"is_endless":false,"potions_floor_spawned":[1,5,8,21,23,29,31],"killed_by":"Champ","ascension_level":8}