{"gold_per_floor":[110,110,122,154,182,194,241,253,292,160,160,172,187,202,202,297,297,307,325,325,341,441,470,481,481,481,481,498,516,547,239,239,336,336,352,352,35,135,135,135,152,185,185,204,237,237,250,263,263,263],"floor_reached":50,"playtime":1742,"items_purged":["Strike_R","Strike_R","Strike_R"],"score":650,"play_id":"775302cf-0fe4-43d2-9d33-12c1bd8d2fea","local_time":"20190520181203","is_ascension_mode":true,"campfire_choices":[{"data":"Clothesline","floor":6,"key":"SMITH"},{"data":"Shockwave","floor":8,"key":"SMITH"},{"data":"Seeing Red","floor":11,"key":"SMITH"},{"data":"Inflame","floor":15,"key":"SMITH"},{"data":"Heavy Blade","floor":25,"key":"SMITH"},{"data":"Strike_R","floor":27,"key":"PURGE"},{"floor":32,"key":"REST"},{"data":"Spot Weakness","floor":40,"key":"SMITH"},{"data":"Parasite","floor":46,"key":"PURGE"},{"data":"Regret","floor":49,"key":"PURGE"}],"neow_cost":"PERCENT_DAMAGE","seed_source_timestamp":69537138025281,"circlet_count":0,"master_deck":["Strike_R","Defend_R","Defend_R","Defend_R","Defend_R","Bash+1","Sword Boomerang","Clothesline+1","Cleave","Shockwave+1","Seeing Red+1","Inflame+1","Whirlwind","Fiend Fire","Flex+1","Shrug It Off","Heavy Blade+1","Headbutt","Reaper","Dual Wield+1","Spot Weakness+1","Rage+1","Flame Barrier+1","Armaments+1","Flex+1"],"relics":["Black Blood","FossilizedHelix","MawBank","Omamori","Bag of Marbles","Cursed Key","Pantograph","Calipers","Bottled Tornado","Ginger","Peace Pipe","Ancient Tea Set","ClockworkSouvenir","Chemical X","Gambling Chip","Anchor","Happy Flower","Mummified Hand"],"potions_floor_usage":[7,16,16,18,19,23,33,48,50],"damage_taken":[{"damage":0,"enemies":"Cultist","floor":1,"turns":3},{"damage":0,"enemies":"Small Slimes","floor":4,"turns":3},{"damage":6,"enemies":"2 Louse","floor":5,"turns":5},{"damage":16,"enemies":"Lagavulin","floor":7,"turns":8},{"damage":7,"enemies":"Exordium Thugs","floor":12,"turns":5},{"damage":0,"enemies":"3 Louse","floor":13,"turns":2},{"damage":5,"enemies":"Exordium Wildlife","floor":14,"turns":4},{"damage":14,"enemies":"The Guardian","floor":16,"turns":10},{"damage":4,"enemies":"Shell Parasite","floor":18,"turns":2},{"damage":0,"enemies":"2 Thieves","floor":19,"turns":2},{"damage":12,"enemies":"Cultist and Chosen","floor":21,"turns":4},{"damage":23,"enemies":"Colosseum Slavers","floor":22,"turns":5},{"damage":7,"enemies":"Colosseum Nobs","floor":22,"turns":4},{"damage":19,"enemies":"Book of Stabbing","floor":23,"turns":5},{"damage":0,"enemies":"Centurion and Healer","floor":24,"turns":4},{"damage":20,"enemies":"Snake Plant","floor":28,"turns":3},{"damage":0,"enemies":"Snecko","floor":29,"turns":3},{"damage":14,"enemies":"Slavers","floor":30,"turns":4},{"damage":0,"enemies":"Champ","floor":33,"turns":6},{"damage":19,"enemies":"3 Darklings","floor":35,"turns":4},{"damage":25,"enemies":"Mind Bloom Boss Battle","floor":38,"turns":5},{"damage":9,"enemies":"3 Shapes","floor":41,"turns":1},{"damage":40,"enemies":"Reptomancer","floor":42,"turns":4},{"damage":0,"enemies":"Writhing Mass","floor":44,"turns":4},{"damage":100,"enemies":"Nemesis","floor":45,"turns":9},{"damage":0,"enemies":"3 Darklings","floor":47,"turns":3},{"damage":17,"enemies":"Sphere and 2 Shapes","floor":48,"turns":6},{"damage":107,"enemies":"Awakened One","floor":50,"turns":10}],"seed_played":"4731159504864080760","potions_obtained":[{"floor":5,"key":"Fire Potion"},{"floor":7,"key":"Strength Potion"},{"floor":13,"key":"Swift Potion"},{"floor":14,"key":"Energy Potion"},{"floor":18,"key":"Block Potion"},{"floor":22,"key":"LiquidBronze"},{"floor":29,"key":"FairyPotion"},{"floor":30,"key":"SteroidPotion"},{"floor":38,"key":"FairyPotion"},{"floor":45,"key":"Block Potion"},{"floor":48,"key":"SteroidPotion"}],"is_trial":false,"path_per_floor":["M","?","?","M","M","R","E","R","T","$","R","M","M","M","R","B",null,"M","M","T","M","?","E","M","R","T","R","M","M","E","$","R","B",null,"M","?","$","?","?","R","M","E","T","M","E","R","M","M","R","B"],"character_chosen":"IRONCLAD","items_purchased":["Seeing Red","ClockworkSouvenir","Chemical X"],"campfire_rested":1,"item_purchase_floors":[10,31,37],"current_hp_per_floor":[62,55,55,61,61,61,51,51,51,51,51,50,56,57,57,49,80,80,80,80,74,56,43,49,49,49,49,35,41,33,33,57,80,80,71,71,71,75,75,75,76,68,68,76,17,17,27,20,20,0],"gold":263,"neow_bonus":"ONE_RARE_RELIC","is_prod":false,"is_daily":false,"chose_seed":false,"campfire_upgraded":6,"win_rate":0,"timestamp":1558397523,"path_taken":["M","?","?","M","M","R","E","R","T","$","R","M","M","M","R","BOSS","M","M","?","M","?","E","M","R","T","R","M","M","E","$","R","BOSS","M","?","$","?","?","R","?","E","T","M","E","R","M","M","R","BOSS"],"build_version":"2019-01-23","purchased_purges":3,"victory":false,"max_hp_per_floor":[80,80,80,80,80,80,80,80,80,80,80,80,80,80,80,80,80,80,80,80,80,80,80,80,80,80,80,80,80,80,80,80,80,80,80,80,80,80,76,76,76,76,76,76,76,73,73,73,73,73],"card_choices":[{"not_picked":["Headbutt","Rupture"],"picked":"Sword Boomerang","floor":1},{"not_picked":["Battle Trance","Twin Strike"],"picked":"Clothesline","floor":4},{"not_picked":["Wild Strike","Heavy Blade"],"picked":"Cleave","floor":5},{"not_picked":["Inflame","True Grit"],"picked":"Shockwave","floor":7},{"not_picked":["Reckless Charge","Infernal Blade"],"picked":"Inflame","floor":12},{"not_picked":["Wild Strike","Power Through"],"picked":"Shrug It Off","floor":13},{"not_picked":["Clash","Wild Strike"],"picked":"Whirlwind","floor":14},{"not_picked":["Barricade","Dark Embrace"],"picked":"Fiend Fire","floor":16},{"not_picked":["Ghostly Armor","Seeing Red+1","Iron Wave"],"picked":"SKIP","floor":18},{"not_picked":["Shrug It Off","Wild Strike+1"],"picked":"Flex+1","floor":19},{"not_picked":["Dual Wield","Iron Wave"],"picked":"Shrug It Off","floor":21},{"not_picked":["Anger","Burning Pact"],"picked":"Heavy Blade","floor":22},{"not_picked":["Second Wind","Armaments"],"picked":"Headbutt","floor":23},{"not_picked":["True Grit","Pommel Strike","Fiend Fire"],"picked":"SKIP","floor":24},{"not_picked":["Evolve+1","Anger+1","Headbutt+1"],"picked":"SKIP","floor":28},{"not_picked":["Feel No Pain+1","Shrug It Off","Cleave"],"picked":"SKIP","floor":29},{"not_picked":["Shrug It Off","Dual Wield","Wild Strike+1"],"picked":"SKIP","floor":30},{"not_picked":["Feed","Offering"],"picked":"Reaper","floor":33},{"not_picked":["Havoc+1","Clash"],"picked":"Dual Wield+1","floor":35},{"not_picked":["Clash","Headbutt"],"picked":"Spot Weakness","floor":38},{"not_picked":["Perfected Strike","Clash"],"picked":"Rage+1","floor":41},{"not_picked":["Warcry+1","Combust"],"picked":"Flame Barrier+1","floor":42},{"not_picked":["Rage","Whirlwind"],"picked":"Armaments+1","floor":44},{"not_picked":["Clothesline","Wild Strike+1","Barricade"],"picked":"SKIP","floor":45},{"not_picked":["Wild Strike+1","Cleave"],"picked":"Flex+1","floor":47},{"not_picked":["Dual Wield+1","Body Slam","Clothesline"],"picked":"SKIP","floor":48}],"player_experience":271948,"relics_obtained":[{"floor":7,"key":"Omamori"},{"floor":9,"key":"Bag of Marbles"},{"floor":20,"key":"Pantograph"},{"floor":22,"key":"Calipers"},{"floor":22,"key":"Bottled Tornado"},{"floor":23,"key":"Ginger"},{"floor":26,"key":"Peace Pipe"},{"floor":30,"key":"Ancient Tea Set"},{"floor":38,"key":"Gambling Chip"},{"floor":42,"key":"Anchor"},{"floor":43,"key":"Happy Flower"},{"floor":45,"key":"Mummified Hand"}],"event_choices":[{"damage_healed":0,"gold_gain":0,"player_choice":"Success","damage_taken":7,"relics_obtained":["MawBank"],"max_hp_gain":0,"max_hp_loss":0,"event_name":"Scrap Ooze","floor":2,"gold_loss":0},{"damage_healed":0,"gold_gain":0,"player_choice":"Upgraded","damage_taken":0,"max_hp_gain":0,"max_hp_loss":0,"event_name":"Upgrade Shrine","floor":3,"gold_loss":0,"cards_upgraded":["Bash"]},{"damage_healed":0,"gold_gain":0,"player_choice":"Fight","damage_taken":0,"max_hp_gain":0,"max_hp_loss":0,"event_name":"Colosseum","floor":22,"gold_loss":0},{"damage_healed":0,"gold_gain":0,"player_choice":"Fought Nobs","damage_taken":0,"max_hp_gain":0,"max_hp_loss":0,"event_name":"Colosseum","floor":22,"gold_loss":0},{"cards_removed":["Shrug It Off"],"damage_healed":0,"gold_gain":0,"player_choice":"Removed Skill","damage_taken":0,"max_hp_gain":0,"max_hp_loss":0,"event_name":"Falling","floor":36,"gold_loss":0},{"damage_healed":0,"gold_gain":0,"player_choice":"Fight","damage_taken":0,"max_hp_gain":0,"max_hp_loss":0,"event_name":"MindBloom","floor":38,"gold_loss":0},{"damage_healed":0,"gold_gain":0,"player_choice":"Max HP","damage_taken":0,"max_hp_gain":0,"max_hp_loss":4,"event_name":"Winding Halls","floor":39,"gold_loss":0}],"is_beta":false,"boss_relics":[{"not_picked":["Philosopher\u0027s Stone","White Beast Statue"],"picked":"Cursed Key"},{"not_picked":["Tiny House","Empty Cage"],"picked":"Black Blood"}],"items_purged_floors":[10,31,37],"is_endless":false,"potions_floor_spawned":[5,7,13,14,18,22,29,30,38,45,48],"killed_by":"Awakened One","ascension_level":1}