{"gold_per_floor":[116,128,128,209,284,284,315,315,338,372,372,406,406,406],"floor_reached":14,"playtime":346,"items_purged":[],"score":177,"play_id":"4e5fbaf4-907f-45a7-9157-8a8bf6641e96","local_time":"20190503183632","is_ascension_mode":true,"campfire_choices":[{"data":"Twin Strike","floor":6,"key":"SMITH"},{"data":"Flex","floor":8,"key":"SMITH"},{"data":"Corruption","floor":11,"key":"SMITH"}],"neow_cost":"NONE","seed_source_timestamp":529335044649579,"circlet_count":0,"master_deck":["AscendersBane","Strike_R","Strike_R","Strike_R","Strike_R","Defend_R","Defend_R+1","Defend_R+1","Defend_R","Bash","Flex+1","Twin Strike+1","Pommel Strike","Corruption+1","Reaper"],"relics":["Burning Blood","War Paint","Tiny Chest","Pear","Dream Catcher","Regal Pillow","Art of War","Orichalcum"],"potions_floor_usage":[7,14],"damage_taken":[{"damage":2,"enemies":"Cultist","floor":1,"turns":4},{"damage":10,"enemies":"Jaw Worm","floor":2,"turns":4},{"damage":23,"enemies":"3 Sentries","floor":7,"turns":10},{"damage":10,"enemies":"Gremlin Nob","floor":10,"turns":3},{"damage":27,"enemies":"3 Sentries","floor":12,"turns":8},{"damage":23,"enemies":"Lagavulin","floor":14,"turns":7}],"seed_played":"5755660397724945123","potions_obtained":[{"floor":2,"key":"Swift Potion"},{"floor":12,"key":"SpeedPotion"}],"is_trial":false,"path_per_floor":["M","M","?","T","?","R","E","R","T","E","R","E","T","E"],"character_chosen":"IRONCLAD","items_purchased":[],"campfire_rested":0,"item_purchase_floors":[],"current_hp_per_floor":[72,68,61,61,50,50,43,43,43,39,39,18,18,0],"gold":406,"neow_bonus":"RANDOM_COMMON_RELIC","is_prod":false,"is_daily":false,"chose_seed":false,"campfire_upgraded":3,"win_rate":0,"timestamp":1556926592,"path_taken":["M","M","?","?","?","R","E","R","T","E","R","E","?","E"],"build_version":"2019-01-23","purchased_purges":0,"victory":false,"max_hp_per_floor":[75,75,75,75,75,75,85,85,85,85,85,85,85,85],"card_choices":[{"not_picked":["Wild Strike","Heavy Blade"],"picked":"Flex","floor":1},{"not_picked":["Flex","Feel No Pain"],"picked":"Twin Strike","floor":2},{"not_picked":["Blood for Blood","Headbutt"],"picked":"Pommel Strike","floor":7},{"not_picked":["Pommel Strike","Clash"],"picked":"Corruption","floor":10},{"not_picked":["Armaments","Warcry"],"picked":"Reaper","floor":12}],"player_experience":374653,"relics_obtained":[{"floor":4,"key":"Tiny Chest"},{"floor":7,"key":"Pear"},{"floor":9,"key":"Dream Catcher"},{"floor":10,"key":"Regal Pillow"},{"floor":12,"key":"Art of War"},{"floor":13,"key":"Orichalcum"}],"event_choices":[{"cards_removed":["Strike_R"],"damage_healed":0,"gold_gain":0,"player_choice":"Card Removal","damage_taken":7,"max_hp_gain":0,"max_hp_loss":0,"event_name":"Golden Wing","floor":3,"gold_loss":0},{"damage_healed":0,"gold_gain":75,"player_choice":"Gather Gold","damage_taken":11,"max_hp_gain":0,"max_hp_loss":0,"event_name":"World of Goop","floor":5,"gold_loss":0}],"is_beta":false,"boss_relics":[],"items_purged_floors":[],"is_endless":false,"potions_floor_spawned":[2,12],"killed_by":"Lagavulin","ascension_level":14}