{"gold_per_floor":[111,127,147,147,162,192,192,223,223,223,258,277,277,290,290,385,385,404,423,423,433,447,447,479,479],"floor_reached":25,"playtime":1001,"items_purged":[],"score":380,"play_id":"67df70bf-2c9f-4497-be82-2b40960ceed3","local_time":"20190314223054","is_ascension_mode":true,"campfire_choices":[{"floor":7,"key":"REST"},{"data":"Buffer","floor":13,"key":"SMITH"},{"data":"Coolheaded","floor":15,"key":"SMITH"},{"floor":23,"key":"REST"}],"neow_cost":"NONE","seed_source_timestamp":118326805838340,"circlet_count":0,"master_deck":["AscendersBane","Strike_B","Strike_B","Strike_B","Strike_B","Defend_B","Defend_B","Defend_B","Defend_B","Zap+1","Dualcast+1","Cold Snap","Rebound","Streamline","Leap","Buffer+1","Fission+1","Steam","Go for the Eyes","Coolheaded+1","Rainbow","Turbo+1","Coolheaded","Beam Cell","Self Repair"],"relics":["Cracked Core","Omamori","Dodecahedron","Singing Bowl","Question Card","Inserter","Peace Pipe"],"potions_floor_usage":[6,8,21,24,24],"damage_taken":[{"damage":1,"enemies":"Cultist","floor":1,"turns":3},{"damage":7,"enemies":"Jaw Worm","floor":2,"turns":3},{"damage":6,"enemies":"Small Slimes","floor":3,"turns":3},{"damage":6,"enemies":"Looter","floor":5,"turns":2},{"damage":14,"enemies":"Gremlin Nob","floor":6,"turns":3},{"damage":8,"enemies":"Lagavulin","floor":8,"turns":6},{"damage":30,"enemies":"3 Sentries","floor":11,"turns":10},{"damage":8,"enemies":"Blue Slaver","floor":12,"turns":3},{"damage":0,"enemies":"3 Louse","floor":14,"turns":4},{"damage":21,"enemies":"The Guardian","floor":16,"turns":15},{"damage":30,"enemies":"3 Byrds","floor":18,"turns":5},{"damage":14,"enemies":"Shell Parasite","floor":19,"turns":7},{"damage":10,"enemies":"Snake Plant","floor":21,"turns":8},{"damage":7,"enemies":"Snecko","floor":22,"turns":7},{"damage":27,"enemies":"Slavers","floor":24,"turns":10},{"damage":18,"enemies":"Shelled Parasite and Fungi","floor":25,"turns":2}],"seed_played":"-2037565134167183412","potions_obtained":[{"floor":2,"key":"Poison Potion"},{"floor":3,"key":"Fire Potion"},{"floor":6,"key":"Weak Potion"},{"floor":12,"key":"Ancient Potion"},{"floor":19,"key":"Regen Potion"},{"floor":22,"key":"Swift Potion"}],"is_trial":false,"path_per_floor":["M","M","M","?","M","E","R","E","T","?","E","M","R","M","R","B",null,"M","M","?","M","M","R","E","M"],"character_chosen":"DEFECT","items_purchased":[],"campfire_rested":2,"item_purchase_floors":[],"current_hp_per_floor":[67,60,54,54,48,34,56,48,48,73,43,35,35,35,35,14,60,30,16,16,21,14,36,18,0],"gold":479,"neow_bonus":"UPGRADE_CARD","is_prod":false,"is_daily":false,"chose_seed":false,"campfire_upgraded":2,"win_rate":0,"timestamp":1552620654,"path_taken":["M","M","M","?","M","E","R","E","T","?","E","?","R","M","R","BOSS","M","M","?","?","M","R","E","M"],"build_version":"2019-01-23","purchased_purges":0,"victory":false,"max_hp_per_floor":[75,75,75,75,75,75,75,75,75,75,75,75,75,75,75,75,75,75,75,75,75,75,75,77,77],"card_choices":[{"not_picked":["Stack","Redo"],"picked":"Cold Snap","floor":1},{"not_picked":["Double Energy","Melter"],"picked":"Rebound","floor":2},{"not_picked":["Sweeping Beam","Tempest"],"picked":"Streamline","floor":3},{"not_picked":["Steam Power","Rip and Tear"],"picked":"Leap","floor":5},{"not_picked":["Ball Lightning","BootSequence"],"picked":"Buffer","floor":6},{"not_picked":["Hologram","Ball Lightning"],"picked":"Fission","floor":8},{"not_picked":["Stack","FTL"],"picked":"Steam","floor":11},{"not_picked":["Gash","Ball Lightning","Streamline"],"picked":"Go for the Eyes","floor":12},{"not_picked":["Reinforced Body","Cold Snap","Steam"],"picked":"Coolheaded","floor":14},{"not_picked":["Fission","All For One","Meteor Strike"],"picked":"Rainbow","floor":16},{"not_picked":["Recycle","Reprogram","Melter"],"picked":"Turbo+1","floor":18},{"not_picked":["Reprogram+1","Reinforced Body","Rebound"],"picked":"Coolheaded","floor":19},{"not_picked":["Streamline","Steam","Rebound+1"],"picked":"Beam Cell","floor":21},{"not_picked":["FTL","Cold Snap","Barrage+1"],"picked":"Self Repair","floor":22},{"not_picked":["Aggregate","Turbo","Go for the Eyes","Double Energy"],"picked":"Singing Bowl","floor":24}],"player_experience":211533,"relics_obtained":[{"floor":6,"key":"Omamori"},{"floor":8,"key":"Dodecahedron"},{"floor":9,"key":"Singing Bowl"},{"floor":11,"key":"Question Card"},{"floor":24,"key":"Peace Pipe"}],"event_choices":[{"damage_healed":0,"gold_gain":0,"player_choice":"Grow","damage_taken":0,"max_hp_gain":0,"max_hp_loss":0,"event_name":"Living Wall","floor":4,"gold_loss":0,"cards_upgraded":["Dualcast"]},{"damage_healed":25,"gold_gain":0,"player_choice":"Banana","damage_taken":0,"max_hp_gain":0,"max_hp_loss":0,"event_name":"Big Fish","floor":10,"gold_loss":0},{"damage_healed":0,"gold_gain":0,"player_choice":"Upgraded","damage_taken":0,"max_hp_gain":0,"max_hp_loss":0,"event_name":"Upgrade Shrine","floor":20,"gold_loss":0,"cards_upgraded":["Fission"]}],"is_beta":false,"boss_relics":[{"not_picked":["Busted Crown","Fusion Hammer"],"picked":"Inserter"}],"items_purged_floors":[],"is_endless":false,"potions_floor_spawned":[2,3,6,12,19,22],"killed_by":"Shelled Parasite and Fungi","ascension_level":11}