{"gold_per_floor":[119,136,147,222,240,240,240,190,213,213,213,238,238,250,250,346,346,358,377,377,388,388],"floor_reached":22,"playtime":1187,"items_purged":[],"score":186,"play_id":"2db80e40-b4f2-41a7-bd61-a2de50dfad6a","local_time":"20190527152611","is_ascension_mode":false,"campfire_choices":[{"floor":7,"key":"REST"},{"data":"Footwork","floor":11,"key":"SMITH"},{"data":"Glass Knife","floor":13,"key":"SMITH"},{"data":"Cloak And Dagger","floor":15,"key":"SMITH"}],"neow_cost":"NONE","seed_source_timestamp":0,"circlet_count":0,"master_deck":["Defend_G","Defend_G","Strike_G+1","Strike_G","Strike_G","Strike_G","Survivor","Neutralize","A Thousand Cuts","Footwork+1","Acrobatics","Infinite Blades","Cloak And Dagger+1","Terror","Glass Knife+1","Dash","Unload","Quick Slash","Poisoned Stab","Choke"],"special_seed":0,"relics":["Ring of the Snake","Boot","Bag of Preparation","WristBlade"],"potions_floor_usage":[21,22,22],"damage_taken":[{"damage":5.0,"enemies":"Jaw Worm","floor":1.0,"turns":5.0},{"damage":2.0,"enemies":"Cultist","floor":2.0,"turns":6.0},{"damage":0.0,"enemies":"Small Slimes","floor":3.0,"turns":5.0},{"damage":9,"enemies":"Looter","floor":5,"turns":4},{"damage":2,"enemies":"Lagavulin","floor":12,"turns":6},{"damage":5,"enemies":"3 Louse","floor":14,"turns":3},{"damage":24,"enemies":"Hexaghost","floor":16,"turns":8},{"damage":13,"enemies":"Spheric Guardian","floor":18,"turns":5},{"damage":0,"enemies":"Chosen","floor":19,"turns":3},{"damage":28,"enemies":"Shelled Parasite and Fungi","floor":21,"turns":5},{"damage":29,"enemies":"Snake Plant","floor":22,"turns":4}],"seed_played":"-6844765493413841723","potions_obtained":[{"floor":3.0,"key":"Strength Potion"},{"floor":5,"key":"EssenceOfSteel"},{"floor":16,"key":"EssenceOfSteel"},{"floor":19,"key":"Fire Potion"},{"floor":21,"key":"SteroidPotion"}],"is_trial":false,"path_per_floor":["M","M","M","?","M","?","R","?","T","?","R","E","R","M","R","B",null,"M","M","?","M","M"],"character_chosen":"THE_SILENT","items_purchased":[],"campfire_rested":1,"item_purchase_floors":[],"current_hp_per_floor":[65,63,63,56,47,33,54,54,54,54,54,52,52,47,47,23,70,57,57,57,29,0],"gold":388,"neow_bonus":"TRANSFORM_CARD","is_prod":false,"is_daily":false,"chose_seed":false,"campfire_upgraded":3,"win_rate":0.0,"timestamp":1558985171,"path_taken":["M","M","M","?","?","?","R","?","T","?","R","E","R","M","R","BOSS","M","M","?","M","M"],"build_version":"2019-01-23","purchased_purges":0,"victory":false,"max_hp_per_floor":[70,70,70,70,70,70,70,70,70,70,70,70,70,70,70,70,70,70,70,70,70,70],"card_choices":[{"not_picked":["Slice","Accuracy"],"picked":"Footwork","floor":1.0},{"not_picked":["Quick Slash","Slice"],"picked":"Acrobatics","floor":2.0},{"not_picked":["PiercingWail","Quick Slash"],"picked":"Infinite Blades","floor":3.0},{"not_picked":["Deadly Poison","Underhanded Strike"],"picked":"Cloak And Dagger","floor":5},{"not_picked":["Leg Sweep","Dash"],"picked":"Glass Knife","floor":12},{"not_picked":["Bane","Acrobatics"],"picked":"Dash","floor":14},{"not_picked":["Tools of the Trade","Burst"],"picked":"Unload","floor":16},{"not_picked":["Dagger Spray","Deadly Poison"],"picked":"Quick Slash","floor":18},{"not_picked":["Poisoned Stab+1","Expertise","Caltrops"],"picked":"SKIP","floor":19},{"not_picked":["Crippling Poison","Skewer"],"picked":"Choke","floor":21}],"player_experience":54093,"relics_obtained":[{"floor":9,"key":"Boot"},{"floor":12,"key":"Bag of Preparation"}],"event_choices":[{"damage_healed":0.0,"max_hp_gain":0.0,"max_hp_loss":0.0,"gold_gain":75.0,"event_name":"FaceTrader","player_choice":"Touch","floor":4.0,"gold_loss":0.0,"damage_taken":7.0},{"damage_healed":0,"gold_gain":0,"player_choice":"Entered Light","damage_taken":14,"max_hp_gain":0,"max_hp_loss":0,"event_name":"Shining Light","floor":6,"gold_loss":0,"cards_upgraded":["Strike_G","Defend_G"]},{"cards_removed":["Defend_G"],"damage_healed":0,"gold_gain":0,"player_choice":"Card Removal","damage_taken":0,"max_hp_gain":0,"max_hp_loss":0,"event_name":"The Cleric","floor":8,"gold_loss":50},{"damage_healed":0,"gold_gain":0,"cards_transformed":["Defend_G"],"player_choice":"Change","damage_taken":0,"max_hp_gain":0,"max_hp_loss":0,"event_name":"Living Wall","floor":10,"gold_loss":0,"cards_obtained":["Terror"]},{"damage_healed":0,"gold_gain":0,"cards_transformed":["Defend_G"],"player_choice":"Transformed","damage_taken":0,"max_hp_gain":0,"max_hp_loss":0,"event_name":"Transmorgrifier","floor":20,"gold_loss":0,"cards_obtained":["Poisoned Stab"]}],"is_beta":false,"boss_relics":[{"not_picked":["White Beast Statue","Ring of the Serpent"],"picked":"WristBlade"}],"items_purged_floors":[],"is_endless":false,"potions_floor_spawned":[3,5,16,19,21],"killed_by":"Snake Plant","ascension_level":0}