{"gold_per_floor":[118,118,131,20,34,59,59,91,117,130,143,159,178,178],"floor_reached":14,"playtime":575,"items_purged":[],"score":146,"play_id":"b9888794-395c-43f9-b42a-27c1537d6c9c","local_time":"20190325000940","is_ascension_mode":true,"campfire_choices":[],"neow_cost":"NONE","seed_source_timestamp":690674766579816,"circlet_count":0,"master_deck":["Strike_R","Strike_R","Strike_R","Strike_R","Strike_R","Defend_R","Defend_R","Defend_R","Defend_R","Bash+1","Clothesline+1","Armaments","Searing Blow","Infernal Blade","Metallicize","Flex","Corruption","Dark Embrace","Battle Trance","Burning Pact","Warcry"],"relics":["Burning Blood","Regal Pillow","Ancient Tea Set","Orichalcum"],"potions_floor_usage":[6],"damage_taken":[{"damage":3,"enemies":"Jaw Worm","floor":1,"turns":4},{"damage":3,"enemies":"2 Louse","floor":3,"turns":2},{"damage":0,"enemies":"Cultist","floor":5,"turns":3},{"damage":21,"enemies":"Gremlin Nob","floor":6,"turns":5},{"damage":20,"enemies":"Lagavulin","floor":8,"turns":8},{"damage":18,"enemies":"Large Slime","floor":10,"turns":10},{"damage":5,"enemies":"Exordium Wildlife","floor":11,"turns":5},{"damage":16,"enemies":"Exordium Thugs","floor":12,"turns":5},{"damage":10,"enemies":"Large Slime","floor":13,"turns":8},{"damage":26,"enemies":"Exordium Wildlife","floor":14,"turns":3}],"seed_played":"7763984149137406972","potions_obtained":[{"floor":5,"key":"Weak Potion"},{"floor":10,"key":"Poison Potion"},{"floor":12,"key":"SteroidPotion"}],"is_trial":false,"path_per_floor":["M","?","M","$","M","E","?","E","T","M","M","M","M","M"],"character_chosen":"IRONCLAD","items_purchased":["Searing Blow","Infernal Blade"],"campfire_rested":0,"item_purchase_floors":[4,4],"current_hp_per_floor":[75,75,78,78,80,65,65,51,51,39,40,30,26,0],"gold":178,"neow_bonus":"UPGRADE_CARD","is_prod":false,"is_daily":false,"chose_seed":false,"campfire_upgraded":0,"win_rate":0,"timestamp":1553490580,"path_taken":["M","?","M","$","M","E","?","E","T","M","M","?","M","M"],"build_version":"2019-01-23","purchased_purges":0,"victory":false,"max_hp_per_floor":[80,80,80,80,80,80,80,80,80,80,80,80,80,80],"card_choices":[{"not_picked":["Shrug It Off","True Grit"],"picked":"Clothesline","floor":1},{"not_picked":["True Grit","Iron Wave"],"picked":"Armaments","floor":3},{"not_picked":["Sword Boomerang","Searing Blow"],"picked":"Metallicize","floor":5},{"not_picked":["Perfected Strike","Sword Boomerang"],"picked":"Flex","floor":6},{"not_picked":["Thunderclap","Infernal Blade"],"picked":"Dark Embrace","floor":8},{"not_picked":["Twin Strike","Clothesline"],"picked":"Battle Trance","floor":10},{"not_picked":["Headbutt","Wild Strike"],"picked":"Burning Pact","floor":11},{"not_picked":["Cleave","Sword Boomerang"],"picked":"Warcry","floor":12},{"not_picked":["Rage","Perfected Strike","Thunderclap"],"picked":"SKIP","floor":13}],"player_experience":264698,"relics_obtained":[{"floor":6,"key":"Regal Pillow"},{"floor":8,"key":"Ancient Tea Set"},{"floor":9,"key":"Orichalcum"}],"event_choices":[{"damage_healed":0,"gold_gain":0,"player_choice":"Grow","damage_taken":0,"max_hp_gain":0,"max_hp_loss":0,"event_name":"Living Wall","floor":2,"gold_loss":0,"cards_upgraded":["Clothesline"]},{"damage_healed":0,"gold_gain":0,"player_choice":"1 cards matched","damage_taken":0,"max_hp_gain":0,"max_hp_loss":0,"event_name":"Match and Keep!","floor":7,"gold_loss":0,"cards_obtained":["Corruption"]}],"is_beta":false,"boss_relics":[],"items_purged_floors":[],"is_endless":false,"potions_floor_spawned":[5,10,12],"killed_by":"Exordium Wildlife","ascension_level":8}