{"gold_per_floor":[119,133,152,152,152,152,169,184,184,184,84,96,96,110,110,110],"floor_reached":16,"playtime":1148,"items_purged":["Defend_G"],"score":94,"play_id":"dfc5e025-5875-4f9a-8068-40e6967e4722","local_time":"20190515191423","is_ascension_mode":false,"campfire_choices":[{"data":"Neutralize","floor":6,"key":"SMITH"},{"data":"Crippling Poison","floor":15,"key":"SMITH"}],"neow_cost":"NONE","seed_source_timestamp":71210116835815,"circlet_count":0,"master_deck":["Defend_G","Defend_G","Defend_G","Defend_G","Strike_G","Strike_G","Strike_G","Strike_G","Strike_G","Survivor","Neutralize+1","Blur+1","Blur","Backstab","Crippling Poison+1","Acrobatics+1","Acrobatics","Deflect","Blade Dance","Blade Dance"],"relics":["Ring of the Snake","Bottled Flame","Pen Nib"],"potions_floor_usage":[],"damage_taken":[{"damage":0,"enemies":"Small Slimes","floor":1,"turns":6},{"damage":0,"enemies":"Jaw Worm","floor":2,"turns":7},{"damage":0,"enemies":"Cultist","floor":3,"turns":4},{"damage":0,"enemies":"Large Slime","floor":7,"turns":9},{"damage":1,"enemies":"2 Fungi Beasts","floor":8,"turns":4},{"damage":2,"enemies":"Exordium Wildlife","floor":12,"turns":5},{"damage":0,"enemies":"3 Louse","floor":14,"turns":3},{"damage":26,"enemies":"Slime Boss","floor":16,"turns":10}],"seed_played":"-8930630801076309256","potions_obtained":[{"floor":1,"key":"Energy Potion"},{"floor":7,"key":"PowerPotion"},{"floor":8,"key":"Strength Potion"}],"is_trial":false,"path_per_floor":["M","M","M","?","?","R","M","M","T","?","$","M","?","M","R","B"],"character_chosen":"THE_SILENT","items_purchased":["Deflect"],"campfire_rested":0,"item_purchase_floors":[11],"current_hp_per_floor":[70,70,70,70,70,70,70,69,69,55,55,53,46,46,46,20],"gold":110,"neow_bonus":"THREE_CARDS","is_prod":false,"is_daily":false,"chose_seed":false,"campfire_upgraded":2,"win_rate":0.0,"timestamp":1557972863,"path_taken":["M","M","M","?","?","R","M","?","T","?","$","M","?","M","R","BOSS"],"build_version":"2019-01-23","purchased_purges":1,"victory":false,"max_hp_per_floor":[70,70,70,70,70,70,70,70,70,70,70,70,70,70,70,70],"card_choices":[{"not_picked":["Well Laid Plans","Reflex"],"picked":"Blur","floor":0},{"not_picked":["Reflex","Backflip"],"picked":"Blur","floor":1},{"not_picked":["Poisoned Stab","Tactician"],"picked":"Backstab","floor":2},{"not_picked":["Tactician","Dagger Spray"],"picked":"Crippling Poison","floor":3},{"not_picked":["Dash","Deflect"],"picked":"Acrobatics","floor":7},{"not_picked":["Expertise","Dagger Throw"],"picked":"Acrobatics","floor":8},{"not_picked":["Sucker Punch","Acrobatics"],"picked":"Blade Dance","floor":12},{"not_picked":["Dodge and Roll","Reflex"],"picked":"Blade Dance","floor":14}],"player_experience":51636,"relics_obtained":[{"floor":9,"key":"Bottled Flame"}],"event_choices":[{"damage_healed":0,"gold_gain":0,"player_choice":"Ignored","damage_taken":0,"max_hp_gain":0,"max_hp_loss":0,"event_name":"Liars Game","floor":4,"gold_loss":0},{"damage_healed":0,"gold_gain":0,"player_choice":"Ignored","damage_taken":0,"max_hp_gain":0,"max_hp_loss":0,"event_name":"NoteForYourself","floor":5,"gold_loss":0},{"damage_healed":0,"gold_gain":0,"player_choice":"Entered Light","damage_taken":14,"max_hp_gain":0,"max_hp_loss":0,"event_name":"Shining Light","floor":10,"gold_loss":0,"cards_upgraded":["Blur","Acrobatics"]},{"damage_healed":0,"gold_gain":0,"player_choice":"Success","damage_taken":7,"relics_obtained":["Pen Nib"],"max_hp_gain":0,"max_hp_loss":0,"event_name":"Scrap Ooze","floor":13,"gold_loss":0}],"is_beta":false,"boss_relics":[],"items_purged_floors":[11],"is_endless":false,"potions_floor_spawned":[1,7,8,12],"killed_by":"Slime Boss","ascension_level":0}