{"gold_per_floor":[111,131,145,165,165,198,198,233,233,233,233,233,233,263,263,360,360,374,154,167,167,179,207,207,221,221,252,252,252,252,352,352,455,455,469,485,485,485,12,39,39,39,39],"floor_reached":44,"playtime":1516,"items_purged":["Strike_R","Strike_R+1"],"score":1036,"play_id":"a289f46e-5bae-4246-aab4-f7cd8bbfb651","local_time":"20190409144132","is_ascension_mode":true,"campfire_choices":[{"data":"Twin Strike","floor":7.0,"key":"SMITH"},{"data":"Cleave","floor":10.0,"key":"SMITH"},{"data":"Pommel Strike","floor":15.0,"key":"SMITH"},{"data":"RitualDagger","floor":24.0,"key":"SMITH"},{"data":"Headbutt","floor":28,"key":"SMITH"},{"data":"Bash","floor":30,"key":"SMITH"},{"floor":32,"key":"REST"},{"floor":41,"key":"REST"}],"neow_cost":"NONE","seed_source_timestamp":2037884265547569,"circlet_count":0,"master_deck":["Strike_R+1","Defend_R","Defend_R","Defend_R","Defend_R","Bash+1","Flame Barrier+1","Pommel Strike+1","Twin Strike+1","Reaper","Headbutt+1","Cleave+1","Offering+1","Ghostly Armor+1","RitualDagger+1","Armaments+1","True Grit+1","Spot Weakness+1","Rage+1","Limit Break+1","Spot Weakness+1","Blind+1","Rampage","Entrench+1"],"special_seed":0,"relics":["Burning Blood","PreservedInsect","Centennial Puzzle","Juzu Bracelet","Ancient Tea Set","FaceOfCleric","Toxic Egg 2","Empty Cage","Anchor","Thread and Needle","Blue Candle","Bag of Marbles","Torii","Letter Opener","Fusion Hammer","Membership Card","Red Skull","Orichalcum","StoneCalendar"],"potions_floor_usage":[27,40,43,43],"damage_taken":[{"damage":1.0,"enemies":"Small Slimes","floor":1.0,"turns":5.0},{"damage":6.0,"enemies":"Cultist","floor":2.0,"turns":4.0},{"damage":2.0,"enemies":"Jaw Worm","floor":3.0,"turns":4.0},{"damage":15.0,"enemies":"Lots of Slimes","floor":4.0,"turns":5.0},{"damage":5.0,"enemies":"Gremlin Nob","floor":6.0,"turns":3.0},{"damage":8.0,"enemies":"Lagavulin","floor":8.0,"turns":5.0},{"damage":44.0,"enemies":"Slime Boss","floor":16.0,"turns":10.0},{"damage":8.0,"enemies":"Chosen","floor":18.0,"turns":4.0},{"damage":0.0,"enemies":"3 Byrds","floor":20.0,"turns":3.0},{"damage":9.0,"enemies":"Cultist and Chosen","floor":22.0,"turns":7.0},{"damage":12.0,"enemies":"Slavers","floor":23.0,"turns":5.0},{"damage":18.0,"enemies":"3 Cultists","floor":25.0,"turns":6.0},{"damage":6,"enemies":"Gremlin Leader","floor":27,"turns":3},{"damage":5,"enemies":"Colosseum Slavers","floor":31,"turns":4},{"damage":6,"enemies":"Colosseum Nobs","floor":31,"turns":3},{"damage":55,"enemies":"Champ","floor":33,"turns":9},{"damage":7,"enemies":"3 Darklings","floor":35,"turns":3},{"damage":0,"enemies":"Orb Walker","floor":36,"turns":4},{"damage":35,"enemies":"Reptomancer","floor":40,"turns":5},{"damage":89,"enemies":"Donu and Deca","floor":43,"turns":10}],"seed_played":"-3809741914229799590","potions_obtained":[{"floor":3.0,"key":"Weak Potion"},{"floor":4.0,"key":"SteroidPotion"},{"floor":6.0,"key":"BloodPotion"},{"floor":12.0,"key":"Strength Potion"},{"floor":20.0,"key":"EssenceOfSteel"},{"floor":23.0,"key":"SteroidPotion"},{"floor":35,"key":"Strength Potion"}],"is_trial":false,"path_per_floor":["M","M","M","M","?","E","R","E","T","R","?","?","?","?","R","B",null,"M","$","M","?","M","E","R","M","T","E","R","?","R","?","R","B",null,"M","M","?","?","$","E","R","?","B",null],"character_chosen":"IRONCLAD","items_purchased":["Anchor","Membership Card","Blind+1","Red Skull","Orichalcum","Rampage"],"campfire_rested":2,"item_purchase_floors":[19,39,39,39,39,39],"current_hp_per_floor":[77,77,80,71,71,72,72,74,74,74,58,58,58,58,58,33,69,68,68,75,69,70,77,77,76,76,77,77,60,60,77,94,46,83,83,96,96,92,92,70,93,93,33],"gold":39,"neow_bonus":"RANDOM_COMMON_RELIC","is_prod":false,"is_daily":false,"chose_seed":false,"campfire_upgraded":6,"win_rate":0,"timestamp":1554838892,"path_taken":["M","M","M","M","?","E","R","E","T","R","?","?","?","?","R","BOSS","M","$","M","?","M","E","R","M","T","E","R","?","R","?","R","BOSS","M","M","?","?","$","E","R","?","BOSS"],"build_version":"2019-01-23","purchased_purges":2,"victory":true,"max_hp_per_floor":[80,80,80,80,80,80,80,80,80,80,80,80,80,80,80,81,81,82,82,83,83,84,85,85,86,86,87,87,92,92,94,94,95,95,96,97,97,92,92,93,93,93,94],"card_choices":[{"not_picked":["Twin Strike","Body Slam"],"picked":"Flame Barrier","floor":1.0},{"not_picked":["Rupture","Clash"],"picked":"Pommel Strike","floor":2.0},{"not_picked":["Warcry","Ghostly Armor"],"picked":"Twin Strike","floor":3.0},{"not_picked":["Headbutt","Pommel Strike"],"picked":"Reaper","floor":4.0},{"not_picked":["Heavy Blade","Fire Breathing"],"picked":"Headbutt","floor":6.0},{"not_picked":["Iron Wave","Clothesline"],"picked":"Cleave","floor":8.0},{"not_picked":["Fiend Fire","Brutality"],"picked":"Offering+1","floor":16.0},{"not_picked":["Clash+1","Headbutt","Twin Strike"],"picked":"SKIP","floor":18.0},{"not_picked":["Perfected Strike+1","Blood for Blood"],"picked":"Ghostly Armor+1","floor":20.0},{"not_picked":["Rupture","Blood for Blood"],"picked":"Armaments+1","floor":22.0},{"not_picked":["Metallicize+1","Berserk","Anger+1"],"picked":"SKIP","floor":23.0},{"not_picked":["Heavy Blade","Cleave"],"picked":"True Grit+1","floor":25.0},{"not_picked":["Dual Wield+1","Entrench+1"],"picked":"Spot Weakness+1","floor":27},{"not_picked":["Anger","Clothesline"],"picked":"Rage+1","floor":31},{"not_picked":["Impervious+1","Barricade"],"picked":"Limit Break+1","floor":33},{"not_picked":["Clothesline","Anger+1"],"picked":"Spot Weakness+1","floor":35},{"not_picked":["Perfected Strike+1","Wild Strike","Evolve"],"picked":"SKIP","floor":36},{"not_picked":["Bludgeon","Searing Blow"],"picked":"Entrench+1","floor":40}],"player_experience":305332,"relics_obtained":[{"floor":6.0,"key":"Centennial Puzzle"},{"floor":8.0,"key":"Juzu Bracelet"},{"floor":9.0,"key":"Ancient Tea Set"},{"floor":23.0,"key":"Thread and Needle"},{"floor":26.0,"key":"Blue Candle"},{"floor":27,"key":"Bag of Marbles"},{"floor":31,"key":"Torii"},{"floor":31,"key":"Letter Opener"},{"floor":40,"key":"StoneCalendar"}],"event_choices":[{"damage_healed":0.0,"max_hp_gain":0.0,"max_hp_loss":0.0,"gold_gain":0.0,"event_name":"Accursed Blacksmith","player_choice":"Forge","floor":5.0,"gold_loss":0.0,"damage_taken":0.0,"cards_upgraded":["Flame Barrier"]},{"damage_healed":0.0,"max_hp_gain":0.0,"max_hp_loss":0.0,"gold_gain":0.0,"event_name":"Shining Light","player_choice":"Entered Light","floor":11.0,"gold_loss":0.0,"damage_taken":16.0,"cards_upgraded":["Strike_R","Strike_R"]},{"damage_healed":0.0,"max_hp_gain":0.0,"max_hp_loss":0.0,"gold_gain":0.0,"event_name":"Lab","player_choice":"Got Potions","floor":12.0,"gold_loss":0.0,"damage_taken":0.0},{"damage_healed":0.0,"max_hp_gain":0.0,"max_hp_loss":0.0,"gold_gain":0.0,"event_name":"FaceTrader","player_choice":"Trade","floor":13.0,"gold_loss":0.0,"damage_taken":0.0,"relics_obtained":["FaceOfCleric"]},{"damage_healed":0.0,"max_hp_gain":0.0,"max_hp_loss":0.0,"gold_gain":30.0,"event_name":"Dead Adventurer","player_choice":"Searched \u00272\u0027 times","floor":14.0,"gold_loss":0.0,"damage_taken":0.0,"relics_obtained":["Toxic Egg 2"]},{"damage_healed":0.0,"max_hp_gain":0.0,"max_hp_loss":0.0,"gold_gain":0.0,"event_name":"Nest","player_choice":"Joined the Cult","floor":21.0,"gold_loss":0.0,"damage_taken":6.0,"cards_obtained":["RitualDagger"]},{"damage_healed":0,"gold_gain":0,"player_choice":"Shed Blood","damage_taken":22,"max_hp_gain":5,"max_hp_loss":0,"event_name":"Forgotten Altar","floor":29,"gold_loss":0},{"damage_healed":0,"gold_gain":0,"player_choice":"Fight","damage_taken":0,"max_hp_gain":0,"max_hp_loss":0,"event_name":"Colosseum","floor":31,"gold_loss":0},{"damage_healed":0,"gold_gain":0,"player_choice":"Fought Nobs","damage_taken":0,"max_hp_gain":0,"max_hp_loss":0,"event_name":"Colosseum","floor":31,"gold_loss":0},{"damage_healed":0,"gold_gain":0,"player_choice":"Ignored","damage_taken":0,"max_hp_gain":0,"max_hp_loss":0,"event_name":"Tomb of Lord Red Mask","floor":37,"gold_loss":0},{"damage_healed":0,"gold_gain":0,"player_choice":"Max HP","damage_taken":0,"max_hp_gain":0,"max_hp_loss":5,"event_name":"Winding Halls","floor":38,"gold_loss":0},{"damage_healed":0,"gold_gain":0,"player_choice":"Took Portal","damage_taken":0,"max_hp_gain":0,"max_hp_loss":0,"event_name":"SecretPortal","floor":42,"gold_loss":0}],"is_beta":false,"boss_relics":[{"not_picked":["Tiny House","Lizard Tail"],"picked":"Empty Cage"},{"not_picked":["Eternal Feather","Orrery"],"picked":"Fusion Hammer"}],"items_purged_floors":[19,39],"is_endless":false,"potions_floor_spawned":[3,4,6,20,23,31,35],"ascension_level":9}