{"gold_per_floor":[110,125,2,13,29,29,58,75,75,110,110,121,138,173,173,278,278,250,103,103],"floor_reached":20,"playtime":923,"items_purged":["Decay","Strike_G"],"score":344,"play_id":"a475bd3c-dad4-4bc9-9b1b-b3dcb3979a8c","local_time":"20190403200215","is_ascension_mode":true,"campfire_choices":[{"data":"A Thousand Cuts","floor":6,"key":"SMITH"},{"floor":11,"key":"REST"},{"floor":15,"key":"REST"}],"neow_cost":"CURSE","seed_source_timestamp":1539503238803002,"circlet_count":0,"master_deck":["Defend_G","Defend_G","Defend_G","Defend_G","Defend_G","Strike_G","Strike_G","Strike_G","Strike_G","Survivor","Neutralize","A Thousand Cuts+1","Backstab","Cloak And Dagger","Backflip","Deadly Poison","Dagger Spray","Underhanded Strike","Poisoned Stab","Deflect","Crippling Poison","Infinite Blades","Endless Agony","After Image","Backstab+1","Blade Dance"],"relics":["Ring of the Snake","Snake Skull","Question Card","Kunai","Pen Nib","Runic Pyramid"],"potions_floor_usage":[7,14],"damage_taken":[{"damage":3,"enemies":"Small Slimes","floor":1,"turns":4},{"damage":6,"enemies":"Jaw Worm","floor":2,"turns":4},{"damage":0,"enemies":"2 Louse","floor":4,"turns":4},{"damage":0,"enemies":"Looter","floor":5,"turns":4},{"damage":14,"enemies":"3 Sentries","floor":7,"turns":5},{"damage":6,"enemies":"Lots of Slimes","floor":8,"turns":2},{"damage":23,"enemies":"Gremlin Nob","floor":10,"turns":4},{"damage":7,"enemies":"Exordium Wildlife","floor":12,"turns":5},{"damage":1,"enemies":"Red Slaver","floor":13,"turns":4},{"damage":13,"enemies":"3 Sentries","floor":14,"turns":4},{"damage":0,"enemies":"Slime Boss","floor":16,"turns":8},{"damage":24,"enemies":"2 Thieves","floor":18,"turns":5},{"damage":20,"enemies":"Colosseum Slavers","floor":20,"turns":5},{"damage":26,"enemies":"Colosseum Nobs","floor":20,"turns":4}],"seed_played":"-1351324069205084562","potions_obtained":[{"floor":2,"key":"Swift Potion"},{"floor":5,"key":"Strength Potion"},{"floor":10,"key":"PowerPotion"},{"floor":16,"key":"SneckoOil"},{"floor":18,"key":"FearPotion"}],"is_trial":false,"path_per_floor":["M","M","$","M","M","R","E","M","T","E","R","M","M","E","R","B",null,"M","$","?"],"character_chosen":"THE_SILENT","items_purchased":["Backflip","Blade Dance"],"campfire_rested":2,"item_purchase_floors":[3,19],"current_hp_per_floor":[60,54,54,54,54,54,40,34,34,11,32,25,24,11,32,32,61,37,37,0],"gold":103,"neow_bonus":"THREE_RARE_CARDS","is_prod":false,"is_daily":false,"chose_seed":false,"campfire_upgraded":1,"win_rate":0,"timestamp":1554339735,"path_taken":["M","M","$","M","M","R","E","M","T","E","R","M","M","E","R","BOSS","M","$","?"],"build_version":"2019-01-23","purchased_purges":2,"victory":false,"max_hp_per_floor":[70,70,70,70,70,70,70,70,70,70,70,70,70,70,70,70,70,70,70,70],"card_choices":[{"not_picked":["Corpse Explosion","Night Terror"],"picked":"A Thousand Cuts","floor":0},{"not_picked":["Flechettes","Dash"],"picked":"Backstab","floor":1},{"not_picked":["Prepared","Dodge and Roll"],"picked":"Cloak And Dagger","floor":2},{"not_picked":["Slice","Infinite Blades"],"picked":"Deadly Poison","floor":4},{"not_picked":["Concentrate","Dodge and Roll"],"picked":"Dagger Spray","floor":5},{"not_picked":["All Out Attack","Accuracy"],"picked":"Underhanded Strike","floor":7},{"not_picked":["Concentrate","Prepared"],"picked":"Poisoned Stab","floor":8},{"not_picked":["Setup","Prepared","Caltrops"],"picked":"Deflect","floor":10},{"not_picked":["Die Die Die","Cloak And Dagger","Quick Slash"],"picked":"Crippling Poison","floor":12},{"not_picked":["Caltrops","Calculated Gamble","Underhanded Strike"],"picked":"Infinite Blades","floor":13},{"not_picked":["Dodge and Roll","Outmaneuver","Acrobatics"],"picked":"Endless Agony","floor":14},{"not_picked":["Doppelganger","Grand Finale","Venomology"],"picked":"After Image","floor":16},{"not_picked":["Well Laid Plans","Outmaneuver","Dodge and Roll"],"picked":"Backstab+1","floor":18}],"player_experience":282172,"relics_obtained":[{"floor":7,"key":"Snake Skull"},{"floor":9,"key":"Question Card"},{"floor":10,"key":"Kunai"},{"floor":14,"key":"Pen Nib"}],"event_choices":[{"damage_healed":0,"gold_gain":0,"player_choice":"Fight","damage_taken":0,"max_hp_gain":0,"max_hp_loss":0,"event_name":"Colosseum","floor":20,"gold_loss":0},{"damage_healed":0,"gold_gain":0,"player_choice":"Fought Nobs","damage_taken":0,"max_hp_gain":0,"max_hp_loss":0,"event_name":"Colosseum","floor":20,"gold_loss":0}],"is_beta":false,"boss_relics":[{"not_picked":["Ectoplasm","Eternal Feather"],"picked":"Runic Pyramid"}],"items_purged_floors":[3,19],"is_endless":false,"potions_floor_spawned":[2,5,10,16,18],"killed_by":"Colosseum Nobs","ascension_level":8}