{"gold_per_floor":[115,133,2,2,22,56,56,56,56,74,404,417,417,434,434,434],"floor_reached":16,"playtime":388,"items_purged":[],"score":157,"play_id":"afa24976-c4ce-4aef-8abb-5f7e6aef7272","local_time":"20190322032539","is_ascension_mode":true,"campfire_choices":[{"data":"Armaments","floor":7,"key":"SMITH"},{"data":"Body Slam","floor":15,"key":"SMITH"}],"neow_cost":"NONE","seed_source_timestamp":443417375850985,"circlet_count":0,"master_deck":["Strike_R","Strike_R","Strike_R","Strike_R","Defend_R","Defend_R","Defend_R","Defend_R","Bash","Shrug It Off","Armaments+1","Pommel Strike","Immolate","Dual Wield","Body Slam+1","Thunderclap","Parasite","Headbutt"],"relics":["Burning Blood","NeowsBlessing","Bag of Preparation","Mercury Hourglass","Dodecahedron","Old Coin"],"potions_floor_usage":[16],"damage_taken":[{"damage":0,"enemies":"Jaw Worm","floor":1,"turns":1},{"damage":0,"enemies":"Cultist","floor":2,"turns":1},{"damage":0,"enemies":"Small Slimes","floor":5,"turns":1},{"damage":32,"enemies":"3 Sentries","floor":6,"turns":12},{"damage":5,"enemies":"Blue Slaver","floor":10,"turns":4},{"damage":33,"enemies":"Gremlin Nob","floor":11,"turns":4},{"damage":10,"enemies":"Exordium Wildlife","floor":12,"turns":4},{"damage":3,"enemies":"Looter","floor":14,"turns":3},{"damage":44,"enemies":"The Guardian","floor":16,"turns":10}],"seed_played":"-158004463255547309","potions_obtained":[{"floor":10,"key":"SmokeBomb"},{"floor":12,"key":"Strength Potion"}],"is_trial":false,"path_per_floor":["M","M","?","$","M","E","R","?","T","M","E","M","?","M","R","B"],"character_chosen":"IRONCLAD","items_purchased":[],"campfire_rested":0,"item_purchase_floors":[],"current_hp_per_floor":[78,80,80,80,80,54,54,47,47,48,21,17,37,40,40,0],"gold":434,"neow_bonus":"THREE_ENEMY_KILL","is_prod":false,"is_daily":false,"chose_seed":false,"campfire_upgraded":2,"win_rate":0,"timestamp":1553243139,"path_taken":["M","M","?","$","?","E","R","?","T","M","E","M","?","M","R","BOSS"],"build_version":"2019-01-23","purchased_purges":0,"victory":false,"max_hp_per_floor":[80,80,80,80,80,80,80,80,80,80,80,80,80,80,80,80],"card_choices":[{"not_picked":["Sword Boomerang","Warcry"],"picked":"Shrug It Off","floor":1},{"not_picked":["Clash","Twin Strike"],"picked":"Armaments","floor":2},{"not_picked":["Iron Wave","Armaments"],"picked":"Pommel Strike","floor":5},{"not_picked":["Body Slam","Cleave"],"picked":"Immolate","floor":6},{"not_picked":["True Grit","Anger"],"picked":"Dual Wield","floor":10},{"not_picked":["Entrench","Sword Boomerang"],"picked":"Body Slam","floor":11},{"not_picked":["Body Slam","Burning Pact"],"picked":"Thunderclap","floor":12},{"not_picked":["Infernal Blade","Wild Strike"],"picked":"Headbutt","floor":14}],"player_experience":258607,"relics_obtained":[{"floor":6,"key":"Mercury Hourglass"},{"floor":9,"key":"Dodecahedron"},{"floor":11,"key":"Old Coin"}],"event_choices":[{"damage_healed":0,"gold_gain":0,"player_choice":"Paid Gold","damage_taken":0,"relics_obtained":["Bag of Preparation"],"max_hp_gain":0,"max_hp_loss":0,"event_name":"WeMeetAgain","floor":3,"gold_loss":131},{"cards_removed":["Strike_R"],"damage_healed":0,"gold_gain":0,"player_choice":"Card Removal","damage_taken":7,"max_hp_gain":0,"max_hp_loss":0,"event_name":"Golden Wing","floor":8,"gold_loss":0},{"damage_healed":20,"gold_gain":0,"player_choice":"Healed and dodged fight","damage_taken":0,"max_hp_gain":0,"max_hp_loss":0,"event_name":"Mushrooms","floor":13,"gold_loss":0,"cards_obtained":["Parasite"]}],"is_beta":false,"boss_relics":[],"items_purged_floors":[],"is_endless":false,"potions_floor_spawned":[10,12],"killed_by":"The Guardian","ascension_level":8}