{"gold_per_floor":[118,133,58,58,73,101,121,137,137,137,37,37,37,51,51,155,155,172,24,24,37,37,37,48,48],"floor_reached":25,"playtime":686,"items_purged":["Strike_R","Strike_R","Strike_R"],"score":294,"play_id":"ca10127c-3aa3-4951-9bd2-12ea52901daf","local_time":"20190407192941","is_ascension_mode":true,"campfire_choices":[{"data":"Searing Blow","floor":10,"key":"SMITH"},{"data":"Searing Blow+1","floor":12,"key":"SMITH"},{"data":"True Grit","floor":15,"key":"SMITH"},{"data":"Searing Blow+2","floor":23,"key":"SMITH"}],"neow_cost":"NONE","seed_source_timestamp":1883394118231440,"circlet_count":0,"master_deck":["Strike_R","Strike_R","Defend_R","Defend_R","Defend_R","Defend_R","Bash","Searing Blow+3","Warcry+1","Flame Barrier","Cleave","Anger","True Grit+1","Reaper","Metallicize","Shrug It Off","Warcry","Decay"],"relics":["Burning Blood","NeowsBlessing","Happy Flower","Mango","Philosopher\u0027s Stone"],"potions_floor_usage":[16,16,21],"damage_taken":[{"damage":0,"enemies":"Jaw Worm","floor":1,"turns":1},{"damage":0,"enemies":"Cultist","floor":2,"turns":1},{"damage":0,"enemies":"2 Louse","floor":5,"turns":1},{"damage":48,"enemies":"Gremlin Nob","floor":6,"turns":5},{"damage":3,"enemies":"Exordium Wildlife","floor":7,"turns":3},{"damage":6,"enemies":"Lots of Slimes","floor":8,"turns":3},{"damage":0,"enemies":"2 Fungi Beasts","floor":14,"turns":3},{"damage":59,"enemies":"Hexaghost","floor":16,"turns":11},{"damage":31,"enemies":"2 Thieves","floor":18,"turns":5},{"damage":10,"enemies":"3 Byrds","floor":21,"turns":4},{"damage":4,"enemies":"Centurion and Healer","floor":24,"turns":9},{"damage":82,"enemies":"Slavers","floor":25,"turns":6}],"seed_played":"4106127639446894855","potions_obtained":[{"floor":1,"key":"Dexterity Potion"},{"floor":8,"key":"Swift Potion"},{"floor":18,"key":"Energy Potion"}],"is_trial":false,"path_per_floor":["M","M","$","?","M","E","M","M","T","R","$","R","$","M","R","B",null,"M","$","?","M","?","R","M","E"],"character_chosen":"IRONCLAD","items_purchased":["Shrug It Off"],"campfire_rested":0,"item_purchase_floors":[19],"current_hp_per_floor":[78,80,80,80,80,38,41,41,55,55,55,55,55,61,61,8,73,56,56,56,60,60,60,72,2],"gold":48,"neow_bonus":"THREE_ENEMY_KILL","is_prod":false,"is_daily":false,"chose_seed":false,"campfire_upgraded":4,"win_rate":0,"timestamp":1554683381,"path_taken":["M","M","$","?","?","E","M","M","T","R","$","R","$","M","R","BOSS","M","$","?","M","?","R","M","E"],"build_version":"2019-01-23","purchased_purges":3,"victory":false,"max_hp_per_floor":[80,80,80,80,80,80,80,80,94,94,94,94,94,94,94,94,94,94,94,94,94,94,94,94,94],"card_choices":[{"not_picked":["Thunderclap","Heavy Blade"],"picked":"Searing Blow","floor":1},{"not_picked":["Rupture","Clash"],"picked":"Warcry","floor":2},{"not_picked":["Shockwave","Iron Wave"],"picked":"Flame Barrier","floor":5},{"not_picked":["Heavy Blade","Seeing Red"],"picked":"Cleave","floor":6},{"not_picked":["Rampage","Thunderclap","Power Through"],"picked":"SKIP","floor":7},{"not_picked":["Carnage","Seeing Red"],"picked":"Anger","floor":8},{"not_picked":["Inflame","Thunderclap"],"picked":"True Grit","floor":14},{"not_picked":["Brutality","Demon Form"],"picked":"Reaper","floor":16},{"not_picked":["Cleave","Evolve"],"picked":"Metallicize","floor":18},{"not_picked":["Sword Boomerang","Body Slam+1"],"picked":"Warcry","floor":21},{"not_picked":["Hemokinesis","Wild Strike","Flame Barrier"],"picked":"SKIP","floor":24}],"player_experience":294531,"relics_obtained":[{"floor":6,"key":"Happy Flower"},{"floor":9,"key":"Mango"}],"event_choices":[{"damage_healed":0,"gold_gain":0,"player_choice":"Upgraded","damage_taken":0,"max_hp_gain":0,"max_hp_loss":0,"event_name":"Upgrade Shrine","floor":4,"gold_loss":0,"cards_upgraded":["Warcry"]},{"damage_healed":0,"gold_gain":0,"player_choice":"Ignored","damage_taken":0,"max_hp_gain":0,"max_hp_loss":0,"event_name":"Beggar","floor":20,"gold_loss":0},{"damage_healed":0,"gold_gain":0,"player_choice":"Smashed Altar","damage_taken":0,"max_hp_gain":0,"max_hp_loss":0,"event_name":"Forgotten Altar","floor":22,"gold_loss":0,"cards_obtained":["Decay"]}],"is_beta":false,"boss_relics":[{"not_picked":["Velvet Choker","Lizard Tail"],"picked":"Philosopher\u0027s Stone"}],"items_purged_floors":[3,11,19],"is_endless":false,"potions_floor_spawned":[1,8,18],"killed_by":"Slavers","ascension_level":9}