{"gold_per_floor":[213,55,67,67,14,47,47,47,47,80,93,14,14,35,35,35],"floor_reached":16,"playtime":447,"items_purged":["Strike_G"],"score":146,"play_id":"2171d450-1f25-401e-a145-50a57f6ab9c1","local_time":"20190322023233","is_ascension_mode":true,"campfire_choices":[{"floor":8,"key":"REST"},{"floor":15,"key":"REST"}],"neow_cost":"NONE","seed_source_timestamp":440173320098531,"circlet_count":0,"master_deck":["Defend_G","Defend_G","Defend_G","Defend_G","Defend_G","Strike_G","Strike_G","Strike_G","Strike_G","Survivor","Neutralize","Dodge and Roll","Accuracy","Blade Dance+1","Deadly Poison","Choke","Blade Dance","Accuracy","Slice"],"relics":["Ring of the Snake","Golden Idol","Pen Nib","Letter Opener","Ancient Tea Set","Gremlin Horn"],"potions_floor_usage":[],"damage_taken":[{"damage":4,"enemies":"Jaw Worm","floor":1,"turns":5},{"damage":5,"enemies":"Small Slimes","floor":3,"turns":6},{"damage":26,"enemies":"3 Sentries","floor":6,"turns":12},{"damage":28,"enemies":"Lagavulin","floor":10,"turns":7},{"damage":0,"enemies":"Cultist","floor":11,"turns":3},{"damage":5,"enemies":"Red Slaver","floor":14,"turns":4},{"damage":32,"enemies":"Hexaghost","floor":16,"turns":7}],"seed_played":"-4566835653002794088","potions_obtained":[{"floor":6,"key":"SteroidPotion"},{"floor":11,"key":"Ancient Potion"},{"floor":14,"key":"Energy Potion"}],"is_trial":false,"path_per_floor":["M","$","M","?","$","E","?","R","T","E","M","$","?","M","R","B"],"character_chosen":"THE_SILENT","items_purchased":["Accuracy","Blade Dance","Deadly Poison","Accuracy"],"campfire_rested":2,"item_purchase_floors":[2,2,5,12],"current_hp_per_floor":[59,59,54,54,54,28,28,47,47,19,19,19,16,11,30,0],"gold":35,"neow_bonus":"HUNDRED_GOLD","is_prod":false,"is_daily":false,"chose_seed":false,"campfire_upgraded":0,"win_rate":0,"timestamp":1553239953,"path_taken":["M","$","M","?","$","E","?","R","T","E","?","?","?","M","R","BOSS"],"build_version":"2019-01-23","purchased_purges":1,"victory":false,"max_hp_per_floor":[70,70,70,65,65,65,65,65,65,65,65,65,65,65,65,65],"card_choices":[{"not_picked":["Dagger Throw","Bane"],"picked":"Dodge and Roll","floor":1},{"not_picked":["Concentrate","Dagger Throw","Dodge and Roll"],"picked":"SKIP","floor":3},{"not_picked":["All Out Attack","Backflip"],"picked":"Choke","floor":6},{"not_picked":["Flechettes","Deadly Poison"],"picked":"Blade Dance","floor":10},{"not_picked":["Caltrops","Bane","Tactician"],"picked":"SKIP","floor":11},{"not_picked":["Sucker Punch","Glass Knife"],"picked":"Slice","floor":14}],"player_experience":255400,"relics_obtained":[{"floor":6,"key":"Pen Nib"},{"floor":9,"key":"Letter Opener"},{"floor":10,"key":"Ancient Tea Set"}],"event_choices":[{"damage_healed":0,"gold_gain":0,"player_choice":"Lose Max HP","damage_taken":0,"relics_obtained":["Golden Idol"],"max_hp_gain":0,"max_hp_loss":5,"event_name":"Golden Idol","floor":4,"gold_loss":0},{"damage_healed":0,"gold_gain":0,"player_choice":"Forge","damage_taken":0,"max_hp_gain":0,"max_hp_loss":0,"event_name":"Accursed Blacksmith","floor":7,"gold_loss":0,"cards_upgraded":["Blade Dance"]},{"damage_healed":0,"gold_gain":0,"player_choice":"Success","damage_taken":3,"relics_obtained":["Gremlin Horn"],"max_hp_gain":0,"max_hp_loss":0,"event_name":"Scrap Ooze","floor":13,"gold_loss":0}],"is_beta":false,"boss_relics":[],"items_purged_floors":[2],"is_endless":false,"potions_floor_spawned":[6,11,14],"killed_by":"Hexaghost","ascension_level":7}