{"gold_per_floor":[111,111,125,75,90,118,129,158,158,158,187,110,126,29,29,125,125,137,212,222,38,55,83,83,118,118,118,46,63,63,63],"floor_reached":31,"playtime":1605,"items_purged":[],"score":293,"play_id":"e5d3746a-c86a-4a9f-8c38-c398057420e6","local_time":"20190218193007","is_ascension_mode":false,"campfire_choices":[{"floor":15,"key":"REST"},{"data":"Zap","floor":24,"key":"SMITH"},{"data":"Turbo","floor":27,"key":"SMITH"}],"neow_cost":"NONE","seed_source_timestamp":448835243102866,"circlet_count":0,"master_deck":["Zap+1","Finesse","Turbo+1","Rip and Tear","Gash","Conserve Battery","Ball Lightning","Beam Cell+1","Self Repair+1","Electrodynamics+1","Defragment+1","Go for the Eyes+1","Creative AI+1","Echo Form+1","Beam Cell+1","Lockon+1","Echo Form+1","Ball Lightning+1","Reinforced Body","Core Surge+1","Capacitor+1","Ball Lightning+1","Capacitor+1","Steam","Capacitor+1","Go for the Eyes+1","Heatsinks+1","Force Field","Turbo+1"],"relics":["Cracked Core","Bottled Flame","Frozen Egg 2","Molten Egg 2","Pear","Pandora\u0027s Box","Bag of Marbles","Omamori","Potion Belt","Oddly Smooth Stone"],"potions_floor_usage":[8,11,23],"damage_taken":[{"damage":0,"enemies":"Small Slimes","floor":1,"turns":4},{"damage":4,"enemies":"2 Louse","floor":3,"turns":4},{"damage":0,"enemies":"Cultist","floor":5,"turns":3},{"damage":18,"enemies":"Gremlin Nob","floor":6,"turns":4},{"damage":1,"enemies":"Red Slaver","floor":7,"turns":3},{"damage":31,"enemies":"3 Sentries","floor":8,"turns":8},{"damage":7,"enemies":"Lagavulin","floor":11,"turns":6},{"damage":6,"enemies":"Large Slime","floor":13,"turns":4},{"damage":31,"enemies":"The Guardian","floor":16,"turns":10},{"damage":23,"enemies":"Spheric Guardian","floor":18,"turns":4},{"damage":10,"enemies":"Chosen","floor":20,"turns":2},{"damage":5,"enemies":"Snecko","floor":22,"turns":4},{"damage":18,"enemies":"Gremlin Leader","floor":23,"turns":5},{"damage":31,"enemies":"Slavers","floor":25,"turns":4},{"damage":22,"enemies":"Centurion and Healer","floor":29,"turns":5},{"damage":23,"enemies":"Shelled Parasite and Fungi","floor":31,"turns":3}],"seed_played":"-5913393428184543528","potions_obtained":[{"floor":1,"key":"Weak Potion"},{"floor":3,"key":"Regen Potion"},{"floor":6,"key":"FearPotion"},{"floor":11,"key":"Swift Potion"},{"floor":18,"key":"Ancient Potion"}],"is_trial":false,"path_per_floor":["M","?","M","?","M","E","M","E","T","?","E","$","M","$","R","B",null,"M","?","M","$","M","E","R","E","T","R","$","M","?","M"],"character_chosen":"DEFECT","items_purchased":["Self Repair+1","Defragment+1","Go for the Eyes+1","Capacitor+1","Bag of Marbles","Heatsinks+1"],"campfire_rested":1,"item_purchase_floors":[12,14,14,21,21,28],"current_hp_per_floor":[75,75,71,71,71,53,52,30,30,30,33,33,37,37,62,41,85,72,64,54,54,49,51,51,30,30,30,30,18,18,0],"gold":63,"neow_bonus":"RANDOM_COLORLESS","is_prod":false,"is_daily":false,"chose_seed":false,"campfire_upgraded":2,"win_rate":0,"timestamp":1550539807,"path_taken":["M","?","M","?","M","E","M","E","T","?","E","?","M","$","R","BOSS","M","?","?","$","M","E","R","E","T","R","?","M","?","M"],"build_version":"2019-01-23","purchased_purges":0,"victory":false,"max_hp_per_floor":[75,75,75,75,75,75,75,75,75,75,85,85,85,85,85,85,85,85,85,85,85,85,85,85,85,85,85,85,85,85,85],"card_choices":[{"not_picked":["Stack","Aggregate"],"picked":"Turbo","floor":1},{"not_picked":["Leap","Stack"],"picked":"Rip and Tear","floor":3},{"not_picked":["Sweeping Beam","Stack"],"picked":"Gash","floor":5},{"not_picked":["Compile Driver","Reboot","Doom and Gloom"],"picked":"SKIP","floor":6},{"not_picked":["Stack","Cold Snap"],"picked":"Conserve Battery","floor":7},{"not_picked":["Seek","Cold Snap"],"picked":"Ball Lightning","floor":8},{"not_picked":["Streamline+1","Stack"],"picked":"Beam Cell+1","floor":11},{"not_picked":["Compile Driver+1","Streamline+1"],"picked":"Electrodynamics+1","floor":13},{"not_picked":["Biased Cognition+1","Thunder Strike+1"],"picked":"Creative AI+1","floor":16},{"not_picked":["Sunder+1","Ball Lightning+1"],"picked":"Capacitor+1","floor":18},{"not_picked":["Conserve Battery","Streamline+1"],"picked":"Ball Lightning+1","floor":20},{"not_picked":["Streamline+1","Coolheaded"],"picked":"Steam","floor":22},{"not_picked":["Rebound+1","Aggregate"],"picked":"Capacitor+1","floor":23},{"not_picked":["Core Surge+1","Chaos"],"picked":"Go for the Eyes+1","floor":25},{"not_picked":["Glacier","Barrage+1"],"picked":"Force Field","floor":29}],"player_experience":64449,"relics_obtained":[{"floor":6,"key":"Bottled Flame"},{"floor":8,"key":"Frozen Egg 2"},{"floor":9,"key":"Molten Egg 2"},{"floor":11,"key":"Pear"},{"floor":23,"key":"Omamori"},{"floor":25,"key":"Potion Belt"},{"floor":26,"key":"Oddly Smooth Stone"}],"event_choices":[{"cards_removed":["Strike_B"],"damage_healed":0,"gold_gain":0,"player_choice":"Forget","damage_taken":0,"max_hp_gain":0,"max_hp_loss":0,"event_name":"Living Wall","floor":2,"gold_loss":0},{"cards_removed":["Dualcast"],"damage_healed":0,"gold_gain":0,"player_choice":"Card Removal","damage_taken":0,"max_hp_gain":0,"max_hp_loss":0,"event_name":"The Cleric","floor":4,"gold_loss":50},{"damage_healed":0,"gold_gain":0,"player_choice":"Ignored","damage_taken":0,"max_hp_gain":0,"max_hp_loss":0,"event_name":"Shining Light","floor":10,"gold_loss":0},{"damage_healed":0,"gold_gain":75,"player_choice":"Touch","damage_taken":8,"max_hp_gain":0,"max_hp_loss":0,"event_name":"FaceTrader","floor":19,"gold_loss":0},{"damage_healed":0,"gold_gain":0,"player_choice":"Copied","damage_taken":0,"max_hp_gain":0,"max_hp_loss":0,"event_name":"Duplicator","floor":30,"gold_loss":0,"cards_obtained":["Turbo"]}],"is_beta":false,"boss_relics":[{"not_picked":["Empty Cage","Calling Bell"],"picked":"Pandora\u0027s Box"}],"items_purged_floors":[],"is_endless":false,"potions_floor_spawned":[1,3,6,11,18,20],"killed_by":"Shelled Parasite and Fungi","ascension_level":0}