{"gold_per_floor":[114,114,125,135,85,85,118,130,156,156,331,348,97,97,97,197,197,217,235,96,113,113,148,163,163],"floor_reached":25,"playtime":758,"items_purged":["Doubt","Strike_R"],"score":287,"play_id":"720fd1b0-2eca-4a14-9a2f-1628fc4c0d89","local_time":"20190520182453","is_ascension_mode":true,"campfire_choices":[{"data":"Cleave","floor":6,"key":"SMITH"},{"data":"Entrench","floor":10,"key":"SMITH"},{"data":"Limit Break","floor":15,"key":"SMITH"}],"neow_cost":"NONE","seed_source_timestamp":71291175693021,"circlet_count":0,"master_deck":["Strike_R","Strike_R","Defend_R","Defend_R","Defend_R","Defend_R","Bash+1","Thunderclap","Cleave+1","Entrench+1","Flame Barrier","Cleave","Limit Break+1","Twin Strike","Headbutt+1","Seeing Red","Rampage+1","Disarm","Carnage"],"relics":["Burning Blood","PreservedInsect","Bag of Marbles","Philosopher\u0027s Stone","Oddly Smooth Stone"],"potions_floor_usage":[8,16,18,21,23,25],"damage_taken":[{"damage":0,"enemies":"2 Louse","floor":1,"turns":3},{"damage":2,"enemies":"Small Slimes","floor":3,"turns":4},{"damage":9,"enemies":"Jaw Worm","floor":4,"turns":4},{"damage":30,"enemies":"3 Sentries","floor":7,"turns":8},{"damage":0,"enemies":"2 Fungi Beasts","floor":8,"turns":1},{"damage":7,"enemies":"Blue Slaver","floor":12,"turns":3},{"damage":0,"enemies":"Slime Boss","floor":16,"turns":5},{"damage":11,"enemies":"2 Thieves","floor":18,"turns":2},{"damage":7,"enemies":"Chosen","floor":19,"turns":4},{"damage":25,"enemies":"Shelled Parasite and Fungi","floor":21,"turns":11},{"damage":38,"enemies":"Book of Stabbing","floor":23,"turns":5},{"damage":7,"enemies":"Cultist and Chosen","floor":24,"turns":6},{"damage":22,"enemies":"3 Cultists","floor":25,"turns":4}],"seed_played":"1895606705346176536","potions_obtained":[{"floor":7,"key":"Explosive Potion"},{"floor":8,"key":"Weak Potion"},{"floor":16,"key":"Fire Potion"},{"floor":18,"key":"FearPotion"},{"floor":21,"key":"FearPotion"},{"floor":24,"key":"Explosive Potion"}],"is_trial":false,"path_per_floor":["M","?","M","M","?","R","E","M","T","R","?","M","$","?","R","B",null,"M","M","$","M","?","E","M","M"],"character_chosen":"IRONCLAD","items_purchased":["Limit Break","Twin Strike","Strength Potion","Seeing Red"],"campfire_rested":0,"item_purchase_floors":[13,13,13,20],"current_hp_per_floor":[80,80,80,77,77,77,53,59,59,59,59,58,58,63,63,69,85,80,79,79,60,44,12,11,0],"gold":163,"neow_bonus":"UPGRADE_CARD","is_prod":false,"is_daily":false,"chose_seed":false,"campfire_upgraded":3,"win_rate":0,"timestamp":1558398293,"path_taken":["M","?","M","M","?","R","E","M","T","R","?","M","$","?","R","BOSS","M","M","$","M","?","E","M","?"],"build_version":"2019-01-23","purchased_purges":2,"victory":false,"max_hp_per_floor":[80,80,80,80,80,80,80,80,80,80,80,80,80,85,85,85,85,85,85,85,85,85,85,85,85],"card_choices":[{"not_picked":["Wild Strike","Feel No Pain"],"picked":"Thunderclap","floor":1},{"not_picked":["Second Wind","Power Through"],"picked":"Cleave","floor":3},{"not_picked":["Reckless Charge","Wild Strike","Ghostly Armor"],"picked":"SKIP","floor":4},{"not_picked":["Immolate","Perfected Strike"],"picked":"Entrench","floor":7},{"not_picked":["Wild Strike","Body Slam"],"picked":"Flame Barrier","floor":8},{"not_picked":["Wild Strike","Rupture"],"picked":"Cleave","floor":12},{"not_picked":["Shrug It Off","Metallicize"],"picked":"Headbutt+1","floor":18},{"not_picked":["Body Slam","Iron Wave","Havoc"],"picked":"SKIP","floor":19},{"not_picked":["Headbutt","Pommel Strike+1"],"picked":"Rampage+1","floor":21},{"not_picked":["Cleave","Perfected Strike"],"picked":"Disarm","floor":23},{"not_picked":["Sentinel","Juggernaut"],"picked":"Carnage","floor":24}],"player_experience":273690,"relics_obtained":[{"floor":7,"key":"PreservedInsect"},{"floor":9,"key":"Bag of Marbles"},{"floor":23,"key":"Oddly Smooth Stone"}],"event_choices":[{"cards_removed":["Strike_R"],"damage_healed":0,"gold_gain":0,"player_choice":"Forget","damage_taken":0,"max_hp_gain":0,"max_hp_loss":0,"event_name":"Living Wall","floor":2,"gold_loss":0},{"cards_removed":["Strike_R"],"damage_healed":0,"gold_gain":0,"player_choice":"Card Removal","damage_taken":0,"max_hp_gain":0,"max_hp_loss":0,"event_name":"The Cleric","floor":5,"gold_loss":50},{"damage_healed":0,"gold_gain":175,"player_choice":"AGREE","damage_taken":0,"max_hp_gain":0,"max_hp_loss":0,"event_name":"Liars Game","floor":11,"gold_loss":0,"cards_obtained":["Doubt"]},{"damage_healed":0,"gold_gain":0,"player_choice":"Donut","damage_taken":0,"max_hp_gain":5,"max_hp_loss":0,"event_name":"Big Fish","floor":14,"gold_loss":0},{"damage_healed":0,"gold_gain":0,"player_choice":"POTION ","damage_taken":16,"max_hp_gain":0,"max_hp_loss":0,"event_name":"Knowing Skull","floor":22,"potions_obtained":["FearPotion"],"gold_loss":0,"cards_obtained":[]}],"is_beta":false,"boss_relics":[{"not_picked":["Runic Pyramid","Pandora\u0027s Box"],"picked":"Philosopher\u0027s Stone"}],"items_purged_floors":[13,20],"is_endless":false,"potions_floor_spawned":[7,8,16,18,21,24],"killed_by":"3 Cultists","ascension_level":1}