{"gold_per_floor":[112,112,34,49,49,83,118,143,224,224,244,256,256],"floor_reached":13,"playtime":349,"items_purged":[],"score":134,"play_id":"45ebfd93-203b-423b-99ac-4f851c9a4d24","local_time":"20190220234846","is_ascension_mode":true,"campfire_choices":[{"floor":10,"key":"REST"}],"neow_cost":"NONE","seed_source_timestamp":83224017642971,"circlet_count":0,"master_deck":["Strike_B","Strike_B","Strike_B","Defend_B","Defend_B","Defend_B","Defend_B","Zap","Dualcast+1","Redo+1","Defragment","Loop","Steam","Leap","Conserve Battery"],"relics":["Cracked Core","NeowsBlessing","WingedGreaves","Art of War","War Paint","Ornamental Fan"],"potions_floor_usage":[7,13],"damage_taken":[{"damage":0,"enemies":"Small Slimes","floor":1,"turns":1},{"damage":0,"enemies":"Cultist","floor":4,"turns":1},{"damage":0,"enemies":"Gremlin Nob","floor":6,"turns":1},{"damage":34,"enemies":"3 Sentries","floor":7,"turns":8},{"damage":42,"enemies":"Gremlin Nob","floor":8,"turns":5},{"damage":6,"enemies":"Jaw Worm","floor":11,"turns":3},{"damage":16,"enemies":"Lots of Slimes","floor":12,"turns":4},{"damage":11,"enemies":"Lagavulin","floor":13,"turns":5}],"seed_played":"3594352821612677168","potions_obtained":[{"floor":6,"key":"Regen Potion"},{"floor":11,"key":"GamblersBrew"},{"floor":12,"key":"Fire Potion"}],"is_trial":false,"path_per_floor":["M","?","$","M","$","E","E","E","T","R","M","M","E"],"character_chosen":"DEFECT","items_purchased":["Loop"],"campfire_rested":1,"item_purchase_floors":[3],"current_hp_per_floor":[75,75,75,75,75,75,56,14,14,36,30,14,3],"gold":256,"neow_bonus":"THREE_ENEMY_KILL","is_prod":false,"is_daily":false,"chose_seed":false,"campfire_upgraded":0,"win_rate":0,"timestamp":1550728126,"path_taken":["M","?","?","M","$","E","E","E","T","R","M","?","E"],"build_version":"2019-01-23","purchased_purges":0,"victory":false,"max_hp_per_floor":[75,75,75,75,75,75,75,75,75,75,75,75,75],"card_choices":[{"not_picked":["Cold Snap","Barrage"],"picked":"Redo","floor":1},{"not_picked":["Redo","Conserve Battery"],"picked":"Steam","floor":4},{"not_picked":["Hologram","Darkness","Coolheaded"],"picked":"SKIP","floor":6},{"not_picked":["Streamline","Melter"],"picked":"Leap","floor":7},{"not_picked":["Recycle","Hologram","Beam Cell"],"picked":"SKIP","floor":8},{"not_picked":["Beam Cell","Compile Driver","Rebound"],"picked":"SKIP","floor":11},{"not_picked":["Blizzard","Beam Cell"],"picked":"Conserve Battery","floor":12}],"player_experience":70176,"relics_obtained":[{"floor":6,"key":"WingedGreaves"},{"floor":7,"key":"Art of War"},{"floor":8,"key":"War Paint"},{"floor":9,"key":"Ornamental Fan"}],"event_choices":[{"damage_healed":0,"gold_gain":0,"cards_transformed":["Strike_B"],"player_choice":"Transformed","damage_taken":0,"max_hp_gain":0,"max_hp_loss":0,"event_name":"Transmorgrifier","floor":2,"gold_loss":0,"cards_obtained":["Defragment"]}],"is_beta":false,"boss_relics":[],"items_purged_floors":[],"is_endless":false,"potions_floor_spawned":[6,11,12],"killed_by":"Lagavulin","ascension_level":1}