{"gold_per_floor":[361,15,28,42,59,59,59,59,132,132,82,82,121,121,121,121],"floor_reached":16,"playtime":596,"items_purged":["Shame","Regret"],"score":98,"play_id":"c55640c2-c100-40dd-98d7-ca4e5c493b6d","local_time":"20190527133937","is_ascension_mode":false,"campfire_choices":[{"data":"Whirlwind","floor":6,"key":"SMITH"},{"data":"Bash","floor":12,"key":"SMITH"},{"data":"True Grit","floor":15,"key":"SMITH"}],"neow_cost":"CURSE","seed_source_timestamp":57793426531948,"circlet_count":0,"master_deck":["Strike_R","Strike_R","Strike_R","Strike_R","Defend_R","Defend_R","Defend_R","Defend_R","Bash+1","True Grit+1","Shrug It Off","Body Slam","Whirlwind+1","Warcry","Injury"],"relics":["Burning Blood","Membership Card","Golden Idol","Mummified Hand","Centennial Puzzle","Pear","WingedGreaves"],"potions_floor_usage":[16],"damage_taken":[{"damage":0,"enemies":"Small Slimes","floor":1,"turns":3},{"damage":4,"enemies":"2 Louse","floor":3,"turns":2},{"damage":8,"enemies":"Cultist","floor":4,"turns":5},{"damage":2,"enemies":"2 Fungi Beasts","floor":5,"turns":3},{"damage":15,"enemies":"Gremlin Nob","floor":13,"turns":4},{"damage":74,"enemies":"Hexaghost","floor":16,"turns":11}],"seed_played":"354958986986692660","potions_obtained":[{"floor":4,"key":"FearPotion"}],"is_trial":false,"path_per_floor":["M","$","M","M","M","R","?","?","T","?","$","R","E","T","R","B"],"character_chosen":"IRONCLAD","items_purchased":["Membership Card","Shrug It Off","Body Slam","Whirlwind"],"campfire_rested":0,"item_purchase_floors":[2,2,2,2],"current_hp_per_floor":[80,80,80,78,80,80,73,73,73,73,73,73,74,74,74,0],"gold":121,"neow_bonus":"TWO_FIFTY_GOLD","is_prod":false,"is_daily":false,"chose_seed":false,"campfire_upgraded":3,"win_rate":0,"timestamp":1558989577,"path_taken":["M","$","M","M","M","R","?","?","T","?","$","R","E","?","R","BOSS"],"build_version":"2019-01-23","purchased_purges":2,"victory":false,"max_hp_per_floor":[80,80,80,80,80,80,80,80,80,80,80,80,90,90,90,90],"card_choices":[{"not_picked":["Heavy Blade","Shockwave"],"picked":"True Grit","floor":1},{"not_picked":["Wild Strike","Power Through","Combust"],"picked":"SKIP","floor":3},{"not_picked":["Havoc","Shrug It Off"],"picked":"Warcry","floor":4},{"not_picked":["Sword Boomerang","Heavy Blade","Perfected Strike"],"picked":"SKIP","floor":5},{"not_picked":["Fire Breathing","Perfected Strike","Hemokinesis"],"picked":"SKIP","floor":13}],"player_experience":334262,"relics_obtained":[{"floor":9,"key":"Mummified Hand"},{"floor":13,"key":"Pear"},{"floor":14,"key":"WingedGreaves"}],"event_choices":[{"cards_removed":["Strike_R"],"damage_healed":0,"gold_gain":0,"player_choice":"Card Removal","damage_taken":7,"max_hp_gain":0,"max_hp_loss":0,"event_name":"Golden Wing","floor":7,"gold_loss":0},{"damage_healed":0,"gold_gain":0,"player_choice":"Take Wound","damage_taken":0,"relics_obtained":["Golden Idol"],"max_hp_gain":0,"max_hp_loss":0,"event_name":"Golden Idol","floor":8,"gold_loss":0,"cards_obtained":["Injury"]},{"damage_healed":0,"gold_gain":0,"player_choice":"Box","damage_taken":0,"relics_obtained":["Centennial Puzzle"],"max_hp_gain":0,"max_hp_loss":0,"event_name":"Big Fish","floor":10,"gold_loss":0,"cards_obtained":["Regret"]}],"is_beta":false,"boss_relics":[],"items_purged_floors":[2,11],"is_endless":false,"potions_floor_spawned":[4],"killed_by":"Hexaghost","ascension_level":0}