{"gold_per_floor":[115,135,148,167,167,167,182,207,276,276,276,294,329,352,352,352],"floor_reached":16,"playtime":1760,"items_purged":[],"score":104,"play_id":"f969ab66-827f-4de0-aaba-cbf80e907446","local_time":"20190211012805","is_ascension_mode":false,"campfire_choices":[{"data":"Twin Strike","floor":6,"key":"SMITH"},{"data":"Anger","floor":10,"key":"SMITH"},{"floor":15,"key":"REST"}],"neow_cost":"NONE","seed_source_timestamp":906044474760,"circlet_count":0,"master_deck":["Strike_R","Strike_R","Strike_R","Strike_R","Strike_R","Defend_R","Defend_R","Defend_R","Defend_R","Bash+1","Thunderclap","Clothesline","Twin Strike+1","Shockwave","Anger+1","Injury","Anger","Clash","Anger"],"relics":["Burning Blood","Juzu Bracelet","Kunai","Golden Idol","Odd Mushroom"],"potions_floor_usage":[12,12,16,16],"damage_taken":[{"damage":0,"enemies":"2 Louse","floor":1,"turns":3},{"damage":17,"enemies":"Small Slimes","floor":2,"turns":3},{"damage":8,"enemies":"Jaw Worm","floor":3,"turns":3},{"damage":14,"enemies":"3 Louse","floor":4,"turns":4},{"damage":12,"enemies":"Exordium Wildlife","floor":7,"turns":3},{"damage":34,"enemies":"Lagavulin","floor":8,"turns":7},{"damage":2,"enemies":"Large Slime","floor":12,"turns":3},{"damage":7,"enemies":"The Mushroom Lair","floor":13,"turns":4},{"damage":10,"enemies":"Lots of Slimes","floor":14,"turns":3},{"damage":52,"enemies":"The Guardian","floor":16,"turns":7}],"seed_played":"-7539474480291411470","potions_obtained":[{"floor":2,"key":"Fire Potion"},{"floor":4,"key":"Explosive Potion"},{"floor":7,"key":"Energy Potion"},{"floor":14,"key":"Explosive Potion"}],"is_trial":false,"path_per_floor":["M","M","M","M","$","R","M","E","T","R","?","M","?","M","R","B"],"character_chosen":"IRONCLAD","items_purchased":[],"campfire_rested":1,"item_purchase_floors":[],"current_hp_per_floor":[80,69,67,59,59,59,53,25,25,25,25,29,28,24,48,0],"gold":352,"neow_bonus":"UPGRADE_CARD","is_prod":false,"is_daily":false,"chose_seed":false,"campfire_upgraded":2,"win_rate":0,"timestamp":1549873685,"path_taken":["M","M","M","M","$","R","M","E","T","R","?","M","?","M","R","BOSS"],"build_version":"2019-01-23","purchased_purges":0,"victory":false,"max_hp_per_floor":[80,80,80,80,80,80,80,80,80,80,80,80,80,80,80,80],"card_choices":[{"not_picked":["Corruption","Ghostly Armor"],"picked":"Thunderclap","floor":1},{"not_picked":["Power Through","Anger","Thunderclap"],"picked":"SKIP","floor":2},{"not_picked":["Iron Wave","Battle Trance"],"picked":"Clothesline","floor":3},{"not_picked":["Offering","Warcry"],"picked":"Twin Strike","floor":4},{"not_picked":["Clash","Iron Wave"],"picked":"Shockwave","floor":7},{"not_picked":["Sentinel","Fiend Fire"],"picked":"Anger","floor":8},{"not_picked":["Body Slam","Shockwave"],"picked":"Anger","floor":12},{"not_picked":["Heavy Blade","Body Slam"],"picked":"Clash","floor":13},{"not_picked":["Body Slam","Feel No Pain"],"picked":"Anger","floor":14}],"player_experience":14968,"relics_obtained":[{"floor":8,"key":"Juzu Bracelet"},{"floor":9,"key":"Kunai"},{"floor":13,"key":"Odd Mushroom"}],"event_choices":[{"damage_healed":0,"gold_gain":0,"player_choice":"Take Wound","damage_taken":0,"relics_obtained":["Golden Idol"],"max_hp_gain":0,"max_hp_loss":0,"event_name":"Golden Idol","floor":11,"gold_loss":0,"cards_obtained":["Injury"]},{"damage_healed":0,"gold_gain":0,"player_choice":"Fought Mushrooms","damage_taken":0,"max_hp_gain":0,"max_hp_loss":0,"event_name":"Mushrooms","floor":13,"gold_loss":0}],"is_beta":false,"boss_relics":[],"items_purged_floors":[],"is_endless":false,"potions_floor_spawned":[2,4,7,8,14],"killed_by":"The Guardian","ascension_level":0}