{"gold_per_floor":[115,40,40,40,40,74,74,107,131,179,202,43,86,107,107,233,233,257,277,277,227,250,250,289,307,307,325,285,309,309,434,434,555,555,579,579,451,576,591,591,624,624,624,724,739,739,739,773,773,773],"floor_reached":51,"playtime":2389,"items_purged":["Regret","Strike_G+1","Strike_G+1"],"score":1036,"play_id":"3f938ebd-ed28-4f38-9cdc-8b2c0ffbc461","local_time":"20190321231239","is_ascension_mode":true,"campfire_choices":[{"data":"Noxious Fumes","floor":7,"key":"SMITH"},{"data":"Cloak And Dagger","floor":15,"key":"SMITH"},{"floor":23,"key":"REST"},{"data":"Cloak And Dagger","floor":30,"key":"SMITH"},{"data":"Well Laid Plans","floor":32,"key":"SMITH"},{"data":"Burst","floor":40,"key":"SMITH"},{"data":"Catalyst","floor":42,"key":"SMITH"},{"data":"Night Terror","floor":46,"key":"SMITH"},{"data":"Calculated Gamble","floor":49,"key":"SMITH"}],"neow_cost":"NONE","seed_source_timestamp":426228779848846,"circlet_count":0,"master_deck":["Defend_G+1","Defend_G+1","Defend_G+1","Defend_G+1","Defend_G+1","Strike_G+1","Strike_G+1","Survivor","Neutralize","Backflip","Noxious Fumes+1","Flechettes","Quick Slash","Setup+1","Catalyst+1","Well Laid Plans+1","Bouncing Flask","Cloak And Dagger+1","Night Terror+1","Calculated Gamble+1","Cloak And Dagger+1","Deflect+1","Dagger Spray+1","Backflip+1","Deadly Poison","Burst+1","Infinite Blades","Setup+1","Noxious Fumes"],"relics":["Ring of the Snake","NeowsBlessing","Golden Idol","Letter Opener","Kunai","Smiling Mask","Anchor","Ancient Tea Set","Lantern","Philosopher\u0027s Stone","Incense Burner","Gremlin Horn","Tingsha","Mummified Hand","Sozu","Bird Faced Urn","Dream Catcher","Meat on the Bone","Pantograph"],"potions_floor_usage":[16,24,25,31,31,50],"damage_taken":[{"damage":0,"enemies":"Small Slimes","floor":1,"turns":1},{"damage":0,"enemies":"Lagavulin","floor":6,"turns":2},{"damage":0,"enemies":"Gremlin Nob","floor":8,"turns":1},{"damage":2,"enemies":"2 Louse","floor":11,"turns":3},{"damage":13,"enemies":"Lagavulin","floor":13,"turns":7},{"damage":0,"enemies":"Jaw Worm","floor":14,"turns":3},{"damage":26,"enemies":"Slime Boss","floor":16,"turns":10},{"damage":10,"enemies":"Shell Parasite","floor":18,"turns":4},{"damage":4,"enemies":"Chosen","floor":19,"turns":4},{"damage":19,"enemies":"Centurion and Healer","floor":22,"turns":8},{"damage":5,"enemies":"Gremlin Leader","floor":24,"turns":6},{"damage":5,"enemies":"Snecko","floor":25,"turns":4},{"damage":0,"enemies":"3 Cultists","floor":27,"turns":5},{"damage":0,"enemies":"Centurion and Healer","floor":29,"turns":8},{"damage":0,"enemies":"Colosseum Slavers","floor":31,"turns":4},{"damage":0,"enemies":"Colosseum Nobs","floor":31,"turns":4},{"damage":7,"enemies":"Automaton","floor":33,"turns":8},{"damage":0,"enemies":"Orb Walker","floor":35,"turns":4},{"damage":0,"enemies":"Mind Bloom Boss Battle","floor":38,"turns":6},{"damage":0,"enemies":"3 Shapes","floor":39,"turns":3},{"damage":24,"enemies":"Nemesis","floor":41,"turns":6},{"damage":0,"enemies":"Sphere and 2 Shapes","floor":45,"turns":5},{"damage":8,"enemies":"Reptomancer","floor":48,"turns":4},{"damage":40,"enemies":"Donu and Deca","floor":50,"turns":10}],"seed_played":"1928846270057753276","potions_obtained":[{"floor":11,"key":"GhostInAJar"},{"floor":13,"key":"Swift Potion"},{"floor":19,"key":"Swift Potion"},{"floor":24,"key":"Energy Potion"},{"floor":27,"key":"Block Potion"},{"floor":29,"key":"Regen Potion"}],"is_trial":false,"path_per_floor":["M","$","?","?","$","E","R","E","T","T","M","$","E","M","R","B",null,"M","M","?","$","M","R","E","M","T","M","?","M","R","?","R","B",null,"M","?","$","?","M","R","E","R","T","?","M","R","?","E","R","B",null],"character_chosen":"THE_SILENT","items_purchased":["Noxious Fumes","Catalyst","Well Laid Plans","Infinite Blades"],"campfire_rested":1,"item_purchase_floors":[2,12,12,37],"current_hp_per_floor":[63,63,63,63,63,63,63,63,63,63,61,61,48,48,48,22,54,44,40,40,40,21,40,35,30,30,30,30,30,30,44,44,37,58,58,58,58,58,62,62,41,41,41,41,47,47,47,51,51,40],"gold":773,"neow_bonus":"THREE_ENEMY_KILL","is_prod":false,"is_daily":false,"chose_seed":false,"campfire_upgraded":8,"win_rate":0,"timestamp":1553227959,"path_taken":["M","$","?","?","$","E","R","E","T","?","M","$","E","M","R","BOSS","M","M","?","$","M","R","E","M","T","M","?","?","R","?","R","BOSS","M","?","$","?","M","R","E","R","T","?","?","R","?","E","R","BOSS"],"build_version":"2019-01-23","purchased_purges":3,"victory":true,"max_hp_per_floor":[70,70,65,65,65,65,65,65,65,65,65,65,65,65,65,65,65,65,65,65,65,65,65,65,65,65,65,65,65,65,65,65,65,65,65,65,65,65,65,65,65,65,65,65,65,65,62,62,62,62],"card_choices":[{"not_picked":["Prepared","Expertise"],"picked":"Backflip","floor":1},{"not_picked":["Expertise","Setup"],"picked":"Flechettes","floor":6},{"not_picked":["Masterful Stab","Sucker Punch"],"picked":"Quick Slash","floor":8},{"not_picked":["Concentrate","Flechettes"],"picked":"Setup","floor":11},{"not_picked":["Backflip","Deflect"],"picked":"Bouncing Flask","floor":13},{"not_picked":["Endless Agony","Predator"],"picked":"Cloak And Dagger","floor":14},{"not_picked":["Glass Knife","Venomology"],"picked":"Night Terror","floor":16},{"not_picked":["Well Laid Plans","Distraction"],"picked":"Calculated Gamble","floor":18},{"not_picked":["Sucker Punch","Backflip"],"picked":"Cloak And Dagger","floor":19},{"not_picked":["Masterful Stab","Flying Knee"],"picked":"Deflect+1","floor":22},{"not_picked":["Poisoned Stab","Unload","Expertise"],"picked":"SKIP","floor":24},{"not_picked":["Finisher","Calculated Gamble"],"picked":"Dagger Spray+1","floor":25},{"not_picked":["Quick Slash","Catalyst"],"picked":"Backflip+1","floor":27},{"not_picked":["Flechettes","Terror"],"picked":"Deadly Poison","floor":29},{"not_picked":["Glass Knife","Malaise"],"picked":"Burst","floor":33},{"not_picked":["Masterful Stab","Dagger Throw","Prepared"],"picked":"SKIP","floor":35},{"not_picked":["Well Laid Plans","Bane","Masterful Stab+1"],"picked":"SKIP","floor":39},{"not_picked":["Heel Hook+1","Well Laid Plans+1"],"picked":"Setup+1","floor":41},{"not_picked":["Acrobatics","Poisoned Stab+1","Terror"],"picked":"SKIP","floor":45},{"not_picked":["Blur+1","Outmaneuver"],"picked":"Noxious Fumes","floor":48}],"player_experience":251365,"relics_obtained":[{"floor":6,"key":"Kunai"},{"floor":8,"key":"Smiling Mask"},{"floor":9,"key":"Anchor"},{"floor":10,"key":"Ancient Tea Set"},{"floor":13,"key":"Lantern"},{"floor":24,"key":"Incense Burner"},{"floor":26,"key":"Gremlin Horn"},{"floor":31,"key":"Tingsha"},{"floor":31,"key":"Mummified Hand"},{"floor":38,"key":"Bird Faced Urn"},{"floor":41,"key":"Dream Catcher"},{"floor":43,"key":"Meat on the Bone"},{"floor":48,"key":"Pantograph"}],"event_choices":[{"damage_healed":0,"gold_gain":0,"player_choice":"Lose Max HP","damage_taken":0,"relics_obtained":["Golden Idol"],"max_hp_gain":0,"max_hp_loss":5,"event_name":"Golden Idol","floor":3,"gold_loss":0},{"damage_healed":0,"gold_gain":0,"player_choice":"Box","damage_taken":0,"relics_obtained":["Letter Opener"],"max_hp_gain":0,"max_hp_loss":0,"event_name":"Big Fish","floor":4,"gold_loss":0,"cards_obtained":["Regret"]},{"damage_healed":0,"gold_gain":0,"player_choice":"Simplicity","damage_taken":0,"max_hp_gain":0,"max_hp_loss":0,"event_name":"Back to Basics","floor":20,"gold_loss":0,"cards_upgraded":["Defend_G","Defend_G","Defend_G","Defend_G","Defend_G","Strike_G","Strike_G","Strike_G","Strike_G","Strike_G"]},{"damage_healed":0,"gold_gain":0,"player_choice":"Upgrade","damage_taken":0,"max_hp_gain":0,"max_hp_loss":0,"event_name":"Designer","floor":28,"gold_loss":40,"cards_upgraded":["Setup"]},{"damage_healed":0,"gold_gain":0,"player_choice":"Fight","damage_taken":0,"max_hp_gain":0,"max_hp_loss":0,"event_name":"Colosseum","floor":31,"gold_loss":0},{"damage_healed":0,"gold_gain":0,"player_choice":"Fought Nobs","damage_taken":0,"max_hp_gain":0,"max_hp_loss":0,"event_name":"Colosseum","floor":31,"gold_loss":0},{"cards_removed":["Strike_G"],"damage_healed":0,"gold_gain":0,"player_choice":"Removed Attack","damage_taken":0,"max_hp_gain":0,"max_hp_loss":0,"event_name":"Falling","floor":36,"gold_loss":0},{"damage_healed":0,"gold_gain":0,"player_choice":"Fight","damage_taken":0,"max_hp_gain":0,"max_hp_loss":0,"event_name":"MindBloom","floor":38,"gold_loss":0},{"damage_healed":0,"gold_gain":100,"player_choice":"Pray","damage_taken":0,"max_hp_gain":0,"max_hp_loss":0,"event_name":"Golden Shrine","floor":44,"gold_loss":0},{"damage_healed":0,"gold_gain":0,"player_choice":"Max HP","damage_taken":0,"max_hp_gain":0,"max_hp_loss":3,"event_name":"Winding Halls","floor":47,"gold_loss":0}],"is_beta":false,"boss_relics":[{"not_picked":["Ring of the Serpent","Orrery"],"picked":"Philosopher\u0027s Stone"},{"not_picked":["Snecko Eye","Velvet Choker"],"picked":"Sozu"}],"items_purged_floors":[12,21,37],"is_endless":false,"potions_floor_spawned":[11,13,19,24,27,29,35,38,48],"ascension_level":6}