{"gold_per_floor":[115,134,153,30,0,35,35,54,54,54,2,19,35,35,35,137,137,157,177,42,60,75,75,75],"floor_reached":24,"playtime":2992,"items_purged":["Strike_R","Strike_R"],"score":200,"play_id":"fbcdde35-1771-42de-8a36-7acc4c5dffd4","local_time":"20190515000855","is_ascension_mode":false,"campfire_choices":[{"floor":7,"key":"REST"},{"data":"Uppercut","floor":10,"key":"SMITH"},{"floor":15,"key":"REST"}],"neow_cost":"NONE","seed_source_timestamp":29443070828075,"circlet_count":0,"master_deck":["Strike_R","Strike_R","Defend_R","Defend_R","Defend_R","Defend_R","Bash","Fire Breathing","True Grit","Pommel Strike","Inflame","Uppercut+1","True Grit","Dropkick","Cleave","Demon Form","Rage+1","Flame Barrier","Sword Boomerang+1"],"relics":["Burning Blood","Letter Opener","Shuriken","Coffee Dripper"],"potions_floor_usage":[2,21,21,21],"damage_taken":[{"damage":8,"enemies":"Jaw Worm","floor":1,"turns":4},{"damage":7,"enemies":"Small Slimes","floor":2,"turns":5},{"damage":6,"enemies":"Cultist","floor":3,"turns":4},{"damage":36,"enemies":"3 Sentries","floor":6,"turns":11},{"damage":13,"enemies":"Exordium Wildlife","floor":8,"turns":6},{"damage":8,"enemies":"3 Louse","floor":12,"turns":4},{"damage":31,"enemies":"Lots of Slimes","floor":13,"turns":6},{"damage":35,"enemies":"Slime Boss","floor":16,"turns":9},{"damage":18,"enemies":"2 Thieves","floor":18,"turns":4},{"damage":24,"enemies":"3 Byrds","floor":19,"turns":5},{"damage":5,"enemies":"Snecko","floor":21,"turns":5},{"damage":6,"enemies":"Centurion and Healer","floor":22,"turns":9},{"damage":30,"enemies":"Colosseum Slavers","floor":23,"turns":7},{"damage":36,"enemies":"Gremlin Leader","floor":24,"turns":4}],"seed_played":"5409500788592897963","potions_obtained":[{"floor":1,"key":"Ancient Potion"},{"floor":3,"key":"Fire Potion"},{"floor":8,"key":"BloodPotion"},{"floor":13,"key":"GamblersBrew"}],"is_trial":false,"path_per_floor":["M","M","M","$","?","E","R","M","T","R","$","M","M","?","R","B",null,"M","M","$","M","M","?","E"],"character_chosen":"IRONCLAD","items_purchased":["Pommel Strike","True Grit","Flame Barrier"],"campfire_rested":2,"item_purchase_floors":[4,11,20],"current_hp_per_floor":[78,77,77,77,77,47,71,64,64,64,64,62,37,37,61,32,80,68,50,50,59,59,35,0],"gold":75,"neow_bonus":"REMOVE_CARD","is_prod":false,"is_daily":false,"chose_seed":false,"campfire_upgraded":1,"win_rate":0.0,"timestamp":1557904135,"path_taken":["M","M","M","$","?","E","R","M","T","R","$","M","M","?","R","BOSS","M","M","$","M","M","?","E"],"build_version":"2019-01-23","purchased_purges":2,"victory":false,"max_hp_per_floor":[80,80,80,80,80,80,80,80,80,80,80,80,80,80,80,80,80,80,80,80,80,80,80,80],"card_choices":[{"not_picked":["Twin Strike","Entrench"],"picked":"Fire Breathing","floor":1},{"not_picked":["Infernal Blade","Carnage","Anger"],"picked":"SKIP","floor":2},{"not_picked":["Body Slam","Clash"],"picked":"True Grit","floor":3},{"not_picked":["Iron Wave","Flame Barrier"],"picked":"Inflame","floor":6},{"not_picked":["Pommel Strike","Clothesline"],"picked":"Uppercut","floor":8},{"not_picked":["Cleave","Impervious"],"picked":"Dropkick","floor":12},{"not_picked":["Rupture","Headbutt"],"picked":"Cleave","floor":13},{"not_picked":["Impervious","Fiend Fire"],"picked":"Demon Form","floor":16},{"not_picked":["Clash","Entrench","Armaments"],"picked":"SKIP","floor":18},{"not_picked":["Second Wind","Cleave"],"picked":"Rage+1","floor":19},{"not_picked":["Cleave+1","Clothesline","Carnage+1"],"picked":"SKIP","floor":21},{"not_picked":["Armaments","Seeing Red"],"picked":"Sword Boomerang+1","floor":22}],"player_experience":20683,"relics_obtained":[{"floor":6,"key":"Letter Opener"},{"floor":9,"key":"Shuriken"}],"event_choices":[{"damage_healed":0,"gold_gain":0,"player_choice":"Left Gold","damage_taken":0,"max_hp_gain":0,"max_hp_loss":0,"event_name":"World of Goop","floor":5,"gold_loss":30},{"damage_healed":0,"gold_gain":0,"player_choice":"Ignored","damage_taken":0,"max_hp_gain":0,"max_hp_loss":0,"event_name":"Golden Idol","floor":14,"gold_loss":0},{"damage_healed":0,"gold_gain":0,"player_choice":"Fight","damage_taken":0,"max_hp_gain":0,"max_hp_loss":0,"event_name":"Colosseum","floor":23,"gold_loss":0},{"damage_healed":0,"gold_gain":0,"player_choice":"Fled From Nobs","damage_taken":0,"max_hp_gain":0,"max_hp_loss":0,"event_name":"Colosseum","floor":23,"gold_loss":0}],"is_beta":false,"boss_relics":[{"not_picked":["Astrolabe","Runic Dome"],"picked":"Coffee Dripper"}],"items_purged_floors":[4,20],"is_endless":false,"potions_floor_spawned":[1,3,8,13,18,23],"killed_by":"Gremlin Leader","ascension_level":0}