{"gold_per_floor":[116,116,116,116,136,136,168,23,48,48,63,63,83,258,258,354,354,369,469,469,482,32,44,62,62,108,119,137,154,168,198,198,198],"floor_reached":33,"playtime":4023,"items_purged":["Regret","Defend_G"],"score":319,"play_id":"db2d50d5-5dac-44b4-a3e2-750dd38a2ac1","local_time":"20190516194122","is_ascension_mode":false,"campfire_choices":[{"data":"Cloak And Dagger","floor":6,"key":"SMITH"},{"data":"Footwork","floor":10,"key":"SMITH"},{"data":"Dash","floor":12,"key":"SMITH"},{"floor":15,"key":"REST"},{"floor":25,"key":"REST"},{"floor":32,"key":"REST"}],"neow_cost":"CURSE","seed_source_timestamp":118636196006084,"circlet_count":0,"master_deck":["Defend_G","Defend_G","Defend_G","Defend_G","Strike_G","Strike_G","Strike_G","Strike_G","Strike_G","Survivor","Neutralize","Dagger Spray","Cloak And Dagger+1","Bane","Footwork+1","Footwork","Dash+1","Backstab","Infinite Blades","Doubt","Burst","Finisher","Deflect","Quick Slash","J.A.X.","Blade Dance","Backflip","Well Laid Plans","Backflip","Blur","Terror","Backflip","Accuracy","Deflect+1","Envenom","Cloak And Dagger","Backflip","Accuracy+1","Reflex","After Image"],"relics":["Ring of the Snake","Ginger","Snake Skull","Prayer Wheel","Strawberry","Lizard Tail","Calipers","Ninja Scroll","Vajra","Bag of Preparation","PreservedInsect"],"potions_floor_usage":[],"damage_taken":[{"damage":0,"enemies":"Small Slimes","floor":1,"turns":4},{"damage":7,"enemies":"Jaw Worm","floor":5,"turns":6},{"damage":27,"enemies":"3 Sentries","floor":7,"turns":7},{"damage":1,"enemies":"Cultist","floor":11,"turns":4},{"damage":0,"enemies":"Blue Slaver","floor":13,"turns":4},{"damage":49,"enemies":"The Guardian","floor":16,"turns":15},{"damage":1,"enemies":"3 Byrds","floor":18,"turns":7},{"damage":7,"enemies":"Colosseum Slavers","floor":19,"turns":7},{"damage":31,"enemies":"Colosseum Nobs","floor":19,"turns":8},{"damage":0,"enemies":"Spheric Guardian","floor":21,"turns":3},{"damage":17,"enemies":"Centurion and Healer","floor":23,"turns":6},{"damage":10,"enemies":"Shelled Parasite and Fungi","floor":24,"turns":6},{"damage":0,"enemies":"Snecko","floor":27,"turns":5},{"damage":14,"enemies":"Snake Plant","floor":28,"turns":5},{"damage":36,"enemies":"Chosen and Byrds","floor":29,"turns":8},{"damage":0,"enemies":"Centurion and Healer","floor":30,"turns":5},{"damage":21,"enemies":"Slavers","floor":31,"turns":8},{"damage":32,"enemies":"Champ","floor":33,"turns":6}],"seed_played":"1832433896014791599","potions_obtained":[{"floor":11,"key":"SkillPotion"},{"floor":13,"key":"SpeedPotion"},{"floor":19,"key":"PowerPotion"},{"floor":30,"key":"Regen Potion"}],"is_trial":false,"path_per_floor":["M","?","?","?","M","R","E","$","T","R","M","R","M","?","R","B",null,"M","?","?","M","$","M","M","R","T","M","M","M","M","E","R","B"],"character_chosen":"THE_SILENT","items_purchased":["Footwork","Well Laid Plans","Backflip","Vajra","Blur"],"campfire_rested":3,"item_purchase_floors":[8,22,22,22,22],"current_hp_per_floor":[70,70,70,70,63,63,36,36,43,43,42,42,42,42,65,16,77,76,38,38,38,38,21,11,34,34,34,20,25,25,4,27,0],"gold":198,"neow_bonus":"ONE_RARE_RELIC","is_prod":false,"is_daily":false,"chose_seed":false,"campfire_upgraded":3,"win_rate":0.0,"timestamp":1558060882,"path_taken":["M","?","?","?","M","R","E","?","T","R","M","R","?","?","R","BOSS","M","?","?","M","$","M","M","R","T","M","M","M","M","E","R","BOSS"],"build_version":"2019-01-23","purchased_purges":2,"victory":false,"max_hp_per_floor":[70,70,70,70,70,70,70,70,77,77,77,77,77,77,77,77,77,77,77,77,77,77,77,77,77,77,77,77,77,77,77,77,77],"card_choices":[{"not_picked":["Underhanded Strike","Dodge and Roll"],"picked":"Dagger Spray","floor":1},{"not_picked":["PiercingWail","Slice"],"picked":"Cloak And Dagger","floor":5},{"not_picked":["Quick Slash","Catalyst"],"picked":"Bane","floor":7},{"not_picked":["Dagger Throw","Prepared"],"picked":"Footwork","floor":11},{"not_picked":["Backstab","Cloak And Dagger"],"picked":"Dash","floor":11},{"not_picked":["Riddle With Holes","Dagger Throw"],"picked":"Backstab","floor":13},{"not_picked":["Poisoned Stab","Choke"],"picked":"Infinite Blades","floor":13},{"not_picked":["Night Terror","Unload"],"picked":"Burst","floor":16},{"not_picked":["All Out Attack","Expertise"],"picked":"Finisher","floor":18},{"not_picked":["Outmaneuver","Sucker Punch"],"picked":"Deflect","floor":18},{"not_picked":["Riddle With Holes","Deadly Poison"],"picked":"Quick Slash","floor":19},{"not_picked":["Deadly Poison","Venomology"],"picked":"Blade Dance","floor":21},{"not_picked":["Slice","Eviscerate"],"picked":"Backflip","floor":21},{"not_picked":["Quick Slash+1","Catalyst"],"picked":"Terror","floor":23},{"not_picked":["Expertise","Flechettes+1","Dagger Throw"],"picked":"SKIP","floor":23},{"not_picked":["Reflex","Acrobatics+1"],"picked":"Backflip","floor":24},{"not_picked":["Underhanded Strike","Dagger Throw+1","Heel Hook"],"picked":"SKIP","floor":24},{"not_picked":["All Out Attack","Flying Knee"],"picked":"Accuracy","floor":27},{"not_picked":["Bane","Calculated Gamble"],"picked":"Deflect+1","floor":27},{"not_picked":["Dagger Throw","Dodge and Roll"],"picked":"Envenom","floor":28},{"not_picked":["Crippling Poison","All Out Attack+1"],"picked":"Cloak And Dagger","floor":28},{"not_picked":["Distraction+1","Prepared+1"],"picked":"Backflip","floor":29},{"not_picked":["Acrobatics","Bane+1"],"picked":"Accuracy+1","floor":29},{"not_picked":["Terror","Underhanded Strike+1"],"picked":"Reflex","floor":30},{"not_picked":["Prepared","Riddle With Holes","Dagger Spray+1"],"picked":"SKIP","floor":30},{"not_picked":["Accuracy","Slice"],"picked":"After Image","floor":31}],"player_experience":86769,"relics_obtained":[{"floor":7,"key":"Prayer Wheel"},{"floor":9,"key":"Strawberry"},{"floor":19,"key":"Calipers"},{"floor":19,"key":"Ninja Scroll"},{"floor":26,"key":"Bag of Preparation"},{"floor":31,"key":"PreservedInsect"}],"event_choices":[{"cards_removed":["Clumsy"],"damage_healed":0,"gold_gain":0,"player_choice":"Forget","damage_taken":0,"max_hp_gain":0,"max_hp_loss":0,"event_name":"Living Wall","floor":2,"gold_loss":0},{"damage_healed":0,"gold_gain":0,"player_choice":"Box","damage_taken":0,"relics_obtained":["Snake Skull"],"max_hp_gain":0,"max_hp_loss":0,"event_name":"Big Fish","floor":3,"gold_loss":0,"cards_obtained":["Regret"]},{"damage_healed":0,"gold_gain":0,"player_choice":"Ignored","damage_taken":0,"max_hp_gain":0,"max_hp_loss":0,"event_name":"Golden Idol","floor":4,"gold_loss":0},{"damage_healed":0,"gold_gain":175,"player_choice":"AGREE","damage_taken":0,"max_hp_gain":0,"max_hp_loss":0,"event_name":"Liars Game","floor":14,"gold_loss":0,"cards_obtained":["Doubt"]},{"damage_healed":0,"gold_gain":0,"player_choice":"Fight","damage_taken":0,"max_hp_gain":0,"max_hp_loss":0,"event_name":"Colosseum","floor":19,"gold_loss":0},{"damage_healed":0,"gold_gain":0,"player_choice":"Fought Nobs","damage_taken":0,"max_hp_gain":0,"max_hp_loss":0,"event_name":"Colosseum","floor":19,"gold_loss":0},{"damage_healed":0,"gold_gain":0,"player_choice":"Obtain J.A.X.","damage_taken":0,"max_hp_gain":0,"max_hp_loss":0,"event_name":"Drug Dealer","floor":20,"gold_loss":0,"cards_obtained":["J.A.X."]}],"is_beta":false,"boss_relics":[{"not_picked":["Snecko Eye","White Beast Statue"],"picked":"Lizard Tail"}],"items_purged_floors":[8,22],"is_endless":false,"potions_floor_spawned":[11,13,19,23,24,27,30],"killed_by":"Champ","ascension_level":0}