{"gold_per_floor":[110,110,128,128,128,162,162,162,162,173,173,190,190,203,203,300,300,314,314,187,201,216,216,229,229,256,275,287,287,360,374,374,472,472,487,140,152,152,152,152,167,10,10,29,40,74,74,86,86,86],"floor_reached":51,"playtime":4591,"items_purged":["Strike_R","Strike_R"],"score":656,"play_id":"0602833e-5b30-4d15-a50f-1b9c1684fb4f","local_time":"20190515153849","is_ascension_mode":false,"campfire_choices":[{"data":"1","floor":8,"key":"LIFT"},{"floor":11,"key":"REST"},{"floor":13,"key":"REST"},{"data":"True Grit","floor":15,"key":"SMITH"},{"data":"2","floor":23,"key":"LIFT"},{"floor":25,"key":"REST"},{"floor":29,"key":"REST"},{"floor":32,"key":"REST"},{"data":"3","floor":40,"key":"LIFT"},{"data":"Offering","floor":47,"key":"SMITH"},{"floor":49,"key":"REST"}],"neow_cost":"NONE","seed_source_timestamp":56256021053313,"circlet_count":0,"master_deck":["Strike_R","Strike_R","Strike_R","Defend_R","Defend_R","Defend_R","Bash","Demon Form+1","Iron Wave","Bludgeon","Shrug It Off","True Grit+1","Offering","Shrug It Off","Offering+1","Heavy Blade+1","Disarm","Shrug It Off","Impervious","Warcry+1","Whirlwind+1","Ghostly Armor+1","Pommel Strike+1"],"relics":["Black Blood","Girya","Happy Flower","Pen Nib","Sozu","Vajra","Self Forming Clay","Gremlin Horn","Bag of Preparation","Question Card","Calipers"],"potions_floor_usage":[10,22],"damage_taken":[{"damage":12,"enemies":"Cultist","floor":1,"turns":5},{"damage":1,"enemies":"Jaw Worm","floor":3,"turns":5},{"damage":51,"enemies":"3 Sentries","floor":6,"turns":8},{"damage":5,"enemies":"Small Slimes","floor":10,"turns":3},{"damage":21,"enemies":"Exordium Thugs","floor":12,"turns":4},{"damage":8,"enemies":"Red Slaver","floor":14,"turns":3},{"damage":3,"enemies":"The Guardian","floor":16,"turns":8},{"damage":6,"enemies":"Chosen","floor":18,"turns":4},{"damage":25,"enemies":"3 Byrds","floor":21,"turns":6},{"damage":14,"enemies":"3 Cultists","floor":22,"turns":5},{"damage":31,"enemies":"Snake Plant","floor":24,"turns":4},{"damage":20,"enemies":"Shelled Parasite and Fungi","floor":27,"turns":3},{"damage":21,"enemies":"Cultist and Chosen","floor":28,"turns":6},{"damage":12,"enemies":"Snake Plant","floor":31,"turns":2},{"damage":52,"enemies":"Automaton","floor":33,"turns":8},{"damage":12,"enemies":"Orb Walker","floor":35,"turns":3},{"damage":12,"enemies":"3 Shapes","floor":37,"turns":4},{"damage":16,"enemies":"Maw","floor":41,"turns":7},{"damage":6,"enemies":"Jaw Worm Horde","floor":44,"turns":4},{"damage":12,"enemies":"Transient","floor":45,"turns":5},{"damage":28,"enemies":"Giant Head","floor":46,"turns":7},{"damage":12,"enemies":"Sphere and 2 Shapes","floor":48,"turns":1},{"damage":30,"enemies":"Awakened One","floor":50,"turns":12}],"seed_played":"8393182654220294261","potions_obtained":[{"floor":1,"key":"Poison Potion"},{"floor":10,"key":"EssenceOfSteel"},{"floor":14,"key":"FearPotion"}],"is_trial":false,"path_per_floor":["M","?","M","?","?","E","?","R","T","M","R","M","R","M","R","B",null,"M","?","$","M","M","R","M","R","T","M","M","R","T","M","R","B",null,"M","$","M","?","?","R","M","$","T","M","M","E","R","M","R","B",null],"character_chosen":"IRONCLAD","items_purchased":["Shrug It Off","Gremlin Horn","Bag of Preparation"],"campfire_rested":6,"item_purchase_floors":[20,36,42],"current_hp_per_floor":[74,74,79,79,79,34,31,31,31,32,56,41,65,63,63,66,80,80,80,80,61,53,53,28,52,52,38,23,47,47,41,65,19,80,78,78,76,76,76,76,70,70,70,74,72,54,54,52,76,56],"gold":86,"neow_bonus":"ONE_RANDOM_RARE_CARD","is_prod":false,"is_daily":false,"chose_seed":false,"campfire_upgraded":2,"win_rate":0.0,"timestamp":1557959929,"path_taken":["M","?","M","?","?","E","?","R","T","M","R","M","R","M","R","BOSS","M","?","?","M","M","R","?","R","T","M","M","R","?","M","R","BOSS","M","$","M","?","?","R","M","$","T","M","M","E","R","M","R","BOSS"],"build_version":"2019-01-23","purchased_purges":2,"victory":true,"max_hp_per_floor":[80,80,80,80,80,80,80,80,80,80,80,80,80,80,80,80,80,80,80,80,80,80,80,80,80,80,80,80,80,80,80,80,80,80,80,80,80,80,80,80,80,80,80,80,80,80,80,80,80,80],"card_choices":[{"not_picked":["Warcry","Clothesline"],"picked":"Iron Wave","floor":1},{"not_picked":["Anger","Dropkick","Perfected Strike"],"picked":"SKIP","floor":3},{"not_picked":["Searing Blow","Anger"],"picked":"Bludgeon","floor":6},{"not_picked":["Second Wind","Armaments","Clash"],"picked":"SKIP","floor":10},{"not_picked":["Perfected Strike","Cleave"],"picked":"Shrug It Off","floor":12},{"not_picked":["Warcry","Rage"],"picked":"True Grit","floor":14},{"not_picked":["Juggernaut","Brutality"],"picked":"Offering","floor":16},{"not_picked":["Thunderclap","Sword Boomerang+1","Bloodletting"],"picked":"SKIP","floor":18},{"not_picked":["Anger","Pummel"],"picked":"Offering","floor":21},{"not_picked":["Infernal Blade","Thunderclap+1","Carnage"],"picked":"SKIP","floor":22},{"not_picked":["Thunderclap","Barricade"],"picked":"Heavy Blade","floor":24},{"not_picked":["Rupture","Twin Strike+1"],"picked":"Disarm","floor":27},{"not_picked":["Armaments+1","Pummel","Thunderclap"],"picked":"SKIP","floor":28},{"not_picked":["Armaments","Cleave"],"picked":"Shrug It Off","floor":31},{"not_picked":["Barricade","Bludgeon"],"picked":"Impervious","floor":33},{"not_picked":["Pommel Strike+1","True Grit+1"],"picked":"Warcry+1","floor":35},{"not_picked":["Rage+1","Hemokinesis","Reckless Charge"],"picked":"SKIP","floor":37},{"not_picked":["Perfected Strike+1","Body Slam+1","Anger"],"picked":"SKIP","floor":41},{"not_picked":["Pommel Strike","Shockwave+1","Fire Breathing"],"picked":"Whirlwind+1","floor":44},{"not_picked":["Clothesline+1","Entrench","Armaments+1"],"picked":"Ghostly Armor+1","floor":45},{"not_picked":["Bludgeon","Armaments","Cleave+1","Shockwave+1"],"picked":"SKIP","floor":46},{"not_picked":["Anger+1","Perfected Strike+1","Impervious"],"picked":"Pommel Strike+1","floor":48}],"player_experience":37606,"relics_obtained":[{"floor":6,"key":"Girya"},{"floor":9,"key":"Pen Nib"},{"floor":26,"key":"Vajra"},{"floor":30,"key":"Self Forming Clay"},{"floor":43,"key":"Question Card"},{"floor":46,"key":"Calipers"}],"event_choices":[{"damage_healed":0,"gold_gain":0,"player_choice":"Grow","damage_taken":0,"max_hp_gain":0,"max_hp_loss":0,"event_name":"Living Wall","floor":2,"gold_loss":0,"cards_upgraded":["Demon Form"]},{"damage_healed":0,"gold_gain":0,"player_choice":"Ignored","damage_taken":0,"max_hp_gain":0,"max_hp_loss":0,"event_name":"Golden Idol","floor":4,"gold_loss":0},{"damage_healed":0,"gold_gain":0,"player_choice":"Ignored","damage_taken":0,"max_hp_gain":0,"max_hp_loss":0,"event_name":"Liars Game","floor":5,"gold_loss":0},{"damage_healed":0,"gold_gain":0,"player_choice":"Success","damage_taken":3,"relics_obtained":["Happy Flower"],"max_hp_gain":0,"max_hp_loss":0,"event_name":"Scrap Ooze","floor":7,"gold_loss":0},{"damage_healed":0,"gold_gain":0,"player_choice":"Full Heal","damage_taken":0,"max_hp_gain":0,"max_hp_loss":0,"event_name":"Wheel of Change","floor":19,"gold_loss":0},{"cards_removed":["Defend_R"],"damage_healed":0,"gold_gain":0,"player_choice":"Removed Skill","damage_taken":0,"max_hp_gain":0,"max_hp_loss":0,"event_name":"Falling","floor":38,"gold_loss":0},{"damage_healed":0,"gold_gain":0,"player_choice":"Upgraded","damage_taken":0,"max_hp_gain":0,"max_hp_loss":0,"event_name":"Upgrade Shrine","floor":39,"gold_loss":0,"cards_upgraded":["Heavy Blade"]}],"is_beta":false,"boss_relics":[{"not_picked":["Runic Dome","Busted Crown"],"picked":"Sozu"},{"not_picked":["Tiny House","Coffee Dripper"],"picked":"Black Blood"}],"items_purged_floors":[20,36],"is_endless":false,"potions_floor_spawned":[1,10,14,18,27,31,33,44,45,46],"ascension_level":0}