{"gold_per_floor":[10,10,29,41,59,59,91,91,91,111,144,156,187,205,205,305,305,325,129,129,159,59,59,71,71,71,71,87,100,100,130,130,130],"floor_reached":33,"playtime":1063,"items_purged":["Strike_R","Strike_R"],"score":441,"play_id":"c4567796-3559-4cdc-9402-7a90387e38d1","local_time":"20190409004517","is_ascension_mode":true,"campfire_choices":[{"data":"Headbutt","floor":6,"key":"SMITH"},{"floor":8,"key":"REST"},{"data":"Armaments","floor":15,"key":"SMITH"},{"data":"Corruption","floor":23,"key":"SMITH"},{"data":"True Grit","floor":25,"key":"SMITH"},{"data":"Shrug It Off","floor":27,"key":"SMITH"},{"data":"Warcry","floor":32,"key":"SMITH"}],"neow_cost":"NO_GOLD","seed_source_timestamp":1988356185398918,"circlet_count":0,"master_deck":["Strike_R","Strike_R","Strike_R","Defend_R","Defend_R+1","Defend_R","Defend_R+1","Bash","Reaper","Cleave","Perfected Strike","Headbutt+1","Flex","Armaments+1","Inflame","Shrug It Off+1","Feed","Feel No Pain","Immolate","Corruption+1","True Grit+1","Necronomicurse","Ghostly Armor+1","Warcry+1","Shrug It Off+1","Twin Strike+1"],"relics":["Burning Blood","Vajra","Pantograph","War Paint","Self Forming Clay","Anchor","Mark of Pain","Necronomicon","Red Mask","Omamori","Potion Belt"],"potions_floor_usage":[7,11,12,13,31],"damage_taken":[{"damage":8,"enemies":"2 Louse","floor":1,"turns":3},{"damage":13,"enemies":"Small Slimes","floor":3,"turns":3},{"damage":7,"enemies":"Jaw Worm","floor":4,"turns":3},{"damage":33,"enemies":"Exordium Wildlife","floor":5,"turns":7},{"damage":25,"enemies":"Lagavulin","floor":7,"turns":5},{"damage":13,"enemies":"Blue Slaver","floor":10,"turns":3},{"damage":30,"enemies":"Gremlin Nob","floor":11,"turns":4},{"damage":21,"enemies":"Lots of Slimes","floor":12,"turns":3},{"damage":14,"enemies":"3 Sentries","floor":13,"turns":6},{"damage":14,"enemies":"Gremlin Gang","floor":14,"turns":5},{"damage":48,"enemies":"Slime Boss","floor":16,"turns":10},{"damage":22,"enemies":"Spheric Guardian","floor":18,"turns":4},{"damage":18,"enemies":"Masked Bandits","floor":21,"turns":4},{"damage":13,"enemies":"Chosen","floor":24,"turns":5},{"damage":10,"enemies":"Snecko","floor":28,"turns":5},{"damage":20,"enemies":"Shelled Parasite and Fungi","floor":29,"turns":5},{"damage":22,"enemies":"Gremlin Leader","floor":31,"turns":5},{"damage":111,"enemies":"Automaton","floor":33,"turns":10}],"seed_played":"-1979907864025014993","potions_obtained":[{"floor":3,"key":"Explosive Potion"},{"floor":5,"key":"SteroidPotion"},{"floor":7,"key":"Strength Potion"},{"floor":10,"key":"Ancient Potion"},{"floor":11,"key":"Swift Potion"},{"floor":24,"key":"Block Potion"},{"floor":29,"key":"Ancient Potion"},{"floor":31,"key":"Ancient Potion"}],"is_trial":false,"path_per_floor":["M","?","M","M","M","R","E","R","T","M","E","M","E","M","R","B",null,"M","$","?","?","$","R","M","R","T","R","M","M","$","E","R","B"],"character_chosen":"IRONCLAD","items_purchased":["Corruption","True Grit"],"campfire_rested":1,"item_purchase_floors":[19,19],"current_hp_per_floor":[78,60,63,67,46,46,27,51,51,47,33,42,55,65,65,61,81,68,68,52,43,43,43,46,46,46,46,52,38,38,65,65,0],"gold":130,"neow_bonus":"THREE_RARE_CARDS","is_prod":false,"is_daily":false,"chose_seed":false,"campfire_upgraded":6,"win_rate":0,"timestamp":1554788717,"path_taken":["M","?","M","M","M","R","E","R","T","M","E","M","E","M","R","BOSS","M","$","?","?","?","R","M","R","T","R","M","M","$","E","R","BOSS"],"build_version":"2019-01-23","purchased_purges":2,"victory":false,"max_hp_per_floor":[80,80,80,80,80,80,80,80,80,80,80,80,80,83,83,87,87,90,90,90,93,93,93,93,93,93,93,93,93,93,96,96,96],"card_choices":[{"not_picked":["Barricade","Demon Form"],"picked":"Reaper","floor":0},{"not_picked":["Anger","Blood for Blood"],"picked":"Cleave","floor":1},{"not_picked":["Uppercut","Clothesline"],"picked":"Perfected Strike","floor":3},{"not_picked":["Second Wind","Heavy Blade","Burning Pact"],"picked":"SKIP","floor":4},{"not_picked":["Havoc","Evolve"],"picked":"Headbutt","floor":5},{"not_picked":["Searing Blow","Carnage"],"picked":"Flex","floor":7},{"not_picked":["Ghostly Armor","Double Tap"],"picked":"Armaments","floor":10},{"not_picked":["Ghostly Armor","Sword Boomerang"],"picked":"Inflame","floor":11},{"not_picked":["Body Slam","Flex"],"picked":"Shrug It Off","floor":12},{"not_picked":["Entrench","Headbutt"],"picked":"Feed","floor":13},{"not_picked":["Clothesline","Cleave"],"picked":"Feel No Pain","floor":14},{"not_picked":["Berserk","Fiend Fire"],"picked":"Immolate","floor":16},{"not_picked":["Metallicize","Feel No Pain","Headbutt+1"],"picked":"SKIP","floor":18},{"not_picked":["Headbutt","Cleave"],"picked":"Ghostly Armor+1","floor":24},{"not_picked":["Berserk","Cleave"],"picked":"Warcry","floor":28},{"not_picked":["Havoc","Bloodletting+1"],"picked":"Shrug It Off+1","floor":29},{"not_picked":["Shockwave","Second Wind"],"picked":"Twin Strike+1","floor":31}],"player_experience":297660,"relics_obtained":[{"floor":7,"key":"Pantograph"},{"floor":9,"key":"War Paint"},{"floor":11,"key":"Self Forming Clay"},{"floor":13,"key":"Anchor"},{"floor":20,"key":"Necronomicon"},{"floor":21,"key":"Red Mask"},{"floor":26,"key":"Omamori"},{"floor":31,"key":"Potion Belt"}],"event_choices":[{"damage_healed":0,"gold_gain":0,"player_choice":"Success","damage_taken":18,"relics_obtained":["Vajra"],"max_hp_gain":0,"max_hp_loss":0,"event_name":"Scrap Ooze","floor":2,"gold_loss":0},{"damage_healed":0,"gold_gain":0,"player_choice":"Obtained Book","damage_taken":16,"max_hp_gain":0,"max_hp_loss":0,"event_name":"Cursed Tome","floor":20,"gold_loss":0},{"damage_healed":0,"gold_gain":0,"player_choice":"Fought Bandits","damage_taken":0,"max_hp_gain":0,"max_hp_loss":0,"event_name":"Masked Bandits","floor":21,"gold_loss":0}],"is_beta":false,"boss_relics":[{"not_picked":["Astrolabe","Empty Cage"],"picked":"Mark of Pain"}],"items_purged_floors":[19,22],"is_endless":false,"potions_floor_spawned":[3,5,7,10,11,24,29,31],"killed_by":"Automaton","ascension_level":9}