{"gold_per_floor":[111,121,133,153,103,135,148,148,173,187,199,199,215,233,233,333,333,350,361,253,266,282,294,148,48,98,115,127,140,140,160,160,261,261,271,271,291,301,21,21,37,0,25,25,25,38,38,57,57,57],"floor_reached":50,"playtime":2527,"items_purged":["Defend_R","Strike_R","Strike_R"],"score":483,"play_id":"7b410f58-ee68-4fda-a6c5-fb9a962c5b35","local_time":"20190525121902","is_ascension_mode":false,"campfire_choices":[{"data":"Armaments","floor":8,"key":"SMITH"},{"data":"Pummel","floor":12,"key":"SMITH"},{"data":"Pummel","floor":15,"key":"SMITH"},{"data":"Barricade","floor":30,"key":"SMITH"},{"floor":32,"key":"REST"},{"data":"Inflame","floor":40,"key":"SMITH"},{"data":"Limit Break","floor":44,"key":"SMITH"},{"data":"Demon Form","floor":47,"key":"SMITH"},{"floor":49,"key":"REST"}],"neow_cost":"NONE","seed_source_timestamp":433952793286700,"circlet_count":0,"master_deck":["Strike_R","Strike_R","Defend_R","Defend_R","Defend_R","Bash","Inflame","Armaments+1","Thunderclap","Pummel+1","Offering","Clash","Iron Wave","Carnage","Clash","Pummel+1","Barricade+1","Metallicize","Iron Wave+1","Searing Blow+1","Metallicize","Cleave","Infernal Blade","Body Slam+1","Entrench+1","Clothesline+1","Inflame+1","Limit Break+1","Flex","Iron Wave+1","Twin Strike+1","Pummel","Demon Form+1","Iron Wave"],"relics":["Burning Blood","Red Skull","Bag of Marbles","Omamori","Sozu","Bronze Scales","Bag of Preparation","Velvet Choker","Pen Nib","Red Mask","Boot"],"potions_floor_usage":[6,33,33],"damage_taken":[{"damage":0,"enemies":"2 Louse","floor":1,"turns":4},{"damage":11,"enemies":"Jaw Worm","floor":2,"turns":4},{"damage":5,"enemies":"Cultist","floor":3,"turns":4},{"damage":19,"enemies":"Exordium Thugs","floor":4,"turns":5},{"damage":29,"enemies":"3 Sentries","floor":6,"turns":7},{"damage":6,"enemies":"Lots of Slimes","floor":7,"turns":1},{"damage":6,"enemies":"3 Louse","floor":10,"turns":2},{"damage":0,"enemies":"Large Slime","floor":11,"turns":3},{"damage":6,"enemies":"Looter","floor":13,"turns":1},{"damage":4,"enemies":"Exordium Wildlife","floor":14,"turns":3},{"damage":27,"enemies":"Hexaghost","floor":16,"turns":5},{"damage":0,"enemies":"Chosen","floor":18,"turns":3},{"damage":6,"enemies":"Spheric Guardian","floor":19,"turns":4},{"damage":6,"enemies":"Cultist and Chosen","floor":21,"turns":3},{"damage":27,"enemies":"Snake Plant","floor":22,"turns":3},{"damage":27,"enemies":"Centurion and Healer","floor":23,"turns":5},{"damage":0,"enemies":"Snecko","floor":27,"turns":1},{"damage":8,"enemies":"Cultist and Chosen","floor":28,"turns":5},{"damage":5,"enemies":"Chosen and Byrds","floor":29,"turns":4},{"damage":6,"enemies":"Snecko","floor":31,"turns":3},{"damage":55,"enemies":"Automaton","floor":33,"turns":7},{"damage":20,"enemies":"Orb Walker","floor":35,"turns":3},{"damage":1,"enemies":"3 Shapes","floor":37,"turns":2},{"damage":15,"enemies":"Jaw Worm Horde","floor":38,"turns":5},{"damage":0,"enemies":"Maw","floor":41,"turns":6},{"damage":21,"enemies":"Spire Growth","floor":46,"turns":4},{"damage":6,"enemies":"Transient","floor":48,"turns":5},{"damage":79,"enemies":"Donu and Deca","floor":50,"turns":5}],"seed_played":"7568830586909613354","potions_obtained":[{"floor":2,"key":"SkillPotion"},{"floor":3,"key":"SteroidPotion"},{"floor":13,"key":"Swift Potion"},{"floor":14,"key":"SpeedPotion"}],"is_trial":false,"path_per_floor":["M","M","M","M","?","E","M","R","T","M","M","R","M","M","R","B",null,"M","M","?","M","M","M","$","$","T","M","M","M","R","M","R","B",null,"M","?","M","M","$","R","M","?","T","R","?","M","R","M","R","B"],"character_chosen":"IRONCLAD","items_purchased":["Infernal Blade","Pen Nib"],"campfire_rested":2,"item_purchase_floors":[24,39],"current_hp_per_floor":[80,75,76,63,63,40,40,40,40,40,46,46,46,48,48,27,80,80,80,80,80,59,38,38,38,38,44,42,43,43,43,67,18,80,66,66,71,62,62,62,68,68,68,68,68,53,53,53,75,0],"gold":57,"neow_bonus":"RANDOM_COMMON_RELIC","is_prod":false,"is_daily":false,"chose_seed":false,"campfire_upgraded":7,"win_rate":0.0,"timestamp":1558801142,"path_taken":["M","M","M","M","?","E","M","R","T","M","M","R","M","M","R","BOSS","M","M","?","M","M","M","?","$","T","M","M","M","R","M","R","BOSS","M","?","?","M","?","R","M","?","T","R","?","M","R","M","R","BOSS"],"build_version":"2019-01-23","purchased_purges":3,"victory":false,"max_hp_per_floor":[80,80,80,80,80,80,80,80,80,80,80,80,80,80,80,80,80,80,80,80,80,80,80,80,80,80,80,80,80,80,80,80,80,80,80,80,80,80,80,80,80,80,80,80,76,76,76,76,76,76],"card_choices":[{"not_picked":["Anger","Wild Strike"],"picked":"Inflame","floor":1},{"not_picked":["Sword Boomerang","Body Slam"],"picked":"Armaments","floor":2},{"not_picked":["Perfected Strike","Rage"],"picked":"Thunderclap","floor":3},{"not_picked":["Sever Soul","Corruption"],"picked":"Pummel","floor":4},{"not_picked":["Hemokinesis","Disarm"],"picked":"Offering","floor":6},{"not_picked":["Uppercut","Rampage"],"picked":"Clash","floor":7},{"not_picked":["Metallicize","Clothesline"],"picked":"Iron Wave","floor":10},{"not_picked":["Rupture","Thunderclap"],"picked":"Carnage","floor":11},{"not_picked":["Intimidate","True Grit"],"picked":"Clash","floor":13},{"not_picked":["Corruption","Fire Breathing"],"picked":"Pummel","floor":14},{"not_picked":["Feed","Offering"],"picked":"Barricade","floor":16},{"not_picked":["Combust+1","Sever Soul"],"picked":"Metallicize","floor":18},{"not_picked":["Clash","Pummel"],"picked":"Iron Wave+1","floor":19},{"not_picked":["Body Slam","Dual Wield"],"picked":"Searing Blow+1","floor":21},{"not_picked":["Heavy Blade","Corruption"],"picked":"Metallicize","floor":22},{"not_picked":["Wild Strike+1","Warcry+1"],"picked":"Cleave","floor":23},{"not_picked":["Armaments+1","Fire Breathing"],"picked":"Body Slam+1","floor":27},{"not_picked":["Flex","Twin Strike"],"picked":"Entrench+1","floor":28},{"not_picked":["True Grit","Warcry"],"picked":"Clothesline+1","floor":29},{"not_picked":["Corruption","Flex"],"picked":"Inflame","floor":31},{"not_picked":["Berserk","Dark Embrace"],"picked":"Limit Break","floor":33},{"not_picked":["Wild Strike+1","Dual Wield"],"picked":"Flex","floor":35},{"not_picked":["Pommel Strike","Clash"],"picked":"Iron Wave+1","floor":37},{"not_picked":["Body Slam","Warcry+1"],"picked":"Twin Strike+1","floor":38},{"not_picked":["Sever Soul+1","Corruption+1"],"picked":"Pummel","floor":41},{"not_picked":["Flex","Corruption"],"picked":"Demon Form","floor":46},{"not_picked":["Thunderclap+1","Clothesline"],"picked":"Iron Wave","floor":48}],"player_experience":34628,"relics_obtained":[{"floor":6,"key":"Bag of Marbles"},{"floor":9,"key":"Omamori"},{"floor":26,"key":"Bag of Preparation"},{"floor":43,"key":"Boot"}],"event_choices":[{"cards_removed":["Strike_R"],"damage_healed":0,"gold_gain":0,"player_choice":"Card Removal","damage_taken":0,"max_hp_gain":0,"max_hp_loss":0,"event_name":"The Cleric","floor":5,"gold_loss":50},{"damage_healed":0,"gold_gain":0,"player_choice":"Paid Gold","damage_taken":0,"relics_obtained":["Bronze Scales"],"max_hp_gain":0,"max_hp_loss":0,"event_name":"WeMeetAgain","floor":20,"gold_loss":108},{"damage_healed":0,"gold_gain":0,"player_choice":"Cursed","damage_taken":0,"max_hp_gain":0,"max_hp_loss":0,"event_name":"Wheel of Change","floor":36,"gold_loss":0,"cards_obtained":["Decay"]},{"damage_healed":0,"gold_gain":0,"player_choice":"Paid","damage_taken":0,"relics_obtained":["Red Mask"],"max_hp_gain":0,"max_hp_loss":0,"event_name":"Tomb of Lord Red Mask","floor":42,"gold_loss":37},{"damage_healed":0,"gold_gain":0,"player_choice":"Max HP","damage_taken":0,"max_hp_gain":0,"max_hp_loss":4,"event_name":"Winding Halls","floor":45,"gold_loss":0}],"is_beta":false,"boss_relics":[{"not_picked":["Eternal Feather","Mark of Pain"],"picked":"Sozu"},{"not_picked":["Coffee Dripper","Runic Pyramid"],"picked":"Velvet Choker"}],"items_purged_floors":[24,25,39],"is_endless":false,"potions_floor_spawned":[2,3,13,14,16,18,22,23,28,29,33,37,38,41],"killed_by":"Donu and Deca","ascension_level":0}