{"gold_per_floor":[109,127,13,33,33,64,64,79,79,79],"floor_reached":10,"playtime":400,"items_purged":["Strike_G"],"score":126,"play_id":"f1b72dba-a6f0-4373-8fa4-41ae42892e1f","local_time":"20190514022041","is_ascension_mode":true,"campfire_choices":[{"floor":7,"key":"REST"}],"neow_cost":"NONE","seed_source_timestamp":1421146067535721,"circlet_count":0,"master_deck":["AscendersBane","Defend_G","Defend_G","Defend_G","Defend_G","Defend_G","Strike_G","Strike_G","Strike_G","Strike_G","Survivor+1","Neutralize","Backflip","Bouncing Flask","Noxious Fumes","Quick Slash","Burst","Backflip"],"relics":["Ring of the Snake","Golden Idol","Pantograph","Mummified Hand"],"potions_floor_usage":[6,6,8],"damage_taken":[{"damage":11,"enemies":"Cultist","floor":1,"turns":6},{"damage":2,"enemies":"2 Louse","floor":2,"turns":3},{"damage":1,"enemies":"Jaw Worm","floor":4,"turns":4},{"damage":26,"enemies":"Gremlin Nob","floor":6,"turns":4},{"damage":29,"enemies":"Gremlin Gang","floor":8,"turns":9}],"seed_played":"-3893016467950564177","potions_obtained":[{"floor":1,"key":"Swift Potion"},{"floor":4,"key":"Weak Potion"},{"floor":6,"key":"Poison Potion"},{"floor":8,"key":"Swift Potion"}],"is_trial":false,"path_per_floor":["M","M","$","M","?","E","R","M","T","?"],"character_chosen":"THE_SILENT","items_purchased":["Noxious Fumes"],"campfire_rested":1,"item_purchase_floors":[3],"current_hp_per_floor":[48,46,46,45,45,19,37,8,8,0],"gold":79,"neow_bonus":"UPGRADE_CARD","is_prod":false,"is_daily":false,"chose_seed":false,"campfire_upgraded":0,"win_rate":0,"timestamp":1557818441,"path_taken":["M","M","$","M","?","E","R","M","T","?"],"build_version":"2019-01-23","purchased_purges":1,"victory":false,"max_hp_per_floor":[66,66,66,66,60,60,60,60,60,60],"card_choices":[{"not_picked":["Setup","Prepared"],"picked":"Backflip","floor":1},{"not_picked":["Choke","Underhanded Strike"],"picked":"Bouncing Flask","floor":2},{"not_picked":["Deflect","Underhanded Strike"],"picked":"Quick Slash","floor":4},{"not_picked":["Dodge and Roll","Dagger Throw"],"picked":"Burst","floor":6},{"not_picked":["Outmaneuver","Heel Hook"],"picked":"Backflip","floor":8}],"player_experience":418175,"relics_obtained":[{"floor":6,"key":"Pantograph"},{"floor":9,"key":"Mummified Hand"}],"event_choices":[{"damage_healed":0,"gold_gain":0,"player_choice":"Lose Max HP","damage_taken":0,"relics_obtained":["Golden Idol"],"max_hp_gain":0,"max_hp_loss":6,"event_name":"Golden Idol","floor":5,"gold_loss":0}],"is_beta":false,"boss_relics":[],"items_purged_floors":[3],"is_endless":false,"potions_floor_spawned":[1,4,6,8],"ascension_level":17}