{"gold_per_floor":[109,119,69,69,87,119,119,139,164,198,198,226,245,245,245,322,322,338,38,56,56,72,99,99],"floor_reached":24,"playtime":762,"items_purged":["Strike_G"],"score":448,"play_id":"7201a721-a35f-4638-a293-692f6076c5ed","local_time":"20190517185822","is_ascension_mode":true,"campfire_choices":[{"floor":11,"key":"REST"},{"data":"Bouncing Flask","floor":15,"key":"SMITH"}],"neow_cost":"NONE","seed_source_timestamp":17824230081422,"circlet_count":0,"master_deck":["AscendersBane","Defend_G","Defend_G","Defend_G","Defend_G","Defend_G","Strike_G","Strike_G","Strike_G","Strike_G","Survivor","Neutralize","Crippling Poison","Bouncing Flask+1","Poisoned Stab","Dash","Backflip","Dagger Spray","Predator","Calculated Gamble","Cloak And Dagger","Malaise","Noxious Fumes","Deadly Poison","Well Laid Plans","Catalyst"],"relics":["Ring of the Snake","NeowsBlessing","Bronze Scales","Smiling Mask","Ancient Tea Set","Omamori","Orrery","Strawberry","Meat on the Bone"],"potions_floor_usage":[10,12,13,23,24],"damage_taken":[{"damage":0,"enemies":"Cultist","floor":1,"turns":1},{"damage":0,"enemies":"Small Slimes","floor":2,"turns":1},{"damage":0,"enemies":"Jaw Worm","floor":5,"turns":1},{"damage":29,"enemies":"Gremlin Nob","floor":6,"turns":4},{"damage":3,"enemies":"Blue Slaver","floor":8,"turns":5},{"damage":3,"enemies":"Lagavulin","floor":10,"turns":6},{"damage":22,"enemies":"Gremlin Nob","floor":12,"turns":4},{"damage":1,"enemies":"3 Louse","floor":13,"turns":4},{"damage":27,"enemies":"The Guardian","floor":16,"turns":10},{"damage":7,"enemies":"3 Byrds","floor":18,"turns":3},{"damage":23,"enemies":"Shell Parasite","floor":20,"turns":4},{"damage":10,"enemies":"Centurion and Healer","floor":22,"turns":7},{"damage":28,"enemies":"Book of Stabbing","floor":23,"turns":7},{"damage":33,"enemies":"Cultist and Chosen","floor":24,"turns":5}],"seed_played":"-7424367064250187582","potions_obtained":[{"floor":1,"key":"Block Potion"},{"floor":6,"key":"SteroidPotion"},{"floor":8,"key":"Fruit Juice"},{"floor":13,"key":"Fruit Juice"},{"floor":18,"key":"SkillPotion"},{"floor":22,"key":"Weak Potion"}],"is_trial":false,"path_per_floor":["M","M","$","?","M","E","?","M","T","E","R","E","M","?","R","B",null,"M","$","M","?","M","E","M"],"character_chosen":"THE_SILENT","items_purchased":["Poisoned Stab","GhostInAJar","Strawberry"],"campfire_rested":1,"item_purchase_floors":[3,19,19],"current_hp_per_floor":[59,59,59,59,59,30,30,27,27,24,43,26,30,49,49,22,63,56,63,40,57,47,19,0],"gold":99,"neow_bonus":"THREE_ENEMY_KILL","is_prod":false,"is_daily":false,"chose_seed":false,"campfire_upgraded":1,"win_rate":0,"timestamp":1558137502,"path_taken":["M","?","?","?","M","E","?","?","T","E","R","E","M","?","R","BOSS","M","$","M","?","M","E","M"],"build_version":"2019-01-23","purchased_purges":1,"victory":false,"max_hp_per_floor":[66,66,66,66,66,66,66,66,66,66,66,71,76,76,76,76,76,76,83,83,83,83,83,83],"card_choices":[{"not_picked":["Deflect","Dagger Spray"],"picked":"Crippling Poison","floor":1},{"not_picked":["Reflex","Infinite Blades"],"picked":"Bouncing Flask","floor":2},{"not_picked":["Bouncing Flask","Reflex"],"picked":"Dash","floor":5},{"not_picked":["Sucker Punch","Infinite Blades"],"picked":"Backflip","floor":6},{"not_picked":["Expertise","Bane"],"picked":"Dagger Spray","floor":8},{"not_picked":["Setup","Concentrate"],"picked":"Predator","floor":10},{"not_picked":["Expertise","Unload"],"picked":"Calculated Gamble","floor":12},{"not_picked":["Expertise","Dodge and Roll"],"picked":"Cloak And Dagger","floor":13},{"not_picked":["Doppelganger","Adrenaline"],"picked":"Malaise","floor":16},{"not_picked":["Cloak And Dagger","Slice"],"picked":"Noxious Fumes","floor":17},{"not_picked":["Dodge and Roll","Caltrops"],"picked":"Deadly Poison","floor":17},{"not_picked":["Calculated Gamble","Deadly Poison"],"picked":"Well Laid Plans","floor":17},{"not_picked":["Infinite Blades","Sucker Punch","Predator+1"],"picked":"SKIP","floor":18},{"not_picked":["Dagger Throw","Sucker Punch"],"picked":"Catalyst","floor":20},{"not_picked":["Terror","Flechettes","Choke+1"],"picked":"SKIP","floor":22},{"not_picked":["Endless Agony","Predator+1","Setup"],"picked":"SKIP","floor":23}],"player_experience":438793,"relics_obtained":[{"floor":6,"key":"Bronze Scales"},{"floor":9,"key":"Smiling Mask"},{"floor":10,"key":"Ancient Tea Set"},{"floor":12,"key":"Omamori"},{"floor":23,"key":"Meat on the Bone"}],"event_choices":[{"damage_healed":0,"gold_gain":0,"player_choice":"Ignored","damage_taken":0,"max_hp_gain":0,"max_hp_loss":0,"event_name":"Liars Game","floor":4,"gold_loss":0},{"damage_healed":0,"gold_gain":0,"player_choice":"0 cards matched","damage_taken":0,"max_hp_gain":0,"max_hp_loss":0,"event_name":"Match and Keep!","floor":7,"gold_loss":0,"cards_obtained":[]},{"damage_healed":19,"gold_gain":0,"player_choice":"Healed and dodged fight","damage_taken":0,"max_hp_gain":0,"max_hp_loss":0,"event_name":"Mushrooms","floor":14,"gold_loss":0,"cards_obtained":["Parasite"]},{"damage_healed":17,"gold_gain":0,"player_choice":"Heal","damage_taken":0,"max_hp_gain":0,"max_hp_loss":0,"event_name":"The Library","floor":21,"gold_loss":0}],"is_beta":false,"boss_relics":[{"not_picked":["HoveringKite","Coffee Dripper"],"picked":"Orrery"}],"items_purged_floors":[19],"is_endless":false,"potions_floor_spawned":[1,6,8,13,18,22],"killed_by":"Cultist and Chosen","ascension_level":18}