{"gold_per_floor":[114,128,139,159,109,109,137,137,137,237,257,282,282,296,296,399,399,414,428,428,175,185,185,60,75,101,119,137,137,150,160,160,160],"floor_reached":33,"playtime":2103,"items_purged":["Strike_G","Strike_G"],"score":288,"play_id":"71a482ed-6540-457d-bbdd-d5d9d5d6c9d5","local_time":"20190527160125","is_ascension_mode":false,"campfire_choices":[{"data":"Dagger Spray","floor":6,"key":"SMITH"},{"floor":8,"key":"REST"},{"data":"Slice","floor":13,"key":"SMITH"},{"data":"Dodge and Roll","floor":15,"key":"SMITH"},{"floor":23,"key":"REST"},{"floor":29,"key":"REST"},{"floor":32,"key":"REST"}],"neow_cost":"NONE","seed_source_timestamp":170393356695800,"circlet_count":0,"master_deck":["Defend_G","Defend_G","Defend_G","Defend_G","Strike_G","Strike_G","Strike_G","Survivor","Neutralize+1","Dodge and Roll+1","Dagger Spray+1","Slice+1","Flying Knee","Flying Knee","Dagger Throw","Acrobatics","Dagger Throw","Die Die Die","Reflex","Underhanded Strike+1","Reflex","Reflex","Reflex","Underhanded Strike","Backflip","Backstab","Tools of the Trade","Escape Plan","Tactician"],"relics":["Ring of the Snake","Bag of Preparation","Pen Nib","Question Card","HoveringKite","Bag of Marbles","Lantern"],"potions_floor_usage":[22,31,33,33],"damage_taken":[{"damage":1,"enemies":"Jaw Worm","floor":1,"turns":5},{"damage":1,"enemies":"2 Louse","floor":2,"turns":4},{"damage":4,"enemies":"Cultist","floor":3,"turns":7},{"damage":6,"enemies":"Large Slime","floor":4,"turns":7},{"damage":21,"enemies":"3 Sentries","floor":7,"turns":8},{"damage":17,"enemies":"Exordium Thugs","floor":11,"turns":5},{"damage":8,"enemies":"Gremlin Nob","floor":12,"turns":4},{"damage":1,"enemies":"Red Slaver","floor":14,"turns":4},{"damage":18,"enemies":"Hexaghost","floor":16,"turns":12},{"damage":10,"enemies":"3 Byrds","floor":18,"turns":5},{"damage":8,"enemies":"Shell Parasite","floor":19,"turns":6},{"damage":32,"enemies":"Shelled Parasite and Fungi","floor":22,"turns":6},{"damage":1,"enemies":"Centurion and Healer","floor":25,"turns":2},{"damage":0,"enemies":"3 Cultists","floor":27,"turns":2},{"damage":7,"enemies":"Shelled Parasite and Fungi","floor":28,"turns":3},{"damage":12,"enemies":"Centurion and Healer","floor":30,"turns":3},{"damage":0,"enemies":"Snake Plant","floor":31,"turns":2},{"damage":75,"enemies":"Automaton","floor":33,"turns":6}],"seed_played":"1079458975376629917","potions_obtained":[{"floor":3,"key":"Fire Potion"},{"floor":11,"key":"Fire Potion"},{"floor":12,"key":"Swift Potion"},{"floor":14,"key":"GhostInAJar"},{"floor":27,"key":"LiquidBronze"}],"is_trial":false,"path_per_floor":["M","M","M","M","?","R","E","R","T","?","M","E","R","M","R","B",null,"M","M","?","$","M","R","$","M","T","M","M","R","M","M","R","B"],"character_chosen":"THE_SILENT","items_purchased":["Reflex","Bag of Marbles","Underhanded Strike"],"campfire_rested":4,"item_purchase_floors":[21,21,24],"current_hp_per_floor":[69,68,64,58,58,58,37,58,58,58,41,33,33,32,32,14,70,60,52,52,52,20,41,41,40,40,40,33,54,42,42,63,0],"gold":160,"neow_bonus":"UPGRADE_CARD","is_prod":false,"is_daily":false,"chose_seed":false,"campfire_upgraded":3,"win_rate":0.0,"timestamp":1558987285,"path_taken":["M","M","M","M","?","R","E","R","T","?","M","E","R","M","R","BOSS","M","?","?","$","M","R","?","M","T","M","?","R","M","?","R","BOSS"],"build_version":"2019-01-23","purchased_purges":2,"victory":false,"max_hp_per_floor":[70,70,70,70,70,70,70,70,70,70,70,70,70,70,70,70,70,70,70,70,70,70,70,70,70,70,70,70,70,70,70,70,70],"card_choices":[{"not_picked":["Well Laid Plans","Dagger Spray"],"picked":"Dodge and Roll","floor":1},{"not_picked":["Predator","Bane"],"picked":"Dagger Spray","floor":2},{"not_picked":["Calculated Gamble","Bane"],"picked":"Slice","floor":3},{"not_picked":["Prepared","Sucker Punch"],"picked":"Flying Knee","floor":4},{"not_picked":["Tactician","Leg Sweep"],"picked":"Flying Knee","floor":7},{"not_picked":["Noxious Fumes","Envenom"],"picked":"Dagger Throw","floor":11},{"not_picked":["PiercingWail","Poisoned Stab"],"picked":"Acrobatics","floor":12},{"not_picked":["Poisoned Stab","Endless Agony","Choke"],"picked":"Dagger Throw","floor":14},{"not_picked":["Envenom","Unload","Night Terror"],"picked":"Die Die Die","floor":16},{"not_picked":["Escape Plan","Outmaneuver","Slice"],"picked":"Reflex","floor":18},{"not_picked":["Skewer","Outmaneuver","Masterful Stab"],"picked":"Underhanded Strike+1","floor":19},{"not_picked":["Bouncing Flask","All Out Attack+1","Accuracy"],"picked":"Reflex","floor":22},{"not_picked":["Outmaneuver","Backstab","Cloak And Dagger"],"picked":"Backflip","floor":25},{"not_picked":["Sucker Punch+1","Outmaneuver","Eviscerate+1"],"picked":"Backstab","floor":27},{"not_picked":["Sucker Punch","PiercingWail","Bouncing Flask+1"],"picked":"Tools of the Trade","floor":28},{"not_picked":["PiercingWail+1","Quick Slash","Heel Hook"],"picked":"Escape Plan","floor":30},{"not_picked":["Sucker Punch","Prepared+1","Blade Dance+1"],"picked":"Tactician","floor":31}],"player_experience":55280,"relics_obtained":[{"floor":7,"key":"Bag of Preparation"},{"floor":9,"key":"Pen Nib"},{"floor":12,"key":"Question Card"},{"floor":26,"key":"Lantern"}],"event_choices":[{"cards_removed":["Defend_G"],"damage_healed":0,"gold_gain":0,"player_choice":"Card Removal","damage_taken":0,"max_hp_gain":0,"max_hp_loss":0,"event_name":"The Cleric","floor":5,"gold_loss":50},{"damage_healed":0,"gold_gain":100,"player_choice":"Gold","damage_taken":0,"max_hp_gain":0,"max_hp_loss":0,"event_name":"Wheel of Change","floor":10,"gold_loss":0},{"damage_healed":0,"gold_gain":0,"player_choice":"Read","damage_taken":0,"max_hp_gain":0,"max_hp_loss":0,"event_name":"The Library","floor":20,"gold_loss":0,"cards_obtained":["Reflex"]}],"is_beta":false,"boss_relics":[{"not_picked":["Calling Bell","WristBlade"],"picked":"HoveringKite"}],"items_purged_floors":[21,24],"is_endless":false,"potions_floor_spawned":[3,11,12,14,19,27,30],"killed_by":"Automaton","ascension_level":0}