{"gold_per_floor":[116,116,66,66,141,141,166,166,248,284,305,305,320,359,359,484,484,500,514,529,552,552,552,552,552,552,552,568,599,281,296,296,296],"floor_reached":33,"playtime":1333,"items_purged":["Writhe"],"score":300,"play_id":"248fb49c-de99-4772-b217-2c9be5d2ba51","local_time":"20190518020348","is_ascension_mode":false,"campfire_choices":[{"data":"Inflame","floor":6,"key":"SMITH"},{"data":"Whirlwind","floor":8,"key":"SMITH"},{"data":"Shrug It Off","floor":12,"key":"SMITH"},{"data":"Spot Weakness","floor":15,"key":"SMITH"},{"floor":23,"key":"REST"},{"floor":25,"key":"REST"},{"floor":27,"key":"REST"},{"floor":32,"key":"REST"}],"neow_cost":"NONE","seed_source_timestamp":186511784244925,"circlet_count":0,"master_deck":["Strike_R","Strike_R","Strike_R","Strike_R","Strike_R","Defend_R","Defend_R","Defend_R","Defend_R","Bash","Inflame+1","Whirlwind+1","Shrug It Off+1","Rampage+1","Spot Weakness+1","Seeing Red","Shrug It Off+1","Inflame+1","Entrench","True Grit","Ghostly Armor+1","Flame Barrier+1","Armaments"],"relics":["Burning Blood","NeowsBlessing","Golden Idol","Gremlin Horn","Molten Egg 2","Dream Catcher","Sozu","Enchiridion","Lantern","Shovel","Bottled Lightning","Ornamental Fan"],"potions_floor_usage":[18],"damage_taken":[{"damage":0,"enemies":"2 Louse","floor":1,"turns":1},{"damage":0,"enemies":"Jaw Worm","floor":7,"turns":1},{"damage":0,"enemies":"Gremlin Nob","floor":10,"turns":1},{"damage":3,"enemies":"Small Slimes","floor":11,"turns":2},{"damage":7,"enemies":"Blue Slaver","floor":13,"turns":3},{"damage":9,"enemies":"3 Sentries","floor":14,"turns":2},{"damage":24,"enemies":"The Guardian","floor":16,"turns":11},{"damage":12,"enemies":"Shell Parasite","floor":18,"turns":3},{"damage":20,"enemies":"2 Thieves","floor":19,"turns":3},{"damage":33,"enemies":"Snake Plant","floor":20,"turns":5},{"damage":27,"enemies":"Shelled Parasite and Fungi","floor":21,"turns":4},{"damage":27,"enemies":"Centurion and Healer","floor":28,"turns":5},{"damage":21,"enemies":"Slavers","floor":29,"turns":5},{"damage":18,"enemies":"Snake Plant","floor":31,"turns":5},{"damage":58,"enemies":"Automaton","floor":33,"turns":8}],"seed_played":"-7205243082478124534","potions_obtained":[{"floor":1,"key":"Poison Potion"},{"floor":13,"key":"Fruit Juice"}],"is_trial":false,"path_per_floor":["M","?","?","$","?","R","M","R","T","E","M","R","M","E","R","B",null,"M","M","M","M","?","R","?","R","T","R","M","E","$","M","R","B"],"character_chosen":"IRONCLAD","items_purchased":["Ornamental Fan"],"campfire_rested":4,"item_purchase_floors":[30],"current_hp_per_floor":[80,80,80,80,69,69,75,75,75,80,80,80,79,76,76,58,80,79,65,38,17,1,26,26,51,51,76,55,40,40,28,53,0],"gold":296,"neow_bonus":"THREE_ENEMY_KILL","is_prod":false,"is_daily":false,"chose_seed":false,"campfire_upgraded":4,"win_rate":0,"timestamp":1558170228,"path_taken":["M","?","?","$","?","R","M","R","T","E","M","R","M","E","R","BOSS","M","M","M","M","?","R","?","R","T","R","M","E","$","M","R","BOSS"],"build_version":"2019-01-23","purchased_purges":1,"victory":false,"max_hp_per_floor":[80,80,80,80,80,80,80,80,80,80,80,80,80,80,80,80,80,85,85,85,85,85,85,85,85,85,85,85,85,85,85,85,85],"card_choices":[{"not_picked":["Heavy Blade","Cleave"],"picked":"Inflame","floor":1},{"not_picked":["Flex","Evolve"],"picked":"Whirlwind","floor":7},{"not_picked":["Twin Strike","Anger"],"picked":"Shrug It Off","floor":10},{"not_picked":["Twin Strike+1","Sword Boomerang+1"],"picked":"Rampage+1","floor":11},{"not_picked":["Flex","Impervious"],"picked":"Spot Weakness","floor":13},{"not_picked":["Body Slam+1","Cleave+1"],"picked":"Seeing Red","floor":14},{"not_picked":["Cleave+1","Twin Strike+1","Second Wind+1"],"picked":"SKIP","floor":18},{"not_picked":["Cleave+1","Heavy Blade+1"],"picked":"Shrug It Off+1","floor":19},{"not_picked":["Rampage+1","Flex"],"picked":"Inflame+1","floor":20},{"not_picked":["Dual Wield","Blood for Blood+1"],"picked":"Entrench","floor":21},{"not_picked":["Searing Blow+1","Warcry"],"picked":"True Grit","floor":27},{"not_picked":["Warcry+1","Flame Barrier"],"picked":"Ghostly Armor+1","floor":28},{"not_picked":["Inflame","Dual Wield"],"picked":"Flame Barrier+1","floor":29},{"not_picked":["Disarm","Flex"],"picked":"Armaments","floor":31}],"player_experience":145649,"relics_obtained":[{"floor":9,"key":"Gremlin Horn"},{"floor":10,"key":"Molten Egg 2"},{"floor":14,"key":"Dream Catcher"},{"floor":22,"key":"Enchiridion"},{"floor":26,"key":"Shovel"},{"floor":29,"key":"Bottled Lightning"}],"event_choices":[{"damage_healed":0,"gold_gain":0,"player_choice":"Take Wound","damage_taken":0,"relics_obtained":["Golden Idol"],"max_hp_gain":0,"max_hp_loss":0,"event_name":"Golden Idol","floor":2,"gold_loss":0,"cards_obtained":["Injury"]},{"cards_removed":["Injury"],"damage_healed":0,"gold_gain":0,"player_choice":"Card Removal","damage_taken":0,"max_hp_gain":0,"max_hp_loss":0,"event_name":"The Cleric","floor":3,"gold_loss":50},{"damage_healed":0,"gold_gain":75,"player_choice":"Gather Gold","damage_taken":11,"max_hp_gain":0,"max_hp_loss":0,"event_name":"World of Goop","floor":5,"gold_loss":0},{"damage_healed":0,"gold_gain":0,"player_choice":"Obtained Book","damage_taken":16,"max_hp_gain":0,"max_hp_loss":0,"event_name":"Cursed Tome","floor":22,"gold_loss":0},{"damage_healed":0,"gold_gain":0,"player_choice":"Opened","damage_taken":0,"relics_obtained":["Lantern"],"max_hp_gain":0,"max_hp_loss":0,"event_name":"The Mausoleum","floor":24,"gold_loss":0,"cards_obtained":["Writhe"]}],"is_beta":false,"boss_relics":[{"not_picked":["Runic Pyramid","Tiny House"],"picked":"Sozu"}],"items_purged_floors":[30],"is_endless":false,"potions_floor_spawned":[1,13,19,20],"killed_by":"Automaton","ascension_level":0}