{"gold_per_floor":[116,127,9,21,21,21,46,65,65,65,97,37,68,33,33,130,130,140,154,154,172,183,183,58,58,81,81,81,95,112,112,112,112],"floor_reached":33,"playtime":1324,"items_purged":[],"score":374,"play_id":"e33d3ed4-ee4d-484a-a54f-68b56e55817e","local_time":"20190329200308","is_ascension_mode":true,"campfire_choices":[{"data":"Combust","floor":6,"key":"SMITH"},{"floor":10,"key":"REST"},{"data":"1","floor":15,"key":"LIFT"},{"data":"2","floor":23,"key":"LIFT"},{"data":"3","floor":25,"key":"LIFT"},{"floor":32,"key":"REST"}],"neow_cost":"NONE","seed_source_timestamp":1107145914323748,"circlet_count":0,"master_deck":["Strike_R","Strike_R","Strike_R","Strike_R+1","Strike_R","Defend_R","Defend_R","Defend_R","Defend_R","Bash","Perfected Strike","Cleave","Combust+1","Flame Barrier+1","Inflame","Double Tap","Dual Wield","Perfected Strike","Rampage","Headbutt","Brutality","Warcry+1","Combust","Armaments","Spot Weakness+1"],"relics":["Burning Blood","Girya","Mummified Hand","The Courier","Charon\u0027s Ashes","Mark of Pain","Pen Nib","Bronze Scales","GremlinMask"],"potions_floor_usage":[11,29,31],"damage_taken":[{"damage":5,"enemies":"Small Slimes","floor":1,"turns":5},{"damage":2,"enemies":"Jaw Worm","floor":2,"turns":3},{"damage":3,"enemies":"Cultist","floor":4,"turns":3},{"damage":23,"enemies":"Lagavulin","floor":7,"turns":5},{"damage":14,"enemies":"Exordium Wildlife","floor":8,"turns":2},{"damage":9,"enemies":"Gremlin Nob","floor":11,"turns":3},{"damage":18,"enemies":"3 Sentries","floor":13,"turns":4},{"damage":44,"enemies":"Hexaghost","floor":16,"turns":6},{"damage":15,"enemies":"3 Byrds","floor":18,"turns":3},{"damage":37,"enemies":"Shell Parasite","floor":19,"turns":5},{"damage":4,"enemies":"Snecko","floor":21,"turns":3},{"damage":2,"enemies":"Centurion and Healer","floor":22,"turns":7},{"damage":19,"enemies":"3 Cultists","floor":29,"turns":4},{"damage":23,"enemies":"Snecko","floor":30,"turns":4},{"damage":0,"enemies":"Cultist and Chosen","floor":31,"turns":1},{"damage":39,"enemies":"Champ","floor":33,"turns":5}],"seed_played":"1811947355849284359","potions_obtained":[{"floor":0,"key":"SneckoOil"},{"floor":0,"key":"SmokeBomb"},{"floor":0,"key":"Fire Potion"},{"floor":11,"key":"SpeedPotion"},{"floor":16,"key":"Regen Potion"},{"floor":29,"key":"Fire Potion"}],"is_trial":false,"path_per_floor":["M","M","$","M","?","R","E","M","T","R","E","$","E","?","R","B",null,"M","M","?","M","M","R","$","R","T","?","?","M","M","M","R","B"],"character_chosen":"IRONCLAD","items_purchased":["Combust","Flame Barrier","Rampage","Pen Nib"],"campfire_rested":2,"item_purchase_floors":[3,3,12,24],"current_hp_per_floor":[73,77,77,80,64,64,47,39,39,63,60,60,48,68,68,30,68,59,28,28,30,34,34,34,34,34,34,34,30,13,19,43,4],"gold":112,"neow_bonus":"THREE_SMALL_POTIONS","is_prod":false,"is_daily":false,"chose_seed":false,"campfire_upgraded":1,"win_rate":0,"timestamp":1553907788,"path_taken":["M","M","$","M","?","R","E","M","T","R","E","$","E","?","R","BOSS","M","M","?","M","?","R","$","R","T","?","?","M","M","M","R","BOSS"],"build_version":"2019-01-23","purchased_purges":0,"victory":false,"max_hp_per_floor":[80,80,80,80,80,80,80,80,80,80,80,80,80,80,80,80,80,80,80,80,80,80,80,80,80,80,80,80,80,80,80,80,80],"card_choices":[{"not_picked":["Flex","Body Slam"],"picked":"Perfected Strike","floor":1},{"not_picked":["Bloodletting","Clash"],"picked":"Cleave","floor":2},{"not_picked":["Iron Wave","Bloodletting"],"picked":"Inflame","floor":4},{"not_picked":["Clothesline","Dual Wield"],"picked":"Double Tap","floor":7},{"not_picked":["Havoc","Burning Pact"],"picked":"Dual Wield","floor":8},{"not_picked":["Sever Soul","Double Tap"],"picked":"Perfected Strike","floor":11},{"not_picked":["Fire Breathing","Iron Wave"],"picked":"Headbutt","floor":13},{"not_picked":["Bludgeon","Impervious"],"picked":"Brutality","floor":16},{"not_picked":["Clothesline","Sword Boomerang"],"picked":"Warcry+1","floor":18},{"not_picked":["Intimidate","Hemokinesis"],"picked":"Combust","floor":19},{"not_picked":["Fire Breathing","Power Through"],"picked":"Armaments","floor":21},{"not_picked":["Clash","Headbutt","Rampage"],"picked":"SKIP","floor":22},{"not_picked":["Clash","Rage"],"picked":"Spot Weakness+1","floor":29},{"not_picked":["Metallicize","Armaments+1","Spot Weakness"],"picked":"SKIP","floor":30}],"player_experience":271954,"relics_obtained":[{"floor":7,"key":"Girya"},{"floor":9,"key":"Mummified Hand"},{"floor":11,"key":"The Courier"},{"floor":13,"key":"Charon\u0027s Ashes"},{"floor":26,"key":"Bronze Scales"}],"event_choices":[{"damage_healed":0,"gold_gain":0,"player_choice":"Entered Light","damage_taken":16,"max_hp_gain":0,"max_hp_loss":0,"event_name":"Shining Light","floor":5,"gold_loss":0,"cards_upgraded":["Flame Barrier","Strike_R"]},{"damage_healed":20,"gold_gain":0,"player_choice":"Healed","damage_taken":0,"max_hp_gain":0,"max_hp_loss":0,"event_name":"The Cleric","floor":14,"gold_loss":35},{"damage_healed":0,"gold_gain":0,"player_choice":"0 cards matched","damage_taken":0,"max_hp_gain":0,"max_hp_loss":0,"event_name":"Match and Keep!","floor":20,"gold_loss":0,"cards_obtained":[]},{"damage_healed":0,"gold_gain":0,"player_choice":"Trade","damage_taken":0,"relics_obtained":["GremlinMask"],"max_hp_gain":0,"max_hp_loss":0,"event_name":"FaceTrader","floor":28,"gold_loss":0}],"is_beta":false,"boss_relics":[{"not_picked":["Sozu","Philosopher\u0027s Stone"],"picked":"Mark of Pain"}],"items_purged_floors":[],"is_endless":false,"potions_floor_spawned":[1,8,11,16,18,19,29],"killed_by":"Champ","ascension_level":8}