{"gold_per_floor":[119,138,156,156,9,42,42,76,76,94,106,181,201,201,201,273,273,283,299,34,34,34,34,34],"floor_reached":24,"playtime":517,"items_purged":["Strike_B"],"score":361,"play_id":"598ffdef-1afb-4c77-af5d-2b0ae3571d5e","local_time":"20190510023918","is_ascension_mode":true,"campfire_choices":[{"data":"Rip and Tear","floor":7.0,"key":"SMITH"},{"floor":15,"key":"REST"},{"data":"Defragment","floor":23,"key":"SMITH"}],"neow_cost":"NONE","seed_source_timestamp":1076499154999643,"circlet_count":0,"master_deck":["AscendersBane","Strike_B+1","Strike_B+1","Strike_B+1","Defend_B+1","Defend_B+1","Defend_B+1","Defend_B+1","Zap+1","Dualcast","Leap","Ball Lightning","Barrage","Rip and Tear+1","Genetic Algorithm","Self Repair","Loop","Coolheaded","Buffer","Coolheaded","Defragment+1","Ghostly","Ghostly","Ghostly"],"special_seed":0,"relics":["Cracked Core","NeowsBlessing","PreservedInsect","Nunchaku","Darkstone Periapt","Pantograph","Velvet Choker","Anchor"],"potions_floor_usage":[13,24],"damage_taken":[{"damage":0.0,"enemies":"Cultist","floor":1.0,"turns":1.0},{"damage":0.0,"enemies":"Jaw Worm","floor":2.0,"turns":1.0},{"damage":0.0,"enemies":"Small Slimes","floor":3.0,"turns":1.0},{"damage":25.0,"enemies":"Lagavulin","floor":6.0,"turns":5.0},{"damage":16.0,"enemies":"Gremlin Nob","floor":8.0,"turns":3.0},{"damage":0.0,"enemies":"2 Fungi Beasts","floor":10.0,"turns":3.0},{"damage":10.0,"enemies":"Blue Slaver","floor":11.0,"turns":4.0},{"damage":6,"enemies":"Large Slime","floor":13,"turns":5},{"damage":52,"enemies":"Slime Boss","floor":16,"turns":8},{"damage":15,"enemies":"Spheric Guardian","floor":18,"turns":5},{"damage":21,"enemies":"3 Byrds","floor":19,"turns":5},{"damage":41,"enemies":"Gremlin Leader","floor":24,"turns":7}],"seed_played":"1310989993739091142","potions_obtained":[{"floor":2.0,"key":"Ancient Potion"},{"floor":6.0,"key":"SkillPotion"},{"floor":13,"key":"Dexterity Potion"},{"floor":18,"key":"PowerPotion"}],"is_trial":false,"path_per_floor":["M","M","M","?","$","E","R","E","T","M","M","?","M","?","R","B",null,"M","M","$","?","?","R","E"],"character_chosen":"DEFECT","items_purchased":["PreservedInsect","Defragment","Anchor"],"campfire_rested":1,"item_purchase_floors":[5,20,20],"current_hp_per_floor":[64,64,64,64,64,39,39,23,23,23,20,9,10,10,31,11,56,48,34,34,34,34,34,0],"gold":34,"neow_bonus":"THREE_ENEMY_KILL","is_prod":false,"is_daily":false,"chose_seed":false,"campfire_upgraded":2,"win_rate":0,"timestamp":1557473958,"path_taken":["M","?","M","?","$","E","R","E","T","M","M","?","M","?","R","BOSS","M","M","$","?","?","R","E"],"build_version":"2019-01-23","purchased_purges":1,"victory":false,"max_hp_per_floor":[71,71,71,71,71,71,71,71,71,71,71,71,71,71,71,71,71,71,71,71,71,35,35,35],"card_choices":[{"not_picked":["Hologram","Barrage"],"picked":"Leap","floor":1.0},{"not_picked":["Force Field","Steam"],"picked":"Ball Lightning","floor":2.0},{"not_picked":["Beam Cell","Skim"],"picked":"Barrage","floor":3.0},{"not_picked":["Aggregate","Conserve Battery"],"picked":"Rip and Tear","floor":6.0},{"not_picked":["Steam Power","Sweeping Beam"],"picked":"Genetic Algorithm","floor":8.0},{"not_picked":["Storm","Ball Lightning"],"picked":"Self Repair","floor":10.0},{"not_picked":["Conserve Battery","Go for the Eyes"],"picked":"Loop","floor":11.0},{"not_picked":["FTL","Fission"],"picked":"Coolheaded","floor":13},{"not_picked":["Biased Cognition","All For One"],"picked":"Buffer","floor":16},{"not_picked":["Sweeping Beam","Steam"],"picked":"Coolheaded","floor":18},{"not_picked":["Storm","Self Repair","Redo"],"picked":"SKIP","floor":19}],"player_experience":389805,"relics_obtained":[{"floor":6.0,"key":"Nunchaku"},{"floor":8.0,"key":"Darkstone Periapt"},{"floor":9.0,"key":"Pantograph"}],"event_choices":[{"damage_healed":0.0,"max_hp_gain":0.0,"max_hp_loss":0.0,"gold_gain":0.0,"event_name":"Living Wall","player_choice":"Grow","floor":4.0,"gold_loss":0.0,"damage_taken":0.0,"cards_upgraded":["Zap"]},{"damage_healed":0.0,"max_hp_gain":0.0,"max_hp_loss":0.0,"gold_gain":75.0,"event_name":"World of Goop","player_choice":"Gather Gold","floor":12.0,"gold_loss":0.0,"damage_taken":11.0},{"damage_healed":0,"gold_gain":0,"player_choice":"Ignored","damage_taken":0,"max_hp_gain":0,"max_hp_loss":0,"event_name":"Liars Game","floor":14,"gold_loss":0},{"damage_healed":0,"gold_gain":0,"player_choice":"Simplicity","damage_taken":0,"max_hp_gain":0,"max_hp_loss":0,"event_name":"Back to Basics","floor":21,"gold_loss":0,"cards_upgraded":["Strike_B","Strike_B","Strike_B","Defend_B","Defend_B","Defend_B","Defend_B"]},{"damage_healed":0,"gold_gain":0,"player_choice":"Became a Ghost","damage_taken":0,"max_hp_gain":0,"max_hp_loss":36,"event_name":"Ghosts","floor":22,"gold_loss":0,"cards_obtained":["Ghostly","Ghostly","Ghostly"]}],"is_beta":false,"boss_relics":[{"not_picked":["Calling Bell","Pandora\u0027s Box"],"picked":"Velvet Choker"}],"items_purged_floors":[20],"is_endless":false,"potions_floor_spawned":[2,6,10,13,18,19],"killed_by":"Gremlin Leader","ascension_level":15}