{"gold_per_floor":[20,35,53,63,16,46,46,59,59,94,106,118,153,128,128,233,233,246,262,277,38,53,53,65,65,65,94,94,114,128,10,10,10],"floor_reached":33,"playtime":2148,"items_purged":[],"score":333,"play_id":"74cfc4da-6780-4c82-bae3-07172b4f1145","local_time":"20190527210110","is_ascension_mode":true,"campfire_choices":[{"data":"Fiend Fire","floor":7,"key":"SMITH"},{"floor":15,"key":"REST"},{"data":"Armaments","floor":23,"key":"SMITH"},{"data":"Corruption","floor":25,"key":"SMITH"},{"data":"Power Through","floor":28,"key":"SMITH"},{"floor":32,"key":"RECALL"}],"neow_cost":"NO_GOLD","seed_source_timestamp":8274511578452,"circlet_count":0,"master_deck":["Strike_R","Strike_R","Strike_R","Strike_R","Strike_R","Defend_R","Defend_R","Defend_R","Defend_R","Bash","Clothesline","Corruption+1","Flame Barrier","Fiend Fire+1","Shrug It Off","Cleave","Dark Embrace","Pommel Strike","Rampage","Flame Barrier","Combust+1","Bludgeon","Shrug It Off","Iron Wave+1","Armaments+1","Power Through+1","Shrug It Off","Pommel Strike+1","Shrug It Off","Headbutt","Sever Soul","Exhume"],"relics":["Black Blood","Peace Pipe","Thread and Needle","The Courier","Frozen Egg 2","Bronze Scales","Strange Spoon","Pear","Red Skull"],"potions_floor_usage":[],"damage_taken":[{"damage":5,"enemies":"Cultist","floor":1,"turns":4},{"damage":3,"enemies":"Jaw Worm","floor":2,"turns":3},{"damage":0,"enemies":"2 Louse","floor":3,"turns":3},{"damage":2,"enemies":"Blue Slaver","floor":4,"turns":3},{"damage":46,"enemies":"Lagavulin","floor":6,"turns":9},{"damage":3,"enemies":"Large Slime","floor":8,"turns":6},{"damage":24,"enemies":"3 Sentries","floor":10,"turns":8},{"damage":13,"enemies":"Exordium Thugs","floor":11,"turns":5},{"damage":0,"enemies":"Looter","floor":12,"turns":3},{"damage":7,"enemies":"Gremlin Nob","floor":13,"turns":6},{"damage":18,"enemies":"Slime Boss","floor":16,"turns":9},{"damage":13,"enemies":"Spheric Guardian","floor":18,"turns":4},{"damage":13,"enemies":"2 Thieves","floor":19,"turns":4},{"damage":8,"enemies":"Snecko","floor":20,"turns":4},{"damage":7,"enemies":"3 Cultists","floor":22,"turns":5},{"damage":7,"enemies":"Snake Plant","floor":24,"turns":4},{"damage":23,"enemies":"Book of Stabbing","floor":27,"turns":5},{"damage":3,"enemies":"Centurion and Healer","floor":29,"turns":6},{"damage":8,"enemies":"Snecko","floor":30,"turns":7},{"damage":97,"enemies":"Champ","floor":33,"turns":13}],"seed_played":"-2178935982179789436","potions_obtained":[{"floor":1,"key":"Dexterity Potion"},{"floor":3,"key":"Swift Potion"},{"floor":10,"key":"Fire Potion"}],"is_trial":false,"path_per_floor":["M","M","M","M","$","E","R","M","T","E","M","M","E","?","R","B",null,"M","M","M","$","M","R","M","R","T","E","R","M","M","$","R","B"],"character_chosen":"IRONCLAD","items_purchased":["Shrug It Off","Power Through","Strange Spoon","Shrug It Off","Exhume"],"campfire_rested":1,"item_purchase_floors":[5,21,21,21,31],"current_hp_per_floor":[80,80,80,80,80,40,40,43,43,25,18,24,23,23,47,35,80,77,74,76,76,79,79,80,80,90,77,77,84,86,86,86,0],"gold":10,"neow_bonus":"ONE_RARE_RELIC","is_prod":false,"is_daily":false,"chose_seed":false,"campfire_upgraded":4,"win_rate":0,"timestamp":1559016070,"path_taken":["M","M","M","M","?","E","R","M","T","E","?","M","E","?","R","BOSS","M","M","M","$","M","R","M","R","T","E","R","M","M","$","R","BOSS"],"build_version":"2019-01-23","purchased_purges":0,"victory":false,"max_hp_per_floor":[80,80,80,80,80,80,80,80,80,80,80,80,80,80,80,80,80,80,80,80,80,80,80,80,80,90,90,90,90,90,90,90,90],"card_choices":[{"not_picked":["Thunderclap","Armaments"],"picked":"Clothesline","floor":1},{"not_picked":["Shockwave","Sword Boomerang"],"picked":"Corruption","floor":2},{"not_picked":["Flex","Blood for Blood"],"picked":"Flame Barrier","floor":3},{"not_picked":["Sword Boomerang","Heavy Blade"],"picked":"Fiend Fire","floor":4},{"not_picked":["Shockwave","Pummel"],"picked":"Cleave","floor":6},{"not_picked":["Pommel Strike","Rage"],"picked":"Dark Embrace","floor":8},{"not_picked":["Thunderclap","Cleave"],"picked":"Pommel Strike","floor":10},{"not_picked":["Shrug It Off","Thunderclap"],"picked":"Rampage","floor":11},{"not_picked":["Anger","Thunderclap"],"picked":"Flame Barrier","floor":12},{"not_picked":["Body Slam","Pummel"],"picked":"Combust+1","floor":13},{"not_picked":["Barricade+1","Juggernaut+1"],"picked":"Bludgeon","floor":16},{"not_picked":["Cleave+1","Clash"],"picked":"Shrug It Off","floor":18},{"not_picked":["Perfected Strike","Pummel"],"picked":"Iron Wave+1","floor":19},{"not_picked":["Inflame+1","Cleave"],"picked":"Armaments","floor":20},{"not_picked":["Wild Strike+1","Combust+1","Sword Boomerang"],"picked":"SKIP","floor":22},{"not_picked":["Rage","Bloodletting"],"picked":"Pommel Strike+1","floor":24},{"not_picked":["Armaments","Heavy Blade"],"picked":"Shrug It Off","floor":27},{"not_picked":["Flex+1","Brutality+1"],"picked":"Headbutt","floor":29},{"not_picked":["Pommel Strike","Iron Wave+1"],"picked":"Sever Soul","floor":30}],"player_experience":339529,"relics_obtained":[{"floor":6,"key":"Thread and Needle"},{"floor":9,"key":"The Courier"},{"floor":10,"key":"Frozen Egg 2"},{"floor":13,"key":"Bronze Scales"},{"floor":26,"key":"Pear"},{"floor":27,"key":"Red Skull"}],"event_choices":[{"damage_healed":0,"gold_gain":0,"player_choice":"Left Gold","damage_taken":0,"max_hp_gain":0,"max_hp_loss":0,"event_name":"World of Goop","floor":14,"gold_loss":25}],"is_beta":false,"boss_relics":[{"not_picked":["Black Star","Empty Cage"],"picked":"Black Blood"}],"items_purged_floors":[],"is_endless":false,"potions_floor_spawned":[1,3,10,12,22,24,27,30],"killed_by":"Champ","ascension_level":1}