{"gold_per_floor":[117,133,144,94,94,126,137,171,171,171,7,23,23,37,37,163,163,183,183,217,232,121,121],"floor_reached":23,"playtime":1879,"items_purged":["Strike_B"],"score":201,"play_id":"d82a43ca-634c-47f4-9378-3a772fc38924","local_time":"20190207185353","is_ascension_mode":false,"campfire_choices":[{"floor":10,"key":"REST"},{"floor":15,"key":"REST"}],"neow_cost":"NONE","seed_source_timestamp":1872773296592898,"circlet_count":0,"master_deck":["Strike_B","Strike_B","Defend_B","Defend_B","Defend_B","Defend_B","Zap+1","Dualcast","Turbo","Steam Power","White Noise","Turbo","Gash","Aggregate","Impatience","Defragment","Melter","Ball Lightning","Thunder Strike","Conserve Battery","Self Repair","Beam Cell","Steam","Barrage","Hologram","Beam Cell","Defragment"],"relics":["Cracked Core","NeowsBlessing","PreservedInsect","Mummified Hand","Shuriken","Golden Idol","Orrery","Red Mask"],"potions_floor_usage":[8,16,16],"damage_taken":[{"damage":0,"enemies":"Cultist","floor":1,"turns":1},{"damage":0,"enemies":"Jaw Worm","floor":2,"turns":1},{"damage":0,"enemies":"2 Louse","floor":3,"turns":1},{"damage":38,"enemies":"Lagavulin","floor":6,"turns":9},{"damage":6,"enemies":"Blue Slaver","floor":7,"turns":5},{"damage":19,"enemies":"Gremlin Nob","floor":8,"turns":4},{"damage":0,"enemies":"Large Slime","floor":12,"turns":6},{"damage":0,"enemies":"Exordium Wildlife","floor":14,"turns":2},{"damage":26,"enemies":"Slime Boss","floor":16,"turns":8},{"damage":15,"enemies":"3 Byrds","floor":18,"turns":5},{"damage":47,"enemies":"Masked Bandits","floor":20,"turns":4},{"damage":0,"enemies":"Spheric Guardian","floor":21,"turns":1},{"damage":36,"enemies":"Slavers","floor":23,"turns":2}],"seed_played":"-3585933432316742241","potions_obtained":[{"floor":3,"key":"PowerPotion"},{"floor":6,"key":"Explosive Potion"},{"floor":7,"key":"Ancient Potion"},{"floor":14,"key":"Explosive Potion"},{"floor":18,"key":"Ancient Potion"}],"is_trial":false,"path_per_floor":["M","M","M","?","?","E","M","E","T","R","$","M","?","M","R","B",null,"M","?","?","M","$","E"],"character_chosen":"DEFECT","items_purchased":["Impatience","Defragment","Defragment"],"campfire_rested":2,"item_purchase_floors":[11,11,22],"current_hp_per_floor":[75,75,75,75,75,37,31,12,12,34,34,34,16,16,38,12,75,67,67,27,34,34,0],"gold":121,"neow_bonus":"THREE_ENEMY_KILL","is_prod":false,"is_daily":false,"chose_seed":false,"campfire_upgraded":0,"win_rate":0.0,"timestamp":1549587233,"path_taken":["M","?","M","?","?","E","M","E","T","R","?","M","?","M","R","BOSS","M","?","?","M","$","E"],"build_version":"2019-01-23","purchased_purges":1,"victory":false,"max_hp_per_floor":[75,75,75,75,75,75,75,75,75,75,75,75,75,75,75,75,75,75,75,75,75,75,75],"card_choices":[{"not_picked":["Tempest","Leap"],"picked":"Turbo","floor":1},{"not_picked":["Steam","Stack"],"picked":"Steam Power","floor":2},{"not_picked":["Go for the Eyes","Cold Snap"],"picked":"White Noise","floor":3},{"not_picked":["Hologram","Rainbow"],"picked":"Turbo","floor":6},{"not_picked":["Rebound","Stack"],"picked":"Gash","floor":7},{"not_picked":["Redo","Reinforced Body"],"picked":"Aggregate","floor":8},{"not_picked":["Redo","Go for the Eyes"],"picked":"Melter","floor":12},{"not_picked":["Redo","Go for the Eyes"],"picked":"Ball Lightning","floor":14},{"not_picked":["Buffer","Rainbow"],"picked":"Thunder Strike","floor":16},{"not_picked":["Leap","Chaos"],"picked":"Conserve Battery","floor":17},{"not_picked":["Reprogram","Barrage"],"picked":"Self Repair","floor":17},{"not_picked":["Electrodynamics","Redo"],"picked":"Beam Cell","floor":17},{"not_picked":["Conserve Battery","Self Repair"],"picked":"Steam","floor":17},{"not_picked":["Turbo","Rip and Tear"],"picked":"Barrage","floor":17},{"not_picked":["Gash","Streamline+1"],"picked":"Hologram","floor":18},{"not_picked":["Reprogram","Cold Snap"],"picked":"Beam Cell","floor":20},{"not_picked":["Leap","Undo+1","Darkness"],"picked":"SKIP","floor":21}],"player_experience":11461,"relics_obtained":[{"floor":6,"key":"PreservedInsect"},{"floor":8,"key":"Mummified Hand"},{"floor":9,"key":"Shuriken"},{"floor":20,"key":"Red Mask"}],"event_choices":[{"cards_removed":["Strike_B"],"damage_healed":0,"gold_gain":0,"player_choice":"Card Removal","damage_taken":0,"max_hp_gain":0,"max_hp_loss":0,"event_name":"The Cleric","floor":4,"gold_loss":50},{"damage_healed":0,"gold_gain":0,"player_choice":"Grow","damage_taken":0,"max_hp_gain":0,"max_hp_loss":0,"event_name":"Living Wall","floor":5,"gold_loss":0,"cards_upgraded":["Zap"]},{"damage_healed":0,"gold_gain":0,"player_choice":"Take Damage","damage_taken":18,"relics_obtained":["Golden Idol"],"max_hp_gain":0,"max_hp_loss":0,"event_name":"Golden Idol","floor":13,"gold_loss":0},{"damage_healed":0,"gold_gain":0,"player_choice":"Ignored","damage_taken":0,"max_hp_gain":0,"max_hp_loss":0,"event_name":"Vampires","floor":19,"gold_loss":0},{"damage_healed":0,"gold_gain":0,"player_choice":"Fought Bandits","damage_taken":0,"max_hp_gain":0,"max_hp_loss":0,"event_name":"Masked Bandits","floor":20,"gold_loss":0}],"is_beta":false,"boss_relics":[{"not_picked":["Velvet Choker","Empty Cage"],"picked":"Orrery"}],"items_purged_floors":[22],"is_endless":false,"potions_floor_spawned":[3,6,7,14,18],"killed_by":"Slavers","ascension_level":0}