{"gold_per_floor":[119,133,148,162,176,176,188,200,223,223,257,257,274,300,300,402,402,421,437,16,16,36,36,36,36,36,36,52,52,80,91,91,186,186,201,19,19,19,19,19,35,45,45,74,74,409,114,127,127,127],"floor_reached":50,"playtime":3044,"items_purged":["Strike_G","Strike_G"],"score":584,"play_id":"d00e6510-b28a-4ead-87e2-cb18fee315d1","local_time":"20190525013729","is_ascension_mode":false,"campfire_choices":[{"floor":6,"key":"REST"},{"data":"Predator","floor":12,"key":"SMITH"},{"floor":15,"key":"REST"},{"floor":23,"key":"DIG"},{"floor":25,"key":"DIG"},{"floor":29,"key":"DIG"},{"floor":32,"key":"REST"},{"floor":40,"key":"DIG"},{"floor":45,"key":"RECALL"},{"floor":49,"key":"DIG"}],"neow_cost":"PERCENT_DAMAGE","seed_source_timestamp":33648882639201,"circlet_count":0,"master_deck":["Defend_G","Defend_G","Defend_G","Defend_G","Strike_G","Strike_G","Strike_G","Survivor","Neutralize","Dagger Throw","Cloak And Dagger","Infinite Blades","Predator+1","Well Laid Plans","Dagger Spray","Flying Knee","A Thousand Cuts","Slice+1","Backflip","Writhe","Blade Dance+1","Burst+1","PiercingWail+1","Noxious Fumes","Good Instincts+1","Writhe","Backflip+1","Setup+1","Prepared+1","Blade Dance+1","Prepared+1"],"relics":["Ring of the Snake","Thread and Needle","Regal Pillow","CultistMask","Turnip","Ancient Tea Set","Busted Crown","Dead Branch","Shovel","Juzu Bracelet","Anchor","Nunchaku","Toxic Egg 2","Meat on the Bone","Shuriken","HoveringKite","Du-Vu Doll","Bird Faced Urn","Old Coin","Sundial","Tingsha"],"potions_floor_usage":[],"damage_taken":[{"damage":0,"enemies":"2 Louse","floor":1,"turns":3},{"damage":0,"enemies":"Cultist","floor":2,"turns":3},{"damage":0,"enemies":"Jaw Worm","floor":3,"turns":4},{"damage":6,"enemies":"Looter","floor":4,"turns":3},{"damage":0,"enemies":"Exordium Wildlife","floor":5,"turns":3},{"damage":0,"enemies":"Red Slaver","floor":7,"turns":4},{"damage":0,"enemies":"Looter","floor":8,"turns":3},{"damage":19,"enemies":"Gremlin Nob","floor":11,"turns":5},{"damage":0,"enemies":"2 Fungi Beasts","floor":13,"turns":3},{"damage":14,"enemies":"3 Sentries","floor":14,"turns":7},{"damage":39,"enemies":"Hexaghost","floor":16,"turns":11},{"damage":6,"enemies":"Shell Parasite","floor":18,"turns":6},{"damage":7,"enemies":"Spheric Guardian","floor":19,"turns":4},{"damage":0,"enemies":"3 Cultists","floor":22,"turns":2},{"damage":0,"enemies":"Cultist and Chosen","floor":28,"turns":4},{"damage":5,"enemies":"Slavers","floor":30,"turns":5},{"damage":19,"enemies":"Snake Plant","floor":31,"turns":4},{"damage":17,"enemies":"Automaton","floor":33,"turns":6},{"damage":32,"enemies":"3 Shapes","floor":35,"turns":4},{"damage":10,"enemies":"3 Darklings","floor":41,"turns":4},{"damage":0,"enemies":"Transient","floor":42,"turns":5},{"damage":0,"enemies":"Giant Head","floor":44,"turns":7},{"damage":0,"enemies":"Nemesis","floor":46,"turns":3},{"damage":0,"enemies":"Maw","floor":48,"turns":6},{"damage":80,"enemies":"Time Eater","floor":50,"turns":7}],"seed_played":"8445079944617148713","potions_obtained":[{"floor":2,"key":"FearPotion"},{"floor":4,"key":"Regen Potion"},{"floor":13,"key":"FearPotion"},{"floor":33,"key":"SkillPotion"},{"floor":41,"key":"GhostInAJar"}],"is_trial":false,"path_per_floor":["M","M","M","M","M","R","M","M","T","?","E","R","M","E","R","B",null,"M","M","$","T","M","R","?","R","T","?","M","R","E","M","R","B",null,"M","$","?","?","?","R","M","M","T","E","R","E","$","M","R","B"],"character_chosen":"THE_SILENT","items_purchased":["Dead Branch","Backflip","Noxious Fumes","Sundial","Blade Dance+1"],"campfire_rested":3,"item_purchase_floors":[20,20,36,47,47],"current_hp_per_floor":[49,49,49,43,43,64,64,64,64,64,45,45,45,31,67,28,70,64,57,57,57,57,57,57,57,57,57,57,57,52,45,70,53,70,38,38,38,38,56,56,46,46,46,46,46,52,52,60,60,0],"gold":127,"neow_bonus":"ONE_RARE_RELIC","is_prod":false,"is_daily":false,"chose_seed":false,"campfire_upgraded":1,"win_rate":0,"timestamp":1558773449,"path_taken":["M","M","M","M","M","R","M","M","T","?","E","R","M","E","R","BOSS","M","M","$","?","M","R","?","R","T","?","M","R","E","M","R","BOSS","M","$","?","?","?","R","M","M","T","E","R","E","$","M","R","BOSS"],"build_version":"2019-01-23","purchased_purges":2,"victory":false,"max_hp_per_floor":[70,70,70,70,70,70,70,70,70,70,70,70,70,70,70,70,70,70,70,70,70,70,70,70,70,70,70,70,70,70,70,70,70,70,70,70,70,70,70,70,70,70,70,70,70,70,70,70,70,70],"card_choices":[{"not_picked":["Expertise","PiercingWail"],"picked":"Dagger Throw","floor":1},{"not_picked":["Dodge and Roll","Deflect","PiercingWail"],"picked":"SKIP","floor":2},{"not_picked":["Outmaneuver","Calculated Gamble","Caltrops"],"picked":"SKIP","floor":3},{"not_picked":["Slice","Blade Dance"],"picked":"Cloak And Dagger","floor":4},{"not_picked":["Setup","Outmaneuver"],"picked":"Infinite Blades","floor":5},{"not_picked":["Prepared","Deadly Poison","Blur"],"picked":"SKIP","floor":7},{"not_picked":["Expertise","Deadly Poison"],"picked":"Predator","floor":8},{"not_picked":["Dagger Throw","Cloak And Dagger"],"picked":"Well Laid Plans","floor":11},{"not_picked":["Choke","Footwork"],"picked":"Dagger Spray","floor":13},{"not_picked":["Cloak And Dagger","Infinite Blades"],"picked":"Flying Knee","floor":14},{"not_picked":["Envenom","Corpse Explosion"],"picked":"A Thousand Cuts","floor":16},{"not_picked":["Slice+1"],"picked":"SKIP","floor":18},{"not_picked":[],"picked":"Slice+1","floor":18},{"not_picked":["Poisoned Stab"],"picked":"SKIP","floor":19},{"not_picked":["Flying Knee"],"picked":"SKIP","floor":22},{"not_picked":["Sucker Punch"],"picked":"SKIP","floor":28},{"not_picked":["Quick Slash"],"picked":"SKIP","floor":30},{"not_picked":["Heel Hook"],"picked":"SKIP","floor":31},{"not_picked":[],"picked":"Burst+1","floor":33},{"not_picked":[],"picked":"PiercingWail+1","floor":35},{"not_picked":[],"picked":"Backflip+1","floor":41},{"not_picked":["Dagger Spray"],"picked":"SKIP","floor":42},{"not_picked":[],"picked":"Setup+1","floor":44},{"not_picked":[],"picked":"Prepared+1","floor":46},{"not_picked":[],"picked":"Prepared+1","floor":48}],"player_experience":290732,"relics_obtained":[{"floor":9,"key":"Regal Pillow"},{"floor":11,"key":"Turnip"},{"floor":14,"key":"Ancient Tea Set"},{"floor":21,"key":"Shovel"},{"floor":23,"key":"Juzu Bracelet"},{"floor":25,"key":"Nunchaku"},{"floor":26,"key":"Toxic Egg 2"},{"floor":29,"key":"Meat on the Bone"},{"floor":30,"key":"Shuriken"},{"floor":40,"key":"Du-Vu Doll"},{"floor":44,"key":"Bird Faced Urn"},{"floor":46,"key":"Old Coin"},{"floor":49,"key":"Tingsha"}],"event_choices":[{"damage_healed":0,"gold_gain":0,"player_choice":"Trade","damage_taken":0,"relics_obtained":["CultistMask"],"max_hp_gain":0,"max_hp_loss":0,"event_name":"FaceTrader","floor":10,"gold_loss":0},{"damage_healed":0,"gold_gain":0,"player_choice":"Opened","damage_taken":0,"relics_obtained":["Anchor"],"max_hp_gain":0,"max_hp_loss":0,"event_name":"The Mausoleum","floor":24,"gold_loss":0,"cards_obtained":["Writhe"]},{"damage_healed":0,"gold_gain":0,"player_choice":"Read","damage_taken":0,"max_hp_gain":0,"max_hp_loss":0,"event_name":"The Library","floor":27,"gold_loss":0,"cards_obtained":["Blade Dance"]},{"cards_removed":["Defend_G"],"damage_healed":0,"gold_gain":0,"player_choice":"Removed Skill","damage_taken":0,"max_hp_gain":0,"max_hp_loss":0,"event_name":"Falling","floor":37,"gold_loss":0},{"damage_healed":0,"gold_gain":0,"player_choice":"1 cards matched","damage_taken":0,"max_hp_gain":0,"max_hp_loss":0,"event_name":"Match and Keep!","floor":38,"gold_loss":0,"cards_obtained":["Good Instincts"]},{"damage_healed":18,"gold_gain":0,"player_choice":"Writhe","damage_taken":0,"max_hp_gain":0,"max_hp_loss":0,"event_name":"Winding Halls","floor":39,"gold_loss":0,"cards_obtained":["Writhe"]}],"is_beta":false,"boss_relics":[{"not_picked":["Black Star","Snecko Eye"],"picked":"Busted Crown"},{"not_picked":["Velvet Choker","White Beast Statue"],"picked":"HoveringKite"}],"items_purged_floors":[20,36],"is_endless":false,"potions_floor_spawned":[2,4,13,16,22,28,33,35,41,42],"killed_by":"Time Eater","ascension_level":0}