{"gold_per_floor":[112,132,21,21,96,96,131,131,131,158,175,125,125,125,125,221,221,246,70,16,16,16,49,49,93,93,93,43,57,57,71,71,71],"floor_reached":33,"playtime":752,"items_purged":["Strike_R","Shame","Strike_R"],"score":598,"play_id":"cb152dc0-7eed-4ece-bf82-0732f386e57d","local_time":"20190503180927","is_ascension_mode":true,"campfire_choices":[{"data":"Armaments","floor":6,"key":"SMITH"},{"data":"Anger","floor":8,"key":"SMITH"},{"data":"Shrug It Off","floor":15,"key":"SMITH"},{"floor":24,"key":"REST"},{"floor":30,"key":"REST"},{"floor":32,"key":"REST"}],"neow_cost":"NONE","seed_source_timestamp":527302634687868,"circlet_count":0,"master_deck":["AscendersBane","Strike_R","Strike_R+1","Defend_R","Defend_R","Defend_R","Defend_R","Bash+1","Anger+1","Armaments+1","Spot Weakness","Combust","Feed","Shrug It Off+1","Fiend Fire","Decay","Writhe","Rupture","True Grit","Seeing Red","Rupture","Metallicize","Metallicize"],"relics":["Burning Blood","NeowsBlessing","Art of War","Question Card","Whetstone","Odd Mushroom","Golden Idol","Mercury Hourglass","Calling Bell","Oddly Smooth Stone","Mummified Hand","Unceasing Top","Smiling Mask","Boot","Ice Cream","Pantograph","CultistMask"],"potions_floor_usage":[16,16,23,25,29,31],"damage_taken":[{"damage":0,"enemies":"Jaw Worm","floor":1,"turns":1},{"damage":0,"enemies":"Small Slimes","floor":2,"turns":1},{"damage":0,"enemies":"3 Sentries","floor":7,"turns":1},{"damage":13,"enemies":"The Mushroom Lair","floor":10,"turns":3},{"damage":1,"enemies":"2 Louse","floor":11,"turns":2},{"damage":6,"enemies":"Slime Boss","floor":16,"turns":6},{"damage":14,"enemies":"Shell Parasite","floor":18,"turns":6},{"damage":50,"enemies":"Slavers","floor":23,"turns":8},{"damage":34,"enemies":"Gremlin Leader","floor":25,"turns":8},{"damage":6,"enemies":"3 Byrds","floor":29,"turns":4},{"damage":52,"enemies":"3 Cultists","floor":31,"turns":6},{"damage":57,"enemies":"Automaton","floor":33,"turns":7}],"seed_played":"4790045249213239863","potions_obtained":[{"floor":2,"key":"EntropicBrew"},{"floor":10,"key":"Ancient Potion"},{"floor":11,"key":"Fire Potion"},{"floor":23,"key":"Fire Potion"},{"floor":29,"key":"BloodPotion"}],"is_trial":false,"path_per_floor":["M","M","$","?","?","R","E","R","T","?","M","?","?","T","R","B",null,"M","$","$","T","?","E","R","E","T","?","$","M","R","M","R","B"],"character_chosen":"IRONCLAD","items_purchased":["Spot Weakness","Rupture","True Grit"],"campfire_rested":3,"item_purchase_floors":[3,19,20],"current_hp_per_floor":[74,75,75,63,52,52,58,58,58,51,59,59,40,40,40,43,72,64,64,64,64,64,23,48,20,20,20,20,20,45,7,32,0],"gold":71,"neow_bonus":"THREE_ENEMY_KILL","is_prod":false,"is_daily":false,"chose_seed":false,"campfire_upgraded":3,"win_rate":0,"timestamp":1556924967,"path_taken":["M","M","$","?","?","R","E","R","T","?","?","?","?","?","R","BOSS","M","?","$","?","?","E","R","E","T","?","$","?","R","M","R","BOSS"],"build_version":"2019-01-23","purchased_purges":3,"victory":false,"max_hp_per_floor":[75,75,75,75,75,75,75,75,75,75,78,78,78,78,78,81,81,81,81,81,81,81,84,84,84,84,84,84,84,84,84,84,84],"card_choices":[{"not_picked":["Headbutt","Clash"],"picked":"Anger","floor":1},{"not_picked":["Shockwave","Havoc"],"picked":"Armaments","floor":2},{"not_picked":["Perfected Strike","Reckless Charge"],"picked":"Combust","floor":7},{"not_picked":["Spot Weakness","Iron Wave","Body Slam"],"picked":"Feed","floor":10},{"not_picked":["Armaments","Dual Wield","Bloodletting"],"picked":"Shrug It Off","floor":11},{"not_picked":["Bludgeon","Brutality","Barricade"],"picked":"Fiend Fire","floor":16},{"not_picked":["Body Slam","Uppercut+1","Spot Weakness","Heavy Blade"],"picked":"SKIP","floor":18},{"not_picked":["Twin Strike+1","Heavy Blade","Body Slam"],"picked":"Seeing Red","floor":23},{"not_picked":["Havoc+1","Armaments","Intimidate"],"picked":"Rupture","floor":25},{"not_picked":["Perfected Strike","Havoc","Rampage"],"picked":"Metallicize","floor":29},{"not_picked":["Armaments","Infernal Blade","Immolate"],"picked":"Metallicize","floor":31}],"player_experience":372941,"relics_obtained":[{"floor":7,"key":"Question Card"},{"floor":9,"key":"Whetstone"},{"floor":10,"key":"Odd Mushroom"},{"floor":14,"key":"Mercury Hourglass"},{"floor":17,"key":"Oddly Smooth Stone"},{"floor":17,"key":"Mummified Hand"},{"floor":17,"key":"Unceasing Top"},{"floor":21,"key":"Smiling Mask"},{"floor":23,"key":"Boot"},{"floor":25,"key":"Ice Cream"},{"floor":26,"key":"Pantograph"}],"event_choices":[{"damage_healed":0,"gold_gain":0,"player_choice":"Success","damage_taken":12,"relics_obtained":["Art of War"],"max_hp_gain":0,"max_hp_loss":0,"event_name":"Scrap Ooze","floor":4,"gold_loss":0},{"damage_healed":0,"gold_gain":75,"player_choice":"Gather Gold","damage_taken":11,"max_hp_gain":0,"max_hp_loss":0,"event_name":"World of Goop","floor":5,"gold_loss":0},{"damage_healed":0,"gold_gain":0,"player_choice":"Fought Mushrooms","damage_taken":0,"max_hp_gain":0,"max_hp_loss":0,"event_name":"Mushrooms","floor":10,"gold_loss":0},{"cards_removed":["Strike_R"],"damage_healed":0,"gold_gain":0,"player_choice":"Card Removal","damage_taken":0,"max_hp_gain":0,"max_hp_loss":0,"event_name":"The Cleric","floor":12,"gold_loss":50},{"damage_healed":0,"gold_gain":0,"player_choice":"Take Damage","damage_taken":19,"relics_obtained":["Golden Idol"],"max_hp_gain":0,"max_hp_loss":0,"event_name":"Golden Idol","floor":13,"gold_loss":0},{"damage_healed":0,"gold_gain":0,"player_choice":"Ignored","damage_taken":0,"max_hp_gain":0,"max_hp_loss":0,"event_name":"Vampires","floor":22,"gold_loss":0},{"damage_healed":0,"gold_gain":0,"player_choice":"Trade","damage_taken":0,"relics_obtained":["CultistMask"],"max_hp_gain":0,"max_hp_loss":0,"event_name":"FaceTrader","floor":27,"gold_loss":0}],"is_beta":false,"boss_relics":[{"not_picked":["Busted Crown","Orrery"],"picked":"Calling Bell"}],"items_purged_floors":[3,19,28],"is_endless":false,"potions_floor_spawned":[2,10,11,23,29],"killed_by":"Automaton","ascension_level":14}