{"gold_per_floor":[117,192,157,157,168,198,198,224,224,243,59,72,72,26,26,123,123,140,140,140,153,3,3,3,20,46,46,46,56,56,76,76,178,178,198,198,198,198,45,45,60,60,60,76,76,126,0,100,100,100],"floor_reached":50,"playtime":3247,"items_purged":[],"score":519,"play_id":"38109548-9d96-4755-afff-b8e522710f6f","local_time":"20190207153650","is_ascension_mode":false,"campfire_choices":[{"floor":7,"key":"REST"},{"floor":13,"key":"REST"},{"floor":15,"key":"REST"},{"data":"Defragment","floor":23,"key":"SMITH"},{"floor":28,"key":"REST"},{"floor":32,"key":"REST"},{"floor":40,"key":"REST"},{"data":"Creative AI","floor":42,"key":"SMITH"},{"data":"Storm","floor":45,"key":"SMITH"},{"floor":49,"key":"REST"}],"neow_cost":"NONE","seed_source_timestamp":1859581982779458,"circlet_count":0,"master_deck":["Strike_B+1","Strike_B+1","Strike_B+1","Strike_B+1","Defend_B+1","Defend_B+1","Defend_B+1","Zap+1","Dualcast","Conserve Battery","Sweeping Beam","Static Discharge","Hologram","Beam Cell","Genetic Algorithm","Gash","Steam","Coolheaded","Sweeping Beam","Defragment+1","Self Repair","Go for the Eyes","Redo","Creative AI+1","Defragment+1","Reboot","Storm+1","Melter","Coolheaded+1","RitualDagger","Skim","Electrodynamics","Tempest+1","Sweeping Beam","Amplify","Loop","Force Field+1","Self Repair","Streamline+1","Sweeping Beam+1","Heatsinks","Ball Lightning+1","Beam Cell+1","Barrage+1"],"relics":["Cracked Core","Letter Opener","Dream Catcher","Pen Nib","White Beast Statue","Anchor","Shuriken","Inserter","Ornamental Fan","Oddly Smooth Stone","Molten Egg 2","FossilizedHelix","Incense Burner"],"potions_floor_usage":[16,18,25,29,33,46,50,50,50],"damage_taken":[{"damage":6,"enemies":"2 Louse","floor":1,"turns":3},{"damage":3,"enemies":"Small Slimes","floor":5,"turns":3},{"damage":26,"enemies":"Gremlin Nob","floor":6,"turns":5},{"damage":14,"enemies":"Lagavulin","floor":8,"turns":5},{"damage":6,"enemies":"Jaw Worm","floor":10,"turns":2},{"damage":0,"enemies":"Looter","floor":12,"turns":2},{"damage":26,"enemies":"Slime Boss","floor":16,"turns":9},{"damage":35,"enemies":"Spheric Guardian","floor":18,"turns":6},{"damage":0,"enemies":"Chosen","floor":21,"turns":5},{"damage":20,"enemies":"Centurion and Healer","floor":25,"turns":8},{"damage":9,"enemies":"Cultist and Chosen","floor":29,"turns":7},{"damage":9,"enemies":"Snake Plant","floor":31,"turns":4},{"damage":57,"enemies":"Champ","floor":33,"turns":9},{"damage":37,"enemies":"3 Darklings","floor":35,"turns":6},{"damage":15,"enemies":"Orb Walker","floor":41,"turns":4},{"damage":19,"enemies":"Transient","floor":44,"turns":5},{"damage":50,"enemies":"2 Orb Walkers","floor":46,"turns":5},{"damage":0,"enemies":"Mind Bloom Boss Battle","floor":48,"turns":5},{"damage":57,"enemies":"Awakened One","floor":50,"turns":7}],"seed_played":"-9169108790097337537","potions_obtained":[{"floor":1,"key":"LiquidBronze"},{"floor":5,"key":"Energy Potion"},{"floor":16,"key":"SpeedPotion"},{"floor":18,"key":"Energy Potion"},{"floor":21,"key":"Swift Potion"},{"floor":25,"key":"Energy Potion"},{"floor":29,"key":"FairyPotion"},{"floor":31,"key":"Weak Potion"},{"floor":33,"key":"Explosive Potion"},{"floor":46,"key":"SpeedPotion"},{"floor":48,"key":"Dexterity Potion"}],"is_trial":false,"path_per_floor":["M","?","?","?","M","E","R","E","T","M","$","M","R","$","R","B",null,"M","?","?","M","$","R","$","M","T","?","R","M","T","M","R","B",null,"M","?","?","T","$","R","M","R","T","M","R","?","$","?","R","B"],"character_chosen":"DEFECT","items_purchased":["Gash","Steam","Coolheaded","Sweeping Beam","Go for the Eyes","Storm","Melter","Leap","Oddly Smooth Stone","Heatsinks","Ball Lightning+1"],"campfire_rested":7,"item_purchase_floors":[11,11,11,11,14,22,22,22,39,47,47],"current_hp_per_floor":[69,58,75,60,57,31,53,39,39,33,33,33,55,55,75,56,75,47,33,33,40,40,40,40,27,27,21,45,43,43,41,65,8,80,50,50,50,50,50,74,66,66,66,47,47,15,15,22,46,0],"gold":100,"neow_bonus":"TRANSFORM_CARD","is_prod":false,"is_daily":false,"chose_seed":false,"campfire_upgraded":3,"win_rate":0.0,"timestamp":1549575410,"path_taken":["M","?","?","?","M","E","R","E","T","M","$","M","R","$","R","BOSS","M","?","?","M","$","R","?","M","T","?","R","M","?","M","R","BOSS","M","?","?","?","?","R","?","R","T","M","R","?","$","?","R","BOSS"],"build_version":"2019-01-23","purchased_purges":0,"victory":false,"max_hp_per_floor":[75,75,75,75,75,75,75,75,75,75,75,75,75,75,75,75,75,75,80,80,80,80,80,80,80,80,80,80,80,80,80,80,80,80,80,80,80,80,80,80,80,80,80,80,80,80,80,80,80,80],"card_choices":[{"not_picked":["Reinforced Body","Cold Snap"],"picked":"Sweeping Beam","floor":1},{"not_picked":["Conserve Battery","Hologram"],"picked":"Static Discharge","floor":5},{"not_picked":["Streamline","Go for the Eyes"],"picked":"Hologram","floor":6},{"not_picked":["Scrape","Go for the Eyes"],"picked":"Beam Cell","floor":8},{"not_picked":["Hologram","Buffer"],"picked":"Genetic Algorithm","floor":10},{"not_picked":["Fusion","Leap"],"picked":"Defragment","floor":12},{"not_picked":["Stack","Gash"],"picked":"Self Repair","floor":13},{"not_picked":["Ball Lightning","Leap"],"picked":"Redo","floor":15},{"not_picked":["Multi-Cast","Thunder Strike"],"picked":"Creative AI","floor":16},{"not_picked":["Tempest","Sweeping Beam+1"],"picked":"Defragment+1","floor":18},{"not_picked":["Sweeping Beam+1","Barrage"],"picked":"Reboot","floor":21},{"not_picked":["Rip and Tear","Redo"],"picked":"Coolheaded+1","floor":25},{"not_picked":["Stack+1","Conserve Battery"],"picked":"Skim","floor":28},{"not_picked":["Streamline","Defragment"],"picked":"Electrodynamics","floor":29},{"not_picked":["Leap","Coolheaded"],"picked":"Tempest+1","floor":31},{"not_picked":["Conserve Battery","Streamline+1"],"picked":"Sweeping Beam","floor":32},{"not_picked":["Creative AI","Buffer"],"picked":"Amplify","floor":33},{"not_picked":["Tempest+1","Go for the Eyes+1"],"picked":"Loop","floor":35},{"not_picked":["Stack","Conserve Battery+1"],"picked":"Force Field+1","floor":40},{"not_picked":["Tempest","Redo"],"picked":"Self Repair","floor":41},{"not_picked":["Leap+1","Steam Power"],"picked":"Streamline+1","floor":44},{"not_picked":["Stack+1","Aggregate+1"],"picked":"Sweeping Beam+1","floor":46},{"not_picked":["Redo+1","Compile Driver+1"],"picked":"Beam Cell+1","floor":48},{"not_picked":["Streamline+1","Go for the Eyes+1"],"picked":"Barrage+1","floor":49}],"player_experience":4473,"relics_obtained":[{"floor":6,"key":"Letter Opener"},{"floor":8,"key":"Dream Catcher"},{"floor":9,"key":"Pen Nib"},{"floor":26,"key":"Anchor"},{"floor":30,"key":"Shuriken"},{"floor":38,"key":"Ornamental Fan"},{"floor":43,"key":"Molten Egg 2"},{"floor":46,"key":"FossilizedHelix"},{"floor":48,"key":"Incense Burner"}],"event_choices":[{"damage_healed":0,"gold_gain":75,"player_choice":"Gather Gold","damage_taken":11,"max_hp_gain":0,"max_hp_loss":0,"event_name":"World of Goop","floor":2,"gold_loss":0},{"damage_healed":18,"gold_gain":0,"player_choice":"Healed","damage_taken":0,"max_hp_gain":0,"max_hp_loss":0,"event_name":"The Cleric","floor":3,"gold_loss":35},{"damage_healed":0,"gold_gain":0,"player_choice":"Entered Light","damage_taken":15,"max_hp_gain":0,"max_hp_loss":0,"event_name":"Shining Light","floor":4,"gold_loss":0,"cards_upgraded":["Zap","Defend_B"]},{"damage_healed":0,"gold_gain":0,"player_choice":"Shed Blood","damage_taken":19,"max_hp_gain":5,"max_hp_loss":0,"event_name":"Forgotten Altar","floor":19,"gold_loss":0},{"damage_healed":0,"gold_gain":0,"player_choice":"Simplicity","damage_taken":0,"max_hp_gain":0,"max_hp_loss":0,"event_name":"Back to Basics","floor":20,"gold_loss":0,"cards_upgraded":["Strike_B","Strike_B","Strike_B","Strike_B","Defend_B","Defend_B"]},{"damage_healed":0,"gold_gain":0,"player_choice":"Joined the Cult","damage_taken":6,"max_hp_gain":0,"max_hp_loss":0,"event_name":"Nest","floor":27,"gold_loss":0,"cards_obtained":["RitualDagger"]},{"damage_healed":0,"gold_gain":0,"player_choice":"Ignored","damage_taken":0,"max_hp_gain":0,"max_hp_loss":0,"event_name":"Tomb of Lord Red Mask","floor":36,"gold_loss":0},{"cards_removed":["Leap"],"damage_healed":0,"gold_gain":0,"player_choice":"Removed Skill","damage_taken":0,"max_hp_gain":0,"max_hp_loss":0,"event_name":"Falling","floor":37,"gold_loss":0},{"damage_healed":0,"gold_gain":0,"player_choice":"Fight","damage_taken":0,"max_hp_gain":0,"max_hp_loss":0,"event_name":"Mysterious Sphere","floor":46,"gold_loss":0},{"damage_healed":0,"gold_gain":0,"player_choice":"Fight","damage_taken":0,"max_hp_gain":0,"max_hp_loss":0,"event_name":"MindBloom","floor":48,"gold_loss":0}],"is_beta":false,"boss_relics":[{"not_picked":["Astrolabe","Coffee Dripper"],"picked":"White Beast Statue"},{"not_picked":["Cursed Key","Black Star"],"picked":"Inserter"}],"items_purged_floors":[],"is_endless":false,"potions_floor_spawned":[1,5,16,18,21,25,29,31,33,35,41,44,46,48],"killed_by":"Awakened One","ascension_level":0}