{"gold_per_floor":[114,114,114,133,8,8,8,8,8,20,47,47,67,84,84,162,162,172,187,200,200],"floor_reached":21,"playtime":552,"items_purged":["Strike_B"],"score":353,"play_id":"d3c77bd6-9758-4b2a-9b25-63f000f2d2e7","local_time":"20190521190312","is_ascension_mode":true,"campfire_choices":[{"data":"Zap","floor":6,"key":"SMITH"},{"data":"Leap","floor":8,"key":"SMITH"},{"floor":12,"key":"REST"},{"data":"Capacitor","floor":15,"key":"SMITH"}],"neow_cost":"NONE","seed_source_timestamp":46583767387200,"circlet_count":0,"master_deck":["AscendersBane","Strike_B+1","Strike_B+1","Defend_B","Defend_B","Defend_B","Defend_B","Zap+1","Dualcast","Rebound","Darkness","Melter","Leap+1","Capacitor+1","Cold Snap","Conserve Battery","Cold Snap","Electrodynamics","Steam"],"relics":["Cracked Core","NeowsBlessing","Orichalcum","Centennial Puzzle","Cursed Key"],"potions_floor_usage":[11,16],"damage_taken":[{"damage":0,"enemies":"Jaw Worm","floor":1,"turns":1},{"damage":0,"enemies":"Cultist","floor":4,"turns":1},{"damage":0,"enemies":"2 Louse","floor":10,"turns":1},{"damage":23,"enemies":"3 Sentries","floor":11,"turns":6},{"damage":5,"enemies":"Large Slime","floor":13,"turns":5},{"damage":2,"enemies":"Lots of Slimes","floor":14,"turns":4},{"damage":31,"enemies":"The Guardian","floor":16,"turns":13},{"damage":15,"enemies":"3 Byrds","floor":18,"turns":4},{"damage":0,"enemies":"Spheric Guardian","floor":19,"turns":1},{"damage":14,"enemies":"Snake Plant","floor":20,"turns":5},{"damage":35,"enemies":"Colosseum Slavers","floor":21,"turns":3}],"seed_played":"1160444990570791795","potions_obtained":[{"floor":4,"key":"FearPotion"},{"floor":10,"key":"Explosive Potion"},{"floor":13,"key":"Swift Potion"},{"floor":19,"key":"Fire Potion"}],"is_trial":false,"path_per_floor":["M","?","?","M","$","R","$","R","T","M","E","R","M","M","R","B",null,"M","M","M","?"],"character_chosen":"DEFECT","items_purchased":["Leap"],"campfire_rested":1,"item_purchase_floors":[5],"current_hp_per_floor":[64,43,43,43,43,43,43,43,43,43,20,41,36,34,34,3,54,39,39,25,0],"gold":200,"neow_bonus":"THREE_ENEMY_KILL","is_prod":false,"is_daily":false,"chose_seed":false,"campfire_upgraded":3,"win_rate":0,"timestamp":1558483392,"path_taken":["M","?","?","?","$","R","?","R","T","M","E","R","M","M","R","BOSS","M","M","M","?"],"build_version":"2019-01-23","purchased_purges":1,"victory":false,"max_hp_per_floor":[71,71,71,71,71,71,71,71,71,71,71,71,71,71,71,71,71,71,71,71,71],"card_choices":[{"not_picked":["Chill","Heatsinks"],"picked":"Rebound","floor":1},{"not_picked":["Steam","Conserve Battery"],"picked":"Melter","floor":4},{"not_picked":["Storm","Turbo"],"picked":"Capacitor","floor":10},{"not_picked":["Aggregate","Streamline"],"picked":"Cold Snap","floor":11},{"not_picked":["Leap","Beam Cell"],"picked":"Conserve Battery","floor":13},{"not_picked":["Leap","Compile Driver"],"picked":"Cold Snap","floor":14},{"not_picked":["Machine Learning","Multi-Cast"],"picked":"Electrodynamics","floor":16},{"not_picked":["Cold Snap","Scrape","Melter"],"picked":"SKIP","floor":18},{"not_picked":["Streamline","Barrage","Stack"],"picked":"SKIP","floor":19},{"not_picked":["Go for the Eyes","Storm"],"picked":"Steam","floor":20}],"player_experience":445579,"relics_obtained":[{"floor":9,"key":"Orichalcum"},{"floor":11,"key":"Centennial Puzzle"}],"event_choices":[{"damage_healed":0,"gold_gain":0,"player_choice":"Entered Light","damage_taken":21,"max_hp_gain":0,"max_hp_loss":0,"event_name":"Shining Light","floor":2,"gold_loss":0,"cards_upgraded":["Strike_B","Strike_B"]},{"damage_healed":0,"gold_gain":0,"cards_transformed":["Strike_B"],"player_choice":"Transformed","damage_taken":0,"max_hp_gain":0,"max_hp_loss":0,"event_name":"Transmorgrifier","floor":3,"gold_loss":0,"cards_obtained":["Darkness"]},{"damage_healed":0,"gold_gain":0,"player_choice":"Fight","damage_taken":0,"max_hp_gain":0,"max_hp_loss":0,"event_name":"Colosseum","floor":21,"gold_loss":0}],"is_beta":false,"boss_relics":[{"not_picked":["Pandora\u0027s Box","Astrolabe"],"picked":"Cursed Key"}],"items_purged_floors":[5],"is_endless":false,"potions_floor_spawned":[4,10,13,14,19,20],"killed_by":"Colosseum Slavers","ascension_level":19}