{"gold_per_floor":[116,18,37,49,63,63,97,97,97,128,128,148,158,158,158,236,286,297,314,314,76,0,34,34,34,34,52,71,71,87,121,121,194,194,214,226,85,85,101,101,127,127,202,31,31,51,104,115,115,115],"floor_reached":51,"playtime":1922,"items_purged":["Writhe","Strike_B"],"score":1302,"play_id":"f1814512-ed35-45fe-a590-daceb6b38ecf","local_time":"20190513013829","is_ascension_mode":true,"campfire_choices":[{"data":"Sweeping Beam","floor":6.0,"key":"SMITH"},{"floor":8.0,"key":"REST"},{"floor":15.0,"key":"REST"},{"data":"Zap","floor":24.0,"key":"SMITH"},{"floor":29.0,"key":"REST"},{"floor":32.0,"key":"REST"},{"data":"Consume","floor":40.0,"key":"SMITH"},{"data":"Coolheaded","floor":45,"key":"SMITH"},{"floor":49,"key":"REST"}],"neow_cost":"NONE","seed_source_timestamp":1330503565955204,"circlet_count":0,"master_deck":["AscendersBane","Strike_B","Strike_B","Strike_B","Defend_B","Defend_B","Defend_B","Defend_B","Zap+1","Dualcast","Core Surge","Coolheaded","Sweeping Beam+1","FTL","Compile Driver","Cold Snap","Steam+1","Cold Snap","Coolheaded+1","Leap","Creative AI+1","Melter","Glacier","Machine Learning+1","Echo Form+1","Electrodynamics+1","Core Surge","Consume+1","Defragment+1","Bandage Up","Parasite","BootSequence","Defragment+1"],"special_seed":0,"relics":["Cracked Core","DataDisk","Frozen Egg 2","Thread and Needle","Potion Belt","Tiny House","Mercury Hourglass","Bronze Scales","Nloth\u0027s Gift","Torii","Blood Vial","Inserter","Sundial","Bottled Lightning","Art of War","Dead Branch"],"potions_floor_usage":[47,50,50],"damage_taken":[{"damage":2.0,"enemies":"Jaw Worm","floor":1.0,"turns":3.0},{"damage":3.0,"enemies":"Small Slimes","floor":3.0,"turns":3.0},{"damage":7.0,"enemies":"2 Louse","floor":4.0,"turns":3.0},{"damage":18.0,"enemies":"Gremlin Gang","floor":5.0,"turns":5.0},{"damage":14.0,"enemies":"Gremlin Nob","floor":7.0,"turns":4.0},{"damage":20.0,"enemies":"3 Sentries","floor":10.0,"turns":5.0},{"damage":0.0,"enemies":"3 Louse","floor":12.0,"turns":3.0},{"damage":0.0,"enemies":"Looter","floor":13.0,"turns":3.0},{"damage":9.0,"enemies":"The Guardian","floor":16.0,"turns":15.0},{"damage":0.0,"enemies":"Spheric Guardian","floor":18.0,"turns":3.0},{"damage":21.0,"enemies":"3 Byrds","floor":19.0,"turns":5.0},{"damage":1.0,"enemies":"Gremlin Leader","floor":23.0,"turns":8.0},{"damage":1.0,"enemies":"Centurion and Healer","floor":27.0,"turns":6.0},{"damage":2.0,"enemies":"Snecko","floor":28.0,"turns":7.0},{"damage":9.0,"enemies":"Snake Plant","floor":30.0,"turns":5.0},{"damage":15.0,"enemies":"Slavers","floor":31.0,"turns":5.0},{"damage":48.0,"enemies":"Automaton","floor":33.0,"turns":10.0},{"damage":1.0,"enemies":"Orb Walker","floor":35.0,"turns":4.0},{"damage":6.0,"enemies":"3 Shapes","floor":36.0,"turns":5.0},{"damage":12.0,"enemies":"Writhing Mass","floor":39.0,"turns":9.0},{"damage":40,"enemies":"Reptomancer","floor":41,"turns":6},{"damage":0,"enemies":"4 Shapes","floor":46,"turns":3},{"damage":35,"enemies":"2 Orb Walkers","floor":47,"turns":4},{"damage":1,"enemies":"Sphere and 2 Shapes","floor":48,"turns":6},{"damage":30,"enemies":"Awakened One","floor":50,"turns":20}],"seed_played":"7878463900311820738","potions_obtained":[{"floor":3.0,"key":"Block Potion"},{"floor":4.0,"key":"SneckoOil"},{"floor":12.0,"key":"FearPotion"},{"floor":17.0,"key":"GamblersBrew"},{"floor":19.0,"key":"Explosive Potion"},{"floor":23.0,"key":"AttackPotion"},{"floor":30.0,"key":"Explosive Potion"},{"floor":33.0,"key":"GamblersBrew"},{"floor":41,"key":"SpeedPotion"},{"floor":46,"key":"Strength Potion"},{"floor":47,"key":"Poison Potion"}],"is_trial":false,"path_per_floor":["M","$","M","M","M","R","E","R","T","E","?","M","M","?","R","B",null,"M","M","?","$","?","E","R","?","T","M","M","R","M","E","R","B",null,"M","M","$","?","M","R","E","?","T","$","R","M","?","M","R","B",null],"character_chosen":"DEFECT","items_purchased":["Sweeping Beam","FTL","Happy Flower","Defragment+1","Art of War"],"campfire_rested":5,"item_purchase_floors":[2,2,21,37,44],"current_hp_per_floor":[62,62,59,52,34,34,20,41,41,21,21,21,21,21,42,33,67,67,46,46,46,46,45,45,45,45,44,42,64,55,40,62,16,61,62,58,58,58,52,52,18,62,62,62,62,62,31,40,58,34],"gold":115,"neow_bonus":"ONE_RANDOM_RARE_CARD","is_prod":false,"is_daily":false,"chose_seed":false,"campfire_upgraded":4,"win_rate":0,"timestamp":1557729509,"path_taken":["M","$","M","M","M","R","E","R","T","E","?","M","M","?","R","BOSS","M","M","?","$","?","E","R","?","T","M","M","R","M","E","R","BOSS","M","?","$","?","M","R","E","?","T","$","R","M","?","M","R","BOSS"],"build_version":"2019-01-23","purchased_purges":2,"victory":true,"max_hp_per_floor":[71,71,71,71,71,71,71,71,71,71,71,71,71,71,71,71,76,76,76,76,76,76,76,76,76,76,76,76,76,76,76,76,76,76,76,76,76,76,76,76,76,62,62,62,62,62,62,62,62,62],"card_choices":[{"not_picked":["Compile Driver","Gash"],"picked":"Coolheaded","floor":1.0},{"not_picked":["Turbo","Coolheaded"],"picked":"Compile Driver","floor":3.0},{"not_picked":["Steam Power","Conserve Battery"],"picked":"Cold Snap","floor":4.0},{"not_picked":["Creative AI","Turbo"],"picked":"Steam","floor":5.0},{"not_picked":["Beam Cell","Stack"],"picked":"Cold Snap","floor":7.0},{"not_picked":["Sweeping Beam","Ball Lightning"],"picked":"Coolheaded","floor":10.0},{"not_picked":["Genetic Algorithm","Compile Driver"],"picked":"Leap","floor":12.0},{"not_picked":["Redo","Skim","Ball Lightning"],"picked":"SKIP","floor":13.0},{"not_picked":["Rainbow","Reboot"],"picked":"Creative AI+1","floor":16.0},{"not_picked":["Ball Lightning","Sweeping Beam"],"picked":"Melter","floor":17.0},{"not_picked":["Scrape+1","Rebound","Redo"],"picked":"SKIP","floor":18.0},{"not_picked":["Rip and Tear","Ball Lightning"],"picked":"Glacier","floor":19.0},{"not_picked":["Sunder+1","FTL"],"picked":"Machine Learning+1","floor":23.0},{"not_picked":["Turbo","Amplify","Doom and Gloom"],"picked":"SKIP","floor":27.0},{"not_picked":["Redo","Barrage"],"picked":"Echo Form+1","floor":28.0},{"not_picked":["Steam","Beam Cell","Scrape"],"picked":"SKIP","floor":30.0},{"not_picked":["Multi-Cast","Stack"],"picked":"Electrodynamics+1","floor":31.0},{"not_picked":["Fission","Creative AI+1"],"picked":"Core Surge","floor":33.0},{"not_picked":["Reboot","Cold Snap"],"picked":"Consume","floor":35.0},{"not_picked":["Redo","Stack","Sweeping Beam+1"],"picked":"SKIP","floor":36.0},{"not_picked":["Enlightenment","Good Instincts"],"picked":"Bandage Up","floor":38.0},{"not_picked":["Conserve Battery","Gash+1"],"picked":"BootSequence","floor":39.0},{"not_picked":["Go for the Eyes","Lockon+1","Rebound+1"],"picked":"SKIP","floor":41},{"not_picked":["Streamline+1","Chaos","Hologram"],"picked":"SKIP","floor":46},{"not_picked":["Storm+1","Leap"],"picked":"Defragment+1","floor":47},{"not_picked":["Chaos+1","Rip and Tear+1","Steam+1"],"picked":"SKIP","floor":48}],"player_experience":414231,"relics_obtained":[{"floor":7.0,"key":"DataDisk"},{"floor":9.0,"key":"Frozen Egg 2"},{"floor":10.0,"key":"Thread and Needle"},{"floor":23.0,"key":"Bronze Scales"},{"floor":26.0,"key":"Torii"},{"floor":31.0,"key":"Blood Vial"},{"floor":41,"key":"Sundial"},{"floor":43,"key":"Bottled Lightning"},{"floor":47,"key":"Dead Branch"}],"event_choices":[{"damage_healed":0.0,"max_hp_gain":0.0,"max_hp_loss":0.0,"gold_gain":0.0,"event_name":"Dead Adventurer","player_choice":"Searched \u00271\u0027 times","floor":11.0,"gold_loss":0.0,"damage_taken":0.0,"relics_obtained":["Potion Belt"]},{"damage_healed":0.0,"max_hp_gain":0.0,"max_hp_loss":0.0,"gold_gain":0.0,"event_name":"Liars Game","player_choice":"Ignored","floor":14.0,"gold_loss":0.0,"damage_taken":0.0},{"damage_healed":0.0,"max_hp_gain":0.0,"max_hp_loss":0.0,"gold_gain":0.0,"event_name":"The Mausoleum","player_choice":"Opened","floor":20.0,"gold_loss":0.0,"damage_taken":0.0,"relics_obtained":["Mercury Hourglass"],"cards_obtained":["Writhe"]},{"damage_healed":0.0,"max_hp_gain":0.0,"max_hp_loss":0.0,"gold_gain":0.0,"event_name":"Masked Bandits","player_choice":"Paid Fearfully","floor":22.0,"gold_loss":76.0,"damage_taken":0.0},{"damage_healed":0.0,"max_hp_gain":0.0,"max_hp_loss":0.0,"gold_gain":0.0,"event_name":"N\u0027loth","player_choice":"Traded Relic","floor":25.0,"relics_lost":["Happy Flower"],"gold_loss":0.0,"damage_taken":0.0,"relics_obtained":["Nloth\u0027s Gift"]},{"damage_healed":0.0,"max_hp_gain":0.0,"max_hp_loss":0.0,"gold_gain":0.0,"event_name":"SensoryStone","player_choice":"Memory 1","floor":38.0,"gold_loss":0.0,"damage_taken":0.0},{"damage_healed":62,"gold_gain":0,"player_choice":"Heal","damage_taken":0,"max_hp_gain":0,"max_hp_loss":14,"event_name":"The Moai Head","floor":42,"gold_loss":0},{"damage_healed":0,"gold_gain":0,"player_choice":"Fight","damage_taken":0,"max_hp_gain":0,"max_hp_loss":0,"event_name":"Mysterious Sphere","floor":47,"gold_loss":0}],"is_beta":false,"boss_relics":[{"not_picked":["Empty Cage","White Beast Statue"],"picked":"Tiny House"},{"not_picked":["Lizard Tail","Velvet Choker"],"picked":"Inserter"}],"items_purged_floors":[21,37],"is_endless":false,"potions_floor_spawned":[3,4,12,19,23,30,33,41,46,47],"ascension_level":17}