{"gold_per_floor":[111,36,36,36,48,48,80,80,80,106,106,138,138,138,138,210,210,220,270,288,49,24,24,24],"floor_reached":24,"playtime":547,"items_purged":["Strike_B"],"score":416,"play_id":"f7761c7f-f3e2-44dc-bc2c-36381c1d8750","local_time":"20190528011506","is_ascension_mode":true,"campfire_choices":[{"data":"Rebound","floor":6,"key":"SMITH"},{"floor":8,"key":"REST"},{"floor":11,"key":"REST"},{"floor":15,"key":"REST"},{"floor":23,"key":"REST"}],"neow_cost":"NONE","seed_source_timestamp":587317495981661,"circlet_count":0,"master_deck":["AscendersBane","Strike_B+1","Defend_B","Defend_B","Defend_B+1","Defend_B+1","Zap+1","Dualcast","Rebound+1","Conserve Battery","Ball Lightning+1","Biased Cognition","Leap","Seek","Cold Snap+1","Steam"],"relics":["Cracked Core","Juzu Bracelet","Whetstone","Blue Candle","Blood Vial","Centennial Puzzle","SsserpentHead","Eternal Feather","Anchor"],"potions_floor_usage":[10,16],"damage_taken":[{"damage":4,"enemies":"Jaw Worm","floor":1,"turns":4},{"damage":0,"enemies":"Small Slimes","floor":5,"turns":2},{"damage":43,"enemies":"3 Sentries","floor":7,"turns":8},{"damage":11,"enemies":"Gremlin Nob","floor":10,"turns":3},{"damage":23,"enemies":"Lagavulin","floor":12,"turns":5},{"damage":15,"enemies":"The Guardian","floor":16,"turns":8},{"damage":39,"enemies":"3 Byrds","floor":18,"turns":4},{"damage":6,"enemies":"Shell Parasite","floor":20,"turns":6},{"damage":51,"enemies":"Slavers","floor":24,"turns":5}],"seed_played":"4451021243719492525","potions_obtained":[{"floor":7,"key":"Poison Potion"},{"floor":10,"key":"Ancient Potion"}],"is_trial":false,"path_per_floor":["M","?","$","?","M","R","E","R","T","E","R","E","?","?","R","B",null,"M","?","M","$","?","R","E"],"character_chosen":"DEFECT","items_purchased":["Anchor"],"campfire_rested":4,"item_purchase_floors":[21],"current_hp_per_floor":[60,60,60,60,60,60,17,38,38,27,48,27,6,6,27,14,57,20,20,16,16,16,46,0],"gold":24,"neow_bonus":"RANDOM_COMMON_RELIC","is_prod":false,"is_daily":false,"chose_seed":false,"campfire_upgraded":1,"win_rate":0,"timestamp":1559024106,"path_taken":["M","?","$","?","M","R","E","R","T","E","R","E","?","?","R","BOSS","M","?","M","$","?","R","E"],"build_version":"2019-01-23","purchased_purges":1,"victory":false,"max_hp_per_floor":[71,71,71,71,71,71,71,71,71,71,71,71,71,71,71,71,71,71,71,71,71,71,71,71],"card_choices":[{"not_picked":["Compile Driver","Beam Cell"],"picked":"Rebound","floor":1},{"not_picked":["Hologram","Go for the Eyes"],"picked":"Conserve Battery","floor":5},{"not_picked":["Rip and Tear","Compile Driver"],"picked":"Ball Lightning","floor":7},{"not_picked":["Self Repair","Streamline"],"picked":"Biased Cognition","floor":10},{"not_picked":["Beam Cell","Double Energy"],"picked":"Leap","floor":12},{"not_picked":["Reboot","Amplify"],"picked":"Seek","floor":16},{"not_picked":["Steam+1","Defragment"],"picked":"Cold Snap+1","floor":18},{"not_picked":["Skim","Chaos"],"picked":"Steam","floor":20}],"player_experience":470625,"relics_obtained":[{"floor":7,"key":"Whetstone"},{"floor":9,"key":"Blue Candle"},{"floor":10,"key":"Blood Vial"},{"floor":12,"key":"Centennial Puzzle"}],"event_choices":[{"cards_removed":["Strike_B"],"damage_healed":0,"gold_gain":0,"player_choice":"Card Removal","damage_taken":0,"max_hp_gain":0,"max_hp_loss":0,"event_name":"The Cleric","floor":2,"gold_loss":75},{"damage_healed":0,"gold_gain":0,"player_choice":"Grow","damage_taken":0,"max_hp_gain":0,"max_hp_loss":0,"event_name":"Living Wall","floor":4,"gold_loss":0,"cards_upgraded":["Zap"]},{"damage_healed":0,"gold_gain":0,"player_choice":"Entered Light","damage_taken":21,"max_hp_gain":0,"max_hp_loss":0,"event_name":"Shining Light","floor":13,"gold_loss":0,"cards_upgraded":["Defend_B","Defend_B"]},{"damage_healed":0,"gold_gain":0,"player_choice":"Trade","damage_taken":0,"relics_obtained":["SsserpentHead"],"max_hp_gain":0,"max_hp_loss":0,"event_name":"FaceTrader","floor":14,"gold_loss":0},{"damage_healed":0,"gold_gain":0,"player_choice":"Ignored","damage_taken":0,"max_hp_gain":0,"max_hp_loss":0,"event_name":"Cursed Tome","floor":19,"gold_loss":0},{"cards_removed":["Strike_B"],"damage_healed":0,"gold_gain":0,"player_choice":"Gave Gold","damage_taken":0,"max_hp_gain":0,"max_hp_loss":0,"event_name":"Beggar","floor":22,"gold_loss":75}],"is_beta":false,"boss_relics":[{"not_picked":["Ectoplasm","Velvet Choker"],"picked":"Eternal Feather"}],"items_purged_floors":[21],"is_endless":false,"potions_floor_spawned":[7,10],"killed_by":"Slavers","ascension_level":20}