{"gold_per_floor":[110,123,138,138,138,172,182,182,230,250,250,268,303,313,313,411,411,430,445,462,462,462,487,487],"floor_reached":24,"playtime":1364,"items_purged":[],"score":230,"play_id":"6de25bcc-bc17-4418-85e3-927248428a29","local_time":"20190210172304","is_ascension_mode":false,"campfire_choices":[{"floor":8,"key":"REST"},{"floor":15,"key":"REST"}],"neow_cost":"NONE","seed_source_timestamp":2127042790286341,"circlet_count":0,"master_deck":["Strike_R","Strike_R","Strike_R","Strike_R","Strike_R","Defend_R","Defend_R","Defend_R","Bash+1","Rupture","Clash","Dual Wield+1","Regret","Perfected Strike","Pommel Strike","Pommel Strike","Rage","Bloodletting","Perfected Strike","Brutality","Anger","Rupture+1","Anger","Clash+1"],"relics":["Burning Blood","Letter Opener","Happy Flower","Ancient Tea Set","Sundial","Eternal Feather","Gambling Chip","Shuriken"],"potions_floor_usage":[12,13,20,23,23,23],"damage_taken":[{"damage":10,"enemies":"Small Slimes","floor":1,"turns":3},{"damage":0,"enemies":"2 Louse","floor":2,"turns":2},{"damage":1,"enemies":"Cultist","floor":3,"turns":3},{"damage":57,"enemies":"3 Sentries","floor":6,"turns":11},{"damage":21,"enemies":"Exordium Wildlife","floor":7,"turns":3},{"damage":17,"enemies":"Looter","floor":10,"turns":3},{"damage":4,"enemies":"Gremlin Gang","floor":12,"turns":3},{"damage":14,"enemies":"Gremlin Nob","floor":13,"turns":3},{"damage":4,"enemies":"3 Louse","floor":14,"turns":3},{"damage":17,"enemies":"Slime Boss","floor":16,"turns":6},{"damage":3,"enemies":"Shell Parasite","floor":18,"turns":2},{"damage":31,"enemies":"3 Byrds","floor":19,"turns":5},{"damage":54,"enemies":"3 Cultists","floor":20,"turns":5},{"damage":23,"enemies":"Slavers","floor":23,"turns":4},{"damage":0,"enemies":"Snecko","floor":24,"turns":2}],"seed_played":"-2925443781317559","potions_obtained":[{"floor":1,"key":"AttackPotion"},{"floor":2,"key":"GamblersBrew"},{"floor":7,"key":"GamblersBrew"},{"floor":13,"key":"Dexterity Potion"},{"floor":14,"key":"Fire Potion"},{"floor":19,"key":"Regen Potion"},{"floor":20,"key":"BloodPotion"}],"is_trial":false,"path_per_floor":["M","M","M","?","?","E","M","R","T","M","?","M","E","M","R","B",null,"M","M","M","?","T","E","M"],"character_chosen":"IRONCLAD","items_purchased":[],"campfire_rested":2,"item_purchase_floors":[],"current_hp_per_floor":[76,80,80,80,80,29,14,38,38,27,27,29,21,23,47,36,80,80,55,16,16,16,7,7],"gold":487,"neow_bonus":"UPGRADE_CARD","is_prod":false,"is_daily":false,"chose_seed":false,"campfire_upgraded":0,"win_rate":0.0,"timestamp":1549840984,"path_taken":["M","M","M","?","?","E","M","R","T","M","?","M","E","M","R","BOSS","M","M","M","?","?","E","M"],"build_version":"2019-01-23","purchased_purges":0,"victory":false,"max_hp_per_floor":[80,80,80,80,80,80,80,80,80,80,80,80,80,80,80,80,80,80,80,80,80,80,80,80],"card_choices":[{"not_picked":["Infernal Blade","Warcry"],"picked":"Rupture","floor":1},{"not_picked":["Inflame","Corruption"],"picked":"Clash","floor":2},{"not_picked":["Headbutt","Entrench"],"picked":"Dual Wield","floor":3},{"not_picked":["Iron Wave","Second Wind"],"picked":"Perfected Strike","floor":6},{"not_picked":["Flex","Warcry"],"picked":"Pommel Strike","floor":7},{"not_picked":["Bludgeon","Sword Boomerang"],"picked":"Pommel Strike","floor":10},{"not_picked":["Warcry","Sword Boomerang"],"picked":"Rage","floor":12},{"not_picked":["Feel No Pain","Seeing Red"],"picked":"Bloodletting","floor":13},{"not_picked":["Twin Strike","Second Wind"],"picked":"Perfected Strike","floor":14},{"not_picked":["Dark Embrace","Feed"],"picked":"Brutality","floor":16},{"not_picked":["Clothesline","Body Slam"],"picked":"Anger","floor":18},{"not_picked":["Flex","Corruption+1"],"picked":"Rupture+1","floor":19},{"not_picked":["Bludgeon","Warcry"],"picked":"Anger","floor":20},{"not_picked":["Feed","Flame Barrier"],"picked":"Clash+1","floor":23}],"player_experience":28156,"relics_obtained":[{"floor":6,"key":"Happy Flower"},{"floor":9,"key":"Ancient Tea Set"},{"floor":13,"key":"Sundial"},{"floor":22,"key":"Gambling Chip"},{"floor":23,"key":"Shuriken"}],"event_choices":[{"cards_removed":["Defend_R"],"damage_healed":0,"gold_gain":0,"player_choice":"Forget","damage_taken":0,"max_hp_gain":0,"max_hp_loss":0,"event_name":"Living Wall","floor":4,"gold_loss":0},{"damage_healed":0,"gold_gain":0,"player_choice":"Box","damage_taken":0,"relics_obtained":["Letter Opener"],"max_hp_gain":0,"max_hp_loss":0,"event_name":"Big Fish","floor":5,"gold_loss":0,"cards_obtained":["Regret"]},{"damage_healed":0,"gold_gain":0,"player_choice":"Upgraded","damage_taken":0,"max_hp_gain":0,"max_hp_loss":0,"event_name":"Upgrade Shrine","floor":11,"gold_loss":0,"cards_upgraded":["Dual Wield"]},{"damage_healed":0,"gold_gain":0,"player_choice":"Ignored","damage_taken":0,"max_hp_gain":0,"max_hp_loss":0,"event_name":"Vampires","floor":21,"gold_loss":0}],"is_beta":false,"boss_relics":[{"not_picked":["Mark of Pain","Snecko Eye"],"picked":"Eternal Feather"}],"items_purged_floors":[],"is_endless":false,"potions_floor_spawned":[1,2,7,13,14,16,19,20],"killed_by":"Snecko","ascension_level":0}