{"gold_per_floor":[13,13,33,33,208,239,239,239,239,239,15,15,32,52,52,156,156,168,268,268,1,1,1,18,18,18,18,18,45,3,34,34,132,132,142,11,27,46,66,96,96,107,158,177,177,54,54,73,73,73,73,73,73,106,106],"floor_reached":55,"playtime":3736,"items_purged":["Doubt","Poisoned Stab"],"score":731,"play_id":"acbbcf74-a0ba-4632-bae3-b9b7ea18bf9a","local_time":"20190520225147","is_ascension_mode":false,"campfire_choices":[{"floor":7.0,"key":"REST"},{"data":"1","floor":10.0,"key":"LIFT"},{"data":"2","floor":12.0,"key":"LIFT"},{"data":"3","floor":15.0,"key":"LIFT"},{"floor":23.0,"key":"REST"},{"data":"Dash","floor":25.0,"key":"SMITH"},{"data":"A Thousand Cuts","floor":27.0,"key":"SMITH"},{"data":"Tactician","floor":32.0,"key":"SMITH"},{"data":"Writhe","floor":41.0,"key":"PURGE"},{"data":"Storm of Steel","floor":45.0,"key":"SMITH"},{"floor":49,"key":"RECALL"},{"data":"Adrenaline","floor":52,"key":"SMITH"}],"neow_cost":"NO_GOLD","seed_source_timestamp":0,"circlet_count":0,"master_deck":["Survivor","Neutralize","Unload","Eviscerate+1","Dash+1","Backflip","Dash+1","Corpse Explosion","Blur+1","A Thousand Cuts+1","Tactician+1","RitualDagger","Escape Plan","Finesse","Distraction+1","Bullet Time+1","Storm of Steel+1","Adrenaline+1","Endless Agony","Backflip+1","Doppelganger","Phantasmal Killer","Skewer+1","Footwork+1","Outmaneuver+1","Purity","Prepared+1"],"special_seed":0,"relics":["Ring of the Snake","Happy Flower","Vajra","Girya","Lantern","Sozu","Pocketwatch","Mercury Hourglass","Membership Card","Bag of Preparation","Bag of Marbles","Paper Crane","Potion Belt","Pandora\u0027s Box","Kunai","Peace Pipe","Pen Nib","War Paint","Whetstone"],"potions_floor_usage":[],"damage_taken":[{"damage":0.0,"enemies":"Cultist","floor":1.0,"turns":3.0},{"damage":5.0,"enemies":"2 Louse","floor":3.0,"turns":3.0},{"damage":15.0,"enemies":"Gremlin Nob","floor":6.0,"turns":5.0},{"damage":0.0,"enemies":"Small Slimes","floor":13.0,"turns":2.0},{"damage":0.0,"enemies":"3 Louse","floor":14.0,"turns":3.0},{"damage":49.0,"enemies":"Slime Boss","floor":16.0,"turns":11.0},{"damage":10.0,"enemies":"2 Thieves","floor":18.0,"turns":2.0},{"damage":0.0,"enemies":"Colosseum Slavers","floor":19.0,"turns":2.0},{"damage":7.0,"enemies":"Colosseum Nobs","floor":19.0,"turns":5.0},{"damage":0.0,"enemies":"Chosen","floor":24.0,"turns":3.0},{"damage":9.0,"enemies":"Slavers","floor":29.0,"turns":3.0},{"damage":5.0,"enemies":"Gremlin Leader","floor":31.0,"turns":5.0},{"damage":41.0,"enemies":"Automaton","floor":33.0,"turns":10.0},{"damage":0.0,"enemies":"3 Shapes","floor":35.0,"turns":1.0},{"damage":0.0,"enemies":"Orb Walker","floor":37.0,"turns":1.0},{"damage":5.0,"enemies":"Sphere and 2 Shapes","floor":38.0,"turns":3.0},{"damage":0.0,"enemies":"Writhing Mass","floor":39.0,"turns":2.0},{"damage":0.0,"enemies":"Nemesis","floor":40.0,"turns":3.0},{"damage":0.0,"enemies":"Transient","floor":42.0,"turns":5.0},{"damage":0.0,"enemies":"3 Darklings","floor":44.0,"turns":1.0},{"damage":0.0,"enemies":"Maw","floor":48.0,"turns":6.0},{"damage":10,"enemies":"Awakened One","floor":50,"turns":15},{"damage":21,"enemies":"Shield and Spear","floor":54,"turns":5},{"damage":50,"enemies":"The Heart","floor":55,"turns":3}],"seed_played":"1839102579255440520","potions_obtained":[{"floor":13.0,"key":"SteroidPotion"},{"floor":14.0,"key":"Ancient Potion"}],"is_trial":false,"path_per_floor":["M","?","M","?","?","E","R","?","T","R","$","R","M","M","R","B",null,"M","?","?","$","?","R","M","R","T","R","?","E","$","E","R","B",null,"M","$","M","M","M","E","R","M","T","M","R","$","?","M","R","B",null,"R","$","E","B"],"character_chosen":"THE_SILENT","items_purchased":["Lantern","Membership Card","Bag of Preparation","Finesse","Kunai","War Paint"],"campfire_rested":2,"item_purchase_floors":[11,21,21,30,36,46],"current_hp_per_floor":[70,63,58,46,46,31,52,52,52,52,52,52,52,52,52,3,70,60,53,53,53,47,68,68,68,68,68,68,59,59,54,54,13,70,70,70,70,65,65,65,65,65,65,65,65,65,65,65,65,55,70,70,70,49,0],"gold":106,"neow_bonus":"THREE_RARE_CARDS","is_prod":false,"is_daily":false,"chose_seed":false,"campfire_upgraded":5,"win_rate":0,"timestamp":1558417907,"path_taken":["M","?","M","?","?","E","R","?","T","R","$","R","M","M","R","BOSS","M","?","?","$","?","R","M","R","T","R","?","E","$","E","R","BOSS","M","$","M","M","M","E","R","M","T","M","R","$","?","M","R","BOSS","R","$","E","BOSS"],"build_version":"2019-01-23","purchased_purges":2,"victory":false,"max_hp_per_floor":[70,70,70,70,70,70,70,70,70,70,70,70,70,70,70,70,70,70,70,70,70,70,70,70,70,70,70,70,70,70,70,70,70,70,70,70,70,70,70,70,70,70,70,70,70,70,70,70,70,70,70,70,70,70,70],"card_choices":[{"not_picked":["Adrenaline","Doppelganger"],"picked":"Unload","floor":0.0},{"not_picked":["Acrobatics","Dagger Spray"],"picked":"Eviscerate","floor":1.0},{"not_picked":["Deflect","Prepared"],"picked":"Dash","floor":3.0},{"not_picked":["Slice","PiercingWail"],"picked":"Backflip","floor":6.0},{"not_picked":["Dagger Throw","Prepared"],"picked":"Dash","floor":13.0},{"not_picked":["Choke","Concentrate","Poisoned Stab"],"picked":"SKIP","floor":14.0},{"not_picked":["Night Terror","Glass Knife"],"picked":"Corpse Explosion","floor":16.0},{"not_picked":["Setup","Blade Dance","Sucker Punch"],"picked":"SKIP","floor":18.0},{"not_picked":["Flying Knee","Setup"],"picked":"Blur+1","floor":19.0},{"not_picked":["Dagger Throw","Masterful Stab"],"picked":"Escape Plan","floor":24.0},{"not_picked":["Quick Slash","Masterful Stab","Flying Knee"],"picked":"SKIP","floor":29.0},{"not_picked":["Bane","Well Laid Plans"],"picked":"Distraction+1","floor":31.0},{"not_picked":["Burst","Tools of the Trade"],"picked":"Bullet Time","floor":33.0},{"not_picked":["Choke","Accuracy"],"picked":"Skewer","floor":35.0},{"not_picked":["Slice+1","Dagger Spray","Expertise"],"picked":"SKIP","floor":37.0},{"not_picked":["Prepared","Flying Knee","Sucker Punch"],"picked":"SKIP","floor":38.0},{"not_picked":["Sucker Punch","Blade Dance","Accuracy"],"picked":"SKIP","floor":39.0},{"not_picked":["Bouncing Flask","Phantasmal Killer"],"picked":"Footwork+1","floor":40.0},{"not_picked":["Bane","Riddle With Holes+1"],"picked":"Outmaneuver+1","floor":42.0},{"not_picked":["Distraction+1","Crippling Poison","Dash+1"],"picked":"SKIP","floor":44.0},{"not_picked":["Bandage Up","Deep Breath"],"picked":"Purity","floor":47.0},{"not_picked":["Distraction+1","Backstab+1"],"picked":"Prepared+1","floor":48},{"not_picked":["Infinite Blades","Calculated Gamble","Deadly Poison+1"],"picked":"SKIP","floor":54}],"player_experience":232618,"relics_obtained":[{"floor":6.0,"key":"Vajra"},{"floor":9.0,"key":"Girya"},{"floor":19.0,"key":"Pocketwatch"},{"floor":19.0,"key":"Mercury Hourglass"},{"floor":29.0,"key":"Paper Crane"},{"floor":31.0,"key":"Potion Belt"},{"floor":40.0,"key":"Peace Pipe"},{"floor":43.0,"key":"Pen Nib"},{"floor":54,"key":"Whetstone"}],"event_choices":[{"cards_removed":["Strike_G"],"damage_healed":0.0,"max_hp_gain":0.0,"max_hp_loss":0.0,"gold_gain":0.0,"event_name":"Golden Wing","player_choice":"Card Removal","floor":2.0,"gold_loss":0.0,"damage_taken":7.0},{"damage_healed":0.0,"max_hp_gain":0.0,"max_hp_loss":0.0,"gold_gain":0.0,"event_name":"Scrap Ooze","player_choice":"Success","floor":4.0,"gold_loss":0.0,"damage_taken":12.0,"relics_obtained":["Happy Flower"]},{"damage_healed":0.0,"max_hp_gain":0.0,"max_hp_loss":0.0,"gold_gain":175.0,"event_name":"Liars Game","player_choice":"AGREE","floor":5.0,"gold_loss":0.0,"damage_taken":0.0,"cards_obtained":["Doubt"]},{"damage_healed":0.0,"max_hp_gain":0.0,"max_hp_loss":0.0,"gold_gain":0.0,"event_name":"Living Wall","player_choice":"Grow","floor":8.0,"gold_loss":0.0,"damage_taken":0.0,"cards_upgraded":["Eviscerate"]},{"damage_healed":0.0,"max_hp_gain":0.0,"max_hp_loss":0.0,"gold_gain":0.0,"event_name":"Colosseum","player_choice":"Fight","floor":19.0,"gold_loss":0.0,"damage_taken":0.0},{"damage_healed":0.0,"max_hp_gain":0.0,"max_hp_loss":0.0,"gold_gain":0.0,"event_name":"Colosseum","player_choice":"Fought Nobs","floor":19.0,"gold_loss":0.0,"damage_taken":0.0},{"damage_healed":0.0,"max_hp_gain":0.0,"max_hp_loss":0.0,"gold_gain":0.0,"cards_transformed":["Strike_G","Defend_G"],"event_name":"Drug Dealer","player_choice":"Became Test Subject","floor":20.0,"gold_loss":0.0,"damage_taken":0.0,"cards_obtained":["A Thousand Cuts","Tactician"]},{"damage_healed":0.0,"max_hp_gain":0.0,"max_hp_loss":0.0,"gold_gain":0.0,"event_name":"Nest","player_choice":"Joined the Cult","floor":22.0,"gold_loss":0.0,"damage_taken":6.0,"cards_obtained":["RitualDagger"]},{"damage_healed":0.0,"max_hp_gain":0.0,"max_hp_loss":0.0,"gold_gain":0.0,"event_name":"The Mausoleum","player_choice":"Opened","floor":28.0,"gold_loss":0.0,"damage_taken":0.0,"relics_obtained":["Bag of Marbles"],"cards_obtained":["Writhe"]},{"damage_healed":0.0,"max_hp_gain":0.0,"max_hp_loss":0.0,"gold_gain":0.0,"event_name":"SensoryStone","player_choice":"Memory 1","floor":47.0,"gold_loss":0.0,"damage_taken":0.0}],"is_beta":false,"boss_relics":[{"not_picked":["Cursed Key","Fusion Hammer"],"picked":"Sozu"},{"not_picked":["Philosopher\u0027s Stone","Orrery"],"picked":"Pandora\u0027s Box"}],"items_purged_floors":[11,46],"is_endless":false,"potions_floor_spawned":[13,14,18,19,24,35,39,42,44],"killed_by":"The Heart","ascension_level":0}