{"gold_per_floor":[117,137,137,149,74,105,161,173,173,184,184,196,207,223,223,223],"floor_reached":16,"playtime":1122,"items_purged":["Strike_R"],"score":106,"play_id":"ff2318a7-5ebf-4d29-9567-f92e98603a96","local_time":"20190515185452","is_ascension_mode":false,"campfire_choices":[{"data":"Pommel Strike","floor":11,"key":"SMITH"},{"floor":15,"key":"REST"}],"neow_cost":"NONE","seed_source_timestamp":70065589319080,"circlet_count":0,"master_deck":["Strike_R","Strike_R","Strike_R","Strike_R","Defend_R","Defend_R","Defend_R","Defend_R","Bash+1","Bludgeon","Ghostly Armor","Pommel Strike+1","Shrug It Off","Evolve","Inflame","Heavy Blade","Warcry"],"relics":["Burning Blood","Anchor","Happy Flower"],"potions_floor_usage":[],"damage_taken":[{"damage":5,"enemies":"2 Louse","floor":1,"turns":3},{"damage":0,"enemies":"Small Slimes","floor":2,"turns":4},{"damage":0,"enemies":"Cultist","floor":4,"turns":3},{"damage":41,"enemies":"3 Sentries","floor":6,"turns":10},{"damage":0,"enemies":"Red Slaver","floor":8,"turns":3},{"damage":3,"enemies":"2 Fungi Beasts","floor":10,"turns":3},{"damage":7,"enemies":"Large Slime","floor":12,"turns":5},{"damage":28,"enemies":"Gremlin Gang","floor":13,"turns":6},{"damage":0,"enemies":"3 Louse","floor":14,"turns":4},{"damage":68,"enemies":"The Guardian","floor":16,"turns":11}],"seed_played":"-1157590090493703800","potions_obtained":[{"floor":1,"key":"EssenceOfSteel"},{"floor":2,"key":"Explosive Potion"},{"floor":6,"key":"SteroidPotion"}],"is_trial":false,"path_per_floor":["M","M","?","M","$","E","?","M","T","M","R","M","M","M","R","B"],"character_chosen":"IRONCLAD","items_purchased":[],"campfire_rested":1,"item_purchase_floors":[],"current_hp_per_floor":[80,80,80,80,80,45,45,51,51,54,54,53,31,37,61,0],"gold":223,"neow_bonus":"ONE_RANDOM_RARE_CARD","is_prod":false,"is_daily":false,"chose_seed":false,"campfire_upgraded":1,"win_rate":0,"timestamp":1557971692,"path_taken":["M","M","?","M","$","E","?","M","T","M","R","M","M","M","R","BOSS"],"build_version":"2019-01-23","purchased_purges":1,"victory":false,"max_hp_per_floor":[80,80,80,80,80,80,80,80,80,80,80,80,80,80,80,80],"card_choices":[{"not_picked":["Rampage","Anger"],"picked":"Ghostly Armor","floor":1},{"not_picked":["Clothesline","Headbutt"],"picked":"Pommel Strike","floor":2},{"not_picked":["Corruption","Clothesline"],"picked":"Shrug It Off","floor":4},{"not_picked":["Burning Pact","Dropkick"],"picked":"Evolve","floor":6},{"not_picked":["Corruption","Intimidate","Headbutt"],"picked":"SKIP","floor":8},{"not_picked":["Armaments","Clash"],"picked":"Inflame","floor":10},{"not_picked":["Pommel Strike","Feel No Pain","Sever Soul"],"picked":"SKIP","floor":12},{"not_picked":["Headbutt","Clothesline"],"picked":"Heavy Blade","floor":13},{"not_picked":["Clash","Perfected Strike"],"picked":"Warcry","floor":14}],"player_experience":50514,"relics_obtained":[{"floor":6,"key":"Anchor"},{"floor":9,"key":"Happy Flower"}],"event_choices":[{"damage_healed":0,"gold_gain":0,"player_choice":"Grow","damage_taken":0,"max_hp_gain":0,"max_hp_loss":0,"event_name":"Living Wall","floor":3,"gold_loss":0,"cards_upgraded":["Bash"]},{"damage_healed":0,"gold_gain":56,"player_choice":"Gained Gold","damage_taken":0,"max_hp_gain":0,"max_hp_loss":0,"event_name":"Golden Wing","floor":7,"gold_loss":0}],"is_beta":false,"boss_relics":[],"items_purged_floors":[5],"is_endless":false,"potions_floor_spawned":[1,2,6,10],"killed_by":"The Guardian","ascension_level":0}