{"gold_per_floor":[116,126,145,162,182,207,220,240,266,284,57,76,103,103,103,103],"floor_reached":16,"playtime":488,"items_purged":["Defend_R"],"score":118,"play_id":"7b0f82c8-ea24-40d8-9483-2ea8dcccfb9a","local_time":"20190210182740","is_ascension_mode":false,"campfire_choices":[{"data":"Demon Form","floor":15,"key":"SMITH"}],"neow_cost":"NONE","seed_source_timestamp":2131796423716168,"circlet_count":0,"master_deck":["Strike_R","Strike_R","Strike_R","Strike_R","Strike_R","Defend_R","Defend_R","Bash","Pommel Strike","Combust","Cleave","Pommel Strike","Sword Boomerang","Cleave","Anger","Sword Boomerang","Iron Wave","Demon Form+1","Cleave","Brutality"],"relics":["Burning Blood","NeowsBlessing","Centennial Puzzle","Vajra","Magic Flower"],"potions_floor_usage":[16,16],"damage_taken":[{"damage":0,"enemies":"Cultist","floor":1,"turns":1},{"damage":0,"enemies":"Small Slimes","floor":2,"turns":1},{"damage":0,"enemies":"Jaw Worm","floor":3,"turns":1},{"damage":15,"enemies":"3 Louse","floor":4,"turns":2},{"damage":16,"enemies":"Looter","floor":5,"turns":3},{"damage":21,"enemies":"3 Sentries","floor":6,"turns":4},{"damage":1,"enemies":"Lots of Slimes","floor":7,"turns":1},{"damage":1,"enemies":"Exordium Wildlife","floor":8,"turns":3},{"damage":6,"enemies":"Looter","floor":10,"turns":2},{"damage":0,"enemies":"2 Fungi Beasts","floor":12,"turns":2},{"damage":15,"enemies":"Gremlin Nob","floor":13,"turns":3},{"damage":55,"enemies":"The Guardian","floor":16,"turns":5}],"seed_played":"7393015300719218615","potions_obtained":[{"floor":1,"key":"PowerPotion"},{"floor":2,"key":"LiquidBronze"},{"floor":4,"key":"SpeedPotion"}],"is_trial":false,"path_per_floor":["M","M","M","M","M","E","M","M","T","M","$","M","E","?","R","B"],"character_chosen":"IRONCLAD","items_purchased":["Demon Form"],"campfire_rested":0,"item_purchase_floors":[11],"current_hp_per_floor":[80,80,80,71,61,46,51,56,56,56,56,62,53,53,53,0],"gold":103,"neow_bonus":"THREE_ENEMY_KILL","is_prod":false,"is_daily":false,"chose_seed":false,"campfire_upgraded":1,"win_rate":0.0,"timestamp":1549844860,"path_taken":["M","M","M","M","M","E","M","M","T","?","$","M","E","?","R","BOSS"],"build_version":"2019-01-23","purchased_purges":1,"victory":false,"max_hp_per_floor":[80,80,80,80,80,80,80,80,80,80,80,80,80,80,80,80],"card_choices":[{"not_picked":["Wild Strike","Clothesline"],"picked":"Pommel Strike","floor":1},{"not_picked":["Iron Wave","Anger"],"picked":"Combust","floor":2},{"not_picked":["Disarm","Heavy Blade"],"picked":"Cleave","floor":3},{"not_picked":["Burning Pact","Evolve"],"picked":"Pommel Strike","floor":4},{"not_picked":["Clothesline","Flame Barrier"],"picked":"Sword Boomerang","floor":5},{"not_picked":["Pommel Strike","Twin Strike"],"picked":"Cleave","floor":6},{"not_picked":["Offering","Rampage"],"picked":"Anger","floor":7},{"not_picked":["Headbutt","Shrug It Off"],"picked":"Sword Boomerang","floor":8},{"not_picked":["Clothesline","Second Wind"],"picked":"Iron Wave","floor":10},{"not_picked":["Wild Strike","Disarm"],"picked":"Cleave","floor":12},{"not_picked":["Clothesline","Metallicize"],"picked":"Brutality","floor":13}],"player_experience":32782,"relics_obtained":[{"floor":6,"key":"Centennial Puzzle"},{"floor":9,"key":"Vajra"},{"floor":13,"key":"Magic Flower"}],"event_choices":[{"cards_removed":["Defend_R"],"damage_healed":0,"gold_gain":0,"player_choice":"Forget","damage_taken":0,"max_hp_gain":0,"max_hp_loss":0,"event_name":"Living Wall","floor":14,"gold_loss":0}],"is_beta":false,"boss_relics":[],"items_purged_floors":[11],"is_endless":false,"potions_floor_spawned":[1,2,4,8,10,13],"killed_by":"The Guardian","ascension_level":0}