{"gold_per_floor":[112,125,137,150,150,150,166,166,166,200,200,215,215,232,232,232],"floor_reached":16,"playtime":438,"items_purged":[],"score":203,"play_id":"feeb3b5c-4dd5-4a43-9c3d-8296107be338","local_time":"20190523024501","is_ascension_mode":true,"campfire_choices":[{"floor":6,"key":"REST"},{"data":"Zap","floor":8,"key":"SMITH"},{"floor":11,"key":"REST"},{"floor":15,"key":"REST"}],"neow_cost":"NONE","seed_source_timestamp":160812415932896,"circlet_count":0,"master_deck":["AscendersBane","Strike_B","Strike_B","Strike_B","Defend_B","Defend_B","Defend_B","Defend_B","Zap+1","Dualcast","Thunder Strike","BootSequence","Turbo","Core Surge","White Noise","Capacitor+1","Rainbow","Ball Lightning","FTL"],"relics":["Cracked Core","Bag of Marbles","Strawberry"],"potions_floor_usage":[10],"damage_taken":[{"damage":2,"enemies":"Cultist","floor":1,"turns":4},{"damage":2,"enemies":"Jaw Worm","floor":2,"turns":4},{"damage":5,"enemies":"2 Louse","floor":3,"turns":4},{"damage":25,"enemies":"Large Slime","floor":4,"turns":6},{"damage":2,"enemies":"2 Fungi Beasts","floor":7,"turns":3},{"damage":35,"enemies":"3 Sentries","floor":10,"turns":6},{"damage":6,"enemies":"Lots of Slimes","floor":12,"turns":4},{"damage":21,"enemies":"Gremlin Gang","floor":14,"turns":5},{"damage":36,"enemies":"Slime Boss","floor":16,"turns":6}],"seed_played":"1403541448484254224","potions_obtained":[{"floor":1,"key":"FearPotion"},{"floor":3,"key":"Explosive Potion"},{"floor":7,"key":"Ancient Potion"}],"is_trial":false,"path_per_floor":["M","M","M","M","?","R","M","R","T","E","R","M","?","M","R","B"],"character_chosen":"DEFECT","items_purchased":[],"campfire_rested":3,"item_purchase_floors":[],"current_hp_per_floor":[62,60,55,30,23,44,42,42,42,14,37,31,31,10,33,0],"gold":232,"neow_bonus":"ONE_RANDOM_RARE_CARD","is_prod":false,"is_daily":false,"chose_seed":false,"campfire_upgraded":1,"win_rate":0,"timestamp":1558597501,"path_taken":["M","M","?","M","?","R","M","R","T","E","R","M","?","M","R","BOSS"],"build_version":"2019-01-23","purchased_purges":0,"victory":false,"max_hp_per_floor":[71,71,71,71,71,71,71,71,71,78,78,78,78,78,78,78],"card_choices":[{"not_picked":["Aggregate","Redo"],"picked":"BootSequence","floor":1},{"not_picked":["Stack","Undo"],"picked":"Turbo","floor":2},{"not_picked":["Hologram","Rebound"],"picked":"Core Surge","floor":3},{"not_picked":["Sweeping Beam","Turbo"],"picked":"White Noise","floor":4},{"not_picked":["Reprogram","Loop"],"picked":"Capacitor","floor":7},{"not_picked":["Stack","Storm"],"picked":"Rainbow","floor":10},{"not_picked":["Steam","Auto Shields"],"picked":"Ball Lightning","floor":12},{"not_picked":["Heatsinks","Blizzard"],"picked":"FTL","floor":14}],"player_experience":446131,"relics_obtained":[{"floor":9,"key":"Bag of Marbles"},{"floor":10,"key":"Strawberry"}],"event_choices":[{"cards_removed":["Strike_B"],"damage_healed":0,"gold_gain":0,"player_choice":"Card Removal","damage_taken":7,"max_hp_gain":0,"max_hp_loss":0,"event_name":"Golden Wing","floor":5,"gold_loss":0},{"damage_healed":0,"gold_gain":0,"player_choice":"Grow","damage_taken":0,"max_hp_gain":0,"max_hp_loss":0,"event_name":"Living Wall","floor":13,"gold_loss":0,"cards_upgraded":["Capacitor"]}],"is_beta":false,"boss_relics":[],"items_purged_floors":[],"is_endless":false,"potions_floor_spawned":[1,3,7],"killed_by":"Slime Boss","ascension_level":19}