{"gold_per_floor":[367,378,397,318,318,650,650,650,650,669,338,46,59,74,74,169,169,189,209,52,70,70,70,70,70,70,87,103,103,103,117,117,214,214,228,160,172,189,39,39,39],"floor_reached":41,"playtime":3913,"items_purged":["Defend_R","Strike_R"],"score":445,"play_id":"3e920c42-9914-4484-a450-64a773a7afb8","local_time":"20190517142453","is_ascension_mode":false,"campfire_choices":[{"data":"Inflame","floor":7,"key":"SMITH"},{"floor":15,"key":"REST"},{"floor":23,"key":"REST"},{"floor":25,"key":"REST"},{"floor":32,"key":"REST"},{"data":"Body Slam","floor":40,"key":"SMITH"}],"neow_cost":"TEN_PERCENT_HP_LOSS","seed_source_timestamp":152091559075094,"circlet_count":0,"master_deck":["Strike_R+1","Defend_R+1","Defend_R+1","Defend_R+1","Bash","Pommel Strike","Inflame+1","Ghostly Armor","Inflame","Clothesline","Shrug It Off","Shrug It Off","Barricade","Body Slam","J.A.X.","Body Slam+1","Battle Trance","Ghostly Armor","Armaments","Shrug It Off","Impervious","Ghostly Armor","Whirlwind","Disarm","Parasite","True Grit+1"],"relics":["Burning Blood","Old Coin","CultistMask","Du-Vu Doll","Orichalcum","Dream Catcher","Velvet Choker","Anchor","Kunai","Empty Cage","Oddly Smooth Stone"],"potions_floor_usage":[],"damage_taken":[{"damage":15,"enemies":"Jaw Worm","floor":1,"turns":8},{"damage":3,"enemies":"2 Louse","floor":2,"turns":4},{"damage":0,"enemies":"Cultist","floor":3,"turns":4},{"damage":20,"enemies":"Gremlin Nob","floor":6,"turns":4},{"damage":23,"enemies":"Lots of Slimes","floor":10,"turns":4},{"damage":7,"enemies":"3 Louse","floor":13,"turns":4},{"damage":3,"enemies":"2 Fungi Beasts","floor":14,"turns":3},{"damage":49,"enemies":"Hexaghost","floor":16,"turns":15},{"damage":16,"enemies":"2 Thieves","floor":18,"turns":4},{"damage":27,"enemies":"3 Byrds","floor":19,"turns":9},{"damage":27,"enemies":"Sentry and Sphere","floor":21,"turns":9},{"damage":7,"enemies":"Snake Plant","floor":27,"turns":5},{"damage":22,"enemies":"Cultist and Chosen","floor":28,"turns":8},{"damage":9,"enemies":"Centurion and Healer","floor":31,"turns":6},{"damage":22,"enemies":"Automaton","floor":33,"turns":10},{"damage":3,"enemies":"3 Shapes","floor":35,"turns":7},{"damage":14,"enemies":"3 Darklings","floor":37,"turns":10},{"damage":11,"enemies":"Writhing Mass","floor":38,"turns":8},{"damage":78,"enemies":"Giant Head","floor":41,"turns":9}],"seed_played":"-2055799706818140782","potions_obtained":[{"floor":1,"key":"Poison Potion"},{"floor":6,"key":"Fire Potion"},{"floor":10,"key":"Strength Potion"}],"is_trial":false,"path_per_floor":["M","M","M","$","?","E","R","?","T","M","$","$","M","M","R","B",null,"M","M","$","M","?","R","?","R","T","M","M","$","?","M","R","B",null,"M","$","M","M","$","R","E"],"character_chosen":"IRONCLAD","items_purchased":["Inflame","Orichalcum","Ghostly Armor","Inflame","Dream Catcher","Clothesline","Anchor","Whirlwind","Oddly Smooth Stone"],"campfire_rested":4,"item_purchase_floors":[4,11,11,11,12,12,20,36,39],"current_hp_per_floor":[63,66,72,72,65,51,51,51,51,34,34,34,33,36,57,14,72,62,41,41,20,20,41,41,62,62,61,45,45,45,42,63,47,72,72,72,64,59,59,59,0],"gold":39,"neow_bonus":"TWO_FIFTY_GOLD","is_prod":false,"is_daily":false,"chose_seed":false,"campfire_upgraded":2,"win_rate":0,"timestamp":1558128293,"path_taken":["M","M","M","$","?","E","R","?","T","?","?","$","M","M","R","BOSS","M","M","$","M","?","R","?","R","T","M","M","$","?","M","R","BOSS","M","$","M","M","$","R","E"],"build_version":"2019-01-23","purchased_purges":2,"victory":false,"max_hp_per_floor":[72,72,72,72,72,72,72,72,72,72,72,72,72,72,72,72,72,72,72,72,72,72,72,72,72,72,72,72,72,72,72,72,72,72,72,72,72,72,72,72,72],"card_choices":[{"not_picked":["Entrench","Clash","Heavy Blade"],"picked":"SKIP","floor":1},{"not_picked":["Pummel","Armaments"],"picked":"Pommel Strike","floor":2},{"not_picked":["Evolve","Combust","Ghostly Armor"],"picked":"SKIP","floor":3},{"not_picked":["Shockwave","Sentinel","Second Wind"],"picked":"SKIP","floor":6},{"not_picked":["Iron Wave","Evolve","Twin Strike"],"picked":"SKIP","floor":10},{"not_picked":["Clothesline","Sword Boomerang"],"picked":"Shrug It Off","floor":13},{"not_picked":["Thunderclap","Impervious","Bloodletting"],"picked":"SKIP","floor":14},{"not_picked":["Searing Blow","Twin Strike"],"picked":"Shrug It Off","floor":15},{"not_picked":["Reaper","Fiend Fire"],"picked":"Barricade","floor":16},{"not_picked":["Blood for Blood+1","Iron Wave","Headbutt"],"picked":"SKIP","floor":18},{"not_picked":["Sentinel","Second Wind+1"],"picked":"Body Slam","floor":19},{"not_picked":["Warcry","Dropkick","Rupture+1"],"picked":"SKIP","floor":21},{"not_picked":["Sword Boomerang","Pommel Strike"],"picked":"Body Slam","floor":23},{"not_picked":["Flex","Dropkick"],"picked":"Battle Trance","floor":25},{"not_picked":["Iron Wave","Fire Breathing","Combust+1"],"picked":"SKIP","floor":27},{"not_picked":["Clothesline","Clash"],"picked":"Ghostly Armor","floor":28},{"not_picked":["Spot Weakness","Fire Breathing+1"],"picked":"Armaments","floor":31},{"not_picked":["Shockwave","Thunderclap"],"picked":"Shrug It Off","floor":32},{"not_picked":["Dark Embrace","Barricade"],"picked":"Impervious","floor":33},{"not_picked":["Warcry+1","Thunderclap+1"],"picked":"Ghostly Armor","floor":35},{"not_picked":["Clash+1","Uppercut"],"picked":"Disarm","floor":37},{"not_picked":["Wild Strike+1","Cleave+1"],"picked":"True Grit+1","floor":38}],"player_experience":115947,"relics_obtained":[{"floor":6,"key":"Old Coin"},{"floor":9,"key":"Du-Vu Doll"},{"floor":26,"key":"Kunai"}],"event_choices":[{"cards_removed":["Strike_R"],"damage_healed":0,"gold_gain":0,"player_choice":"Card Removal","damage_taken":7,"max_hp_gain":0,"max_hp_loss":0,"event_name":"Golden Wing","floor":5,"gold_loss":0},{"damage_healed":0,"gold_gain":0,"player_choice":"Trade","damage_taken":0,"relics_obtained":["CultistMask"],"max_hp_gain":0,"max_hp_loss":0,"event_name":"FaceTrader","floor":8,"gold_loss":0},{"damage_healed":0,"gold_gain":0,"player_choice":"Obtain J.A.X.","damage_taken":0,"max_hp_gain":0,"max_hp_loss":0,"event_name":"Drug Dealer","floor":22,"gold_loss":0,"cards_obtained":["J.A.X."]},{"damage_healed":0,"gold_gain":0,"player_choice":"Simplicity","damage_taken":0,"max_hp_gain":0,"max_hp_loss":0,"event_name":"Back to Basics","floor":24,"gold_loss":0,"cards_upgraded":["Strike_R","Strike_R","Strike_R","Defend_R","Defend_R","Defend_R"]},{"damage_healed":0,"gold_gain":0,"player_choice":"Ignored","damage_taken":0,"max_hp_gain":0,"max_hp_loss":0,"event_name":"Ghosts","floor":30,"gold_loss":0}],"is_beta":false,"boss_relics":[{"not_picked":["Runic Cube","Snecko Eye"],"picked":"Velvet Choker"},{"not_picked":["Calling Bell","Black Blood"],"picked":"Empty Cage"}],"items_purged_floors":[11,12],"is_endless":false,"potions_floor_spawned":[1,6,10,13,14,21,27,28,35],"killed_by":"Giant Head","ascension_level":0}