{"gold_per_floor":[118,129,149,324,274,274,287,321,321,15,49,49,75,75,75,170,170,184,204,224,224,224,250,250,283,338,354,454,469,469],"floor_reached":30,"playtime":1064,"items_purged":["Strike_B"],"score":432,"play_id":"cc1a2ac2-d528-45e7-bee4-c07aff9706a5","local_time":"20190312150319","is_ascension_mode":true,"campfire_choices":[{"data":"Zap","floor":6,"key":"SMITH"},{"floor":12,"key":"REST"},{"data":"Redo","floor":15,"key":"SMITH"},{"floor":24,"key":"REST"}],"neow_cost":"NONE","seed_source_timestamp":1775388803852861,"circlet_count":0,"master_deck":["AscendersBane","Strike_B","Strike_B","Defend_B","Defend_B","Defend_B","Defend_B","Zap+1","Dualcast","Redo+1","Melter","Cold Snap","Steam Power","Ball Lightning","Glacier","Hologram","Reinforced Body","FTL","All For One","Seek","FTL","Multi-Cast","Gash","Machine Learning","Go for the Eyes","Defragment"],"relics":["Cracked Core","NeowsBlessing","Dream Catcher","Pantograph","Ancient Tea Set","Symbiotic Virus","Strawberry","Nuclear Battery","Vajra","Centennial Puzzle","Tiny Chest"],"potions_floor_usage":[8,11,20,20],"damage_taken":[{"damage":0,"enemies":"2 Louse","floor":1,"turns":1},{"damage":0,"enemies":"Jaw Worm","floor":2,"turns":1},{"damage":0,"enemies":"Small Slimes","floor":3,"turns":1},{"damage":12,"enemies":"2 Fungi Beasts","floor":7,"turns":3},{"damage":26,"enemies":"Gremlin Nob","floor":8,"turns":4},{"damage":4,"enemies":"3 Sentries","floor":11,"turns":7},{"damage":13,"enemies":"Lagavulin","floor":13,"turns":7},{"damage":38,"enemies":"Slime Boss","floor":16,"turns":6},{"damage":4,"enemies":"2 Thieves","floor":18,"turns":5},{"damage":2,"enemies":"Shell Parasite","floor":19,"turns":4},{"damage":2,"enemies":"3 Cultists","floor":20,"turns":5},{"damage":53,"enemies":"Book of Stabbing","floor":23,"turns":6},{"damage":31,"enemies":"Slavers","floor":25,"turns":6},{"damage":8,"enemies":"Snake Plant","floor":27,"turns":4},{"damage":10,"enemies":"Snecko","floor":29,"turns":3},{"damage":4,"enemies":"Shelled Parasite and Fungi","floor":30,"turns":1}],"seed_played":"5721576788824810706","potions_obtained":[{"floor":3,"key":"AttackPotion"},{"floor":7,"key":"Energy Potion"},{"floor":11,"key":"Explosive Potion"},{"floor":16,"key":"PowerPotion"},{"floor":19,"key":"Ancient Potion"},{"floor":27,"key":"GamblersBrew"},{"floor":29,"key":"Strength Potion"}],"is_trial":false,"path_per_floor":["M","M","M","?","?","R","M","E","T","$","E","R","E","?","R","B",null,"M","M","M","?","?","E","R","E","T","M","?","M","M"],"character_chosen":"DEFECT","items_purchased":["Glacier","Ancient Tea Set","Hologram"],"campfire_rested":2,"item_purchase_floors":[10,10,10],"current_hp_per_floor":[68,68,68,68,68,68,56,30,30,30,26,48,42,42,42,29,69,65,63,61,61,82,29,53,22,22,14,14,4,0],"gold":469,"neow_bonus":"THREE_ENEMY_KILL","is_prod":false,"is_daily":false,"chose_seed":false,"campfire_upgraded":2,"win_rate":0,"timestamp":1552420999,"path_taken":["M","M","M","?","?","R","M","E","T","$","E","R","E","?","R","BOSS","M","?","M","?","?","E","R","E","T","?","?","M","?"],"build_version":"2019-01-23","purchased_purges":1,"victory":false,"max_hp_per_floor":[75,75,75,75,75,75,75,75,75,75,75,75,82,82,82,82,82,82,82,82,82,82,82,82,82,82,82,82,82,82],"card_choices":[{"not_picked":["Beam Cell","Scrape"],"picked":"Redo","floor":1},{"not_picked":["Tempest","Stack"],"picked":"Melter","floor":2},{"not_picked":["Redo","Streamline"],"picked":"Cold Snap","floor":3},{"not_picked":["Lockon","FTL"],"picked":"Steam Power","floor":7},{"not_picked":["Barrage","Stack"],"picked":"Ball Lightning","floor":8},{"not_picked":["Go for the Eyes","Darkness"],"picked":"Reinforced Body","floor":11},{"not_picked":["Ball Lightning","Hologram"],"picked":"FTL","floor":12},{"not_picked":["Go for the Eyes","Cold Snap"],"picked":"All For One","floor":13},{"not_picked":["Biased Cognition","All For One"],"picked":"Seek","floor":16},{"not_picked":["Undo","Conserve Battery","Auto Shields"],"picked":"SKIP","floor":18},{"not_picked":["Streamline","Cold Snap"],"picked":"FTL","floor":19},{"not_picked":["Genetic Algorithm","Steam+1"],"picked":"Multi-Cast","floor":20},{"not_picked":["Stack","Static Discharge+1","Barrage"],"picked":"SKIP","floor":23},{"not_picked":["Compile Driver+1","Conserve Battery"],"picked":"Gash","floor":24},{"not_picked":["Coolheaded","Conserve Battery"],"picked":"Machine Learning","floor":25},{"not_picked":["Turbo","Loop"],"picked":"Go for the Eyes","floor":27},{"not_picked":["Streamline","Tempest"],"picked":"Defragment","floor":29}],"player_experience":186400,"relics_obtained":[{"floor":8,"key":"Dream Catcher"},{"floor":9,"key":"Pantograph"},{"floor":11,"key":"Symbiotic Virus"},{"floor":13,"key":"Strawberry"},{"floor":23,"key":"Vajra"},{"floor":25,"key":"Centennial Puzzle"},{"floor":26,"key":"Tiny Chest"}],"event_choices":[{"damage_healed":0,"gold_gain":175,"player_choice":"AGREE","damage_taken":0,"max_hp_gain":0,"max_hp_loss":0,"event_name":"Liars Game","floor":4,"gold_loss":0,"cards_obtained":["Doubt"]},{"cards_removed":["Doubt"],"damage_healed":0,"gold_gain":0,"player_choice":"Card Removal","damage_taken":0,"max_hp_gain":0,"max_hp_loss":0,"event_name":"The Cleric","floor":5,"gold_loss":50},{"cards_removed":["Strike_B"],"damage_healed":0,"gold_gain":0,"player_choice":"Offered Basic","damage_taken":0,"max_hp_gain":0,"max_hp_loss":0,"event_name":"Bonfire Elementals","floor":14,"gold_loss":0},{"damage_healed":0,"gold_gain":0,"player_choice":"Ignored","damage_taken":0,"max_hp_gain":0,"max_hp_loss":0,"event_name":"Vampires","floor":21,"gold_loss":0},{"damage_healed":21,"gold_gain":0,"player_choice":"Full Heal","damage_taken":0,"max_hp_gain":0,"max_hp_loss":0,"event_name":"Wheel of Change","floor":22,"gold_loss":0},{"damage_healed":0,"gold_gain":100,"player_choice":"Pray","damage_taken":0,"max_hp_gain":0,"max_hp_loss":0,"event_name":"Golden Shrine","floor":28,"gold_loss":0}],"is_beta":false,"boss_relics":[{"not_picked":["Sozu","Tiny House"],"picked":"Nuclear Battery"}],"items_purged_floors":[10],"is_endless":false,"potions_floor_spawned":[3,7,11,16,19,27,29],"killed_by":"Shelled Parasite and Fungi","ascension_level":10}