{"gold_per_floor":[110,185,185,31,50,50,61,95,122,122,152,152,183,202,202,300,300,285,285,19,32,45,45,79,39,86,99,133,133,151,151,151,253,253,267,367,385,3,16,51,51,64,117,129,139,174,174,99,99,99],"floor_reached":51,"playtime":6567,"items_purged":[],"score":889,"play_id":"738f1591-c8d1-4771-a6e9-ab5557086346","local_time":"20190525005133","is_ascension_mode":true,"campfire_choices":[{"floor":6,"key":"REST"},{"floor":10,"key":"REST"},{"floor":12,"key":"REST"},{"floor":15,"key":"REST"},{"floor":23,"key":"REST"},{"floor":29,"key":"REST"},{"data":"Cloak And Dagger","floor":32,"key":"SMITH"},{"floor":41,"key":"REST"},{"floor":47,"key":"REST"},{"floor":49,"key":"REST"}],"neow_cost":"CURSE","seed_source_timestamp":707549929080877,"circlet_count":0,"master_deck":["Survivor","Neutralize","Finesse","The Bomb","Parasite","Cloak And Dagger","Flechettes","Cloak And Dagger+1","PiercingWail","Footwork","After Image","Phantasmal Killer","Slice","Dash","Expertise","Outmaneuver","PiercingWail","Storm of Steel+1","Sucker Punch","Blur","Dagger Throw","Setup+1","Bite","Bite","Bite","Bite","Bite","Purity","Master of Strategy","Dagger Throw+1","Distraction+1","Backflip","Escape Plan+1","Caltrops","Blade Dance","Adrenaline","Backflip+1","Accuracy","Infinite Blades","PiercingWail+1","Cloak And Dagger+1","Accuracy","Envenom","PiercingWail+1"],"relics":["Ring of the Snake","Dead Branch","Art of War","Ancient Tea Set","Omamori","Dream Catcher","Pandora\u0027s Box","Question Card","Bag of Preparation","Smiling Mask","Happy Flower","WristBlade","Gambling Chip","Bird Faced Urn","Tough Bandages","Juzu Bracelet","Snake Skull"],"potions_floor_usage":[18,21,22,24,33,36,44,50,50],"damage_taken":[{"damage":4,"enemies":"Small Slimes","floor":1,"turns":4},{"damage":18,"enemies":"Jaw Worm","floor":5,"turns":5},{"damage":0,"enemies":"Cultist","floor":7,"turns":3},{"damage":26,"enemies":"Gremlin Nob","floor":8,"turns":4},{"damage":26,"enemies":"3 Sentries","floor":11,"turns":5},{"damage":11,"enemies":"Gremlin Nob","floor":13,"turns":3},{"damage":2,"enemies":"Blue Slaver","floor":14,"turns":4},{"damage":42,"enemies":"Slime Boss","floor":16,"turns":12},{"damage":11,"enemies":"2 Thieves","floor":18,"turns":4},{"damage":7,"enemies":"3 Byrds","floor":21,"turns":4},{"damage":27,"enemies":"Centurion and Healer","floor":22,"turns":6},{"damage":31,"enemies":"Slavers","floor":24,"turns":9},{"damage":7,"enemies":"3 Cultists","floor":27,"turns":6},{"damage":17,"enemies":"Gremlin Leader","floor":28,"turns":9},{"damage":13,"enemies":"Snecko","floor":30,"turns":4},{"damage":28,"enemies":"Collector","floor":33,"turns":12},{"damage":8,"enemies":"Orb Walker","floor":35,"turns":3},{"damage":13,"enemies":"Mind Bloom Boss Battle","floor":36,"turns":7},{"damage":10,"enemies":"3 Shapes","floor":37,"turns":7},{"damage":29,"enemies":"Sphere and 2 Shapes","floor":39,"turns":6},{"damage":54,"enemies":"Reptomancer","floor":40,"turns":8},{"damage":0,"enemies":"3 Darklings","floor":42,"turns":2},{"damage":53,"enemies":"Writhing Mass","floor":44,"turns":7},{"damage":0,"enemies":"Jaw Worm Horde","floor":45,"turns":3},{"damage":13,"enemies":"Giant Head","floor":46,"turns":8},{"damage":34,"enemies":"Donu and Deca","floor":50,"turns":10}],"seed_played":"3085924963057599557","potions_obtained":[{"floor":7,"key":"Dexterity Potion"},{"floor":8,"key":"Swift Potion"},{"floor":14,"key":"SmokeBomb"},{"floor":16,"key":"EssenceOfSteel"},{"floor":21,"key":"Explosive Potion"},{"floor":22,"key":"Fire Potion"},{"floor":33,"key":"Regen Potion"},{"floor":35,"key":"Ancient Potion"},{"floor":40,"key":"Swift Potion"},{"floor":45,"key":"Explosive Potion"},{"floor":46,"key":"FairyPotion"}],"is_trial":false,"path_per_floor":["M","?","T","$","M","R","M","E","T","R","E","R","E","M","R","B",null,"M","?","$","M","M","R","E","?","T","M","E","R","M","?","R","B",null,"M","?","M","$","M","E","R","M","T","M","M","E","R","$","R","B",null],"character_chosen":"THE_SILENT","items_purchased":["Art of War","Purity","Master of Strategy","Accuracy","Bird Faced Urn","Envenom"],"campfire_rested":9,"item_purchase_floors":[4,20,20,38,38,48],"current_hp_per_floor":[66,55,55,55,37,58,58,32,32,53,29,50,41,41,62,22,70,59,59,59,62,47,68,51,51,51,56,49,70,61,61,61,47,70,62,70,64,64,49,15,36,48,48,11,21,32,53,53,70,54],"gold":99,"neow_bonus":"RANDOM_COLORLESS_2","is_prod":false,"is_daily":false,"chose_seed":false,"campfire_upgraded":1,"win_rate":0,"timestamp":1558759893,"path_taken":["M","?","?","$","?","R","M","E","T","R","E","R","E","M","R","BOSS","M","?","$","M","M","R","E","?","T","?","E","R","M","?","R","BOSS","M","?","M","$","M","E","R","M","T","M","M","E","R","$","R","BOSS"],"build_version":"2019-01-23","purchased_purges":0,"victory":true,"max_hp_per_floor":[70,70,70,70,70,70,70,70,70,70,70,70,70,70,70,70,70,70,70,70,70,70,70,70,70,70,70,70,70,70,70,70,70,70,70,70,70,70,70,70,70,70,70,70,70,70,70,70,70,70],"card_choices":[{"not_picked":["Flying Knee","Choke","Heel Hook"],"picked":"SKIP","floor":1},{"not_picked":["Sucker Punch","Riddle With Holes","Skewer"],"picked":"SKIP","floor":5},{"not_picked":["Dagger Throw","Flying Knee"],"picked":"Cloak And Dagger","floor":7},{"not_picked":["Heel Hook","Quick Slash"],"picked":"Flechettes","floor":8},{"not_picked":["Corpse Explosion","Bane"],"picked":"Cloak And Dagger","floor":11},{"not_picked":["Deflect","Catalyst","Riddle With Holes"],"picked":"SKIP","floor":13},{"not_picked":["Deflect","Outmaneuver"],"picked":"PiercingWail","floor":14},{"not_picked":["Poisoned Stab","Sucker Punch"],"picked":"Footwork","floor":15},{"not_picked":["Storm of Steel","Grand Finale"],"picked":"After Image","floor":16},{"not_picked":["Poisoned Stab","Prepared+1"],"picked":"Setup+1","floor":18},{"not_picked":["Sucker Punch+1","Poisoned Stab","Underhanded Strike"],"picked":"SKIP","floor":21},{"not_picked":["Envenom","Deadly Poison"],"picked":"Dagger Throw+1","floor":22},{"not_picked":["Crippling Poison","Calculated Gamble"],"picked":"Distraction+1","floor":23},{"not_picked":["Quick Slash","Prepared"],"picked":"Backflip","floor":24},{"not_picked":["Blade Dance","Wraith Form v2","Blur"],"picked":"Escape Plan+1","floor":27},{"not_picked":["Poisoned Stab","Sucker Punch+1","Prepared","Acrobatics"],"picked":"SKIP","floor":28},{"not_picked":["Dagger Throw","Dagger Spray","Endless Agony"],"picked":"Caltrops","floor":29},{"not_picked":["Backflip","Tactician","Masterful Stab"],"picked":"Blade Dance","floor":30},{"not_picked":["Night Terror","Wraith Form v2","A Thousand Cuts"],"picked":"Adrenaline","floor":33},{"not_picked":["Well Laid Plans","Deflect","Concentrate","Deadly Poison"],"picked":"SKIP","floor":35},{"not_picked":["Dagger Spray+1","Deflect+1","Bane+1"],"picked":"Backflip+1","floor":36},{"not_picked":["Outmaneuver+1","Sucker Punch","Deflect","Deadly Poison"],"picked":"SKIP","floor":37},{"not_picked":["Poisoned Stab","Dash","Corpse Explosion"],"picked":"Infinite Blades","floor":39},{"not_picked":["Calculated Gamble","Dagger Throw","Escape Plan+1","Catalyst"],"picked":"SKIP","floor":40},{"not_picked":["Slice+1","Acrobatics","Prepared"],"picked":"PiercingWail+1","floor":41},{"not_picked":["Cloak And Dagger","Dagger Throw","Dagger Spray+1","PiercingWail"],"picked":"SKIP","floor":42},{"not_picked":["Underhanded Strike+1","Deadly Poison+1","Acrobatics+1","Riddle With Holes+1"],"picked":"SKIP","floor":44},{"not_picked":["Dagger Throw","Flechettes+1","Heel Hook+1"],"picked":"Cloak And Dagger+1","floor":45},{"not_picked":["Underhanded Strike+1","Sucker Punch","PiercingWail","Deflect"],"picked":"SKIP","floor":46},{"not_picked":["Bouncing Flask","Endless Agony+1","Dagger Throw+1"],"picked":"Accuracy","floor":47},{"not_picked":["Acrobatics","Poisoned Stab+1","Flechettes+1"],"picked":"PiercingWail+1","floor":49}],"player_experience":309371,"relics_obtained":[{"floor":3,"key":"Dead Branch"},{"floor":8,"key":"Ancient Tea Set"},{"floor":9,"key":"Blood Vial"},{"floor":11,"key":"Omamori"},{"floor":13,"key":"Dream Catcher"},{"floor":24,"key":"Question Card"},{"floor":26,"key":"Bag of Preparation"},{"floor":28,"key":"Smiling Mask"},{"floor":36,"key":"Gambling Chip"},{"floor":40,"key":"Tough Bandages"},{"floor":43,"key":"Juzu Bracelet"},{"floor":46,"key":"Snake Skull"}],"event_choices":[{"damage_healed":0,"gold_gain":75,"player_choice":"Gather Gold","damage_taken":11,"max_hp_gain":0,"max_hp_loss":0,"event_name":"World of Goop","floor":2,"gold_loss":0},{"damage_healed":0,"gold_gain":0,"player_choice":"Became a vampire (Vial)","damage_taken":0,"max_hp_gain":0,"max_hp_loss":0,"event_name":"Vampires","floor":19,"relics_lost":["Blood Vial"],"gold_loss":0,"cards_obtained":["Bite","Bite","Bite","Bite","Bite"]},{"damage_healed":0,"gold_gain":0,"player_choice":"Upgrade","damage_taken":0,"max_hp_gain":0,"max_hp_loss":0,"event_name":"Designer","floor":25,"gold_loss":40,"cards_upgraded":["Storm of Steel"]},{"damage_healed":0,"gold_gain":0,"player_choice":"Opened","damage_taken":0,"relics_obtained":["Happy Flower"],"max_hp_gain":0,"max_hp_loss":0,"event_name":"The Mausoleum","floor":31,"gold_loss":0,"cards_obtained":["Writhe"]},{"damage_healed":0,"gold_gain":0,"player_choice":"Fight","damage_taken":0,"max_hp_gain":0,"max_hp_loss":0,"event_name":"MindBloom","floor":36,"gold_loss":0}],"is_beta":false,"boss_relics":[{"not_picked":["HoveringKite","Philosopher\u0027s Stone"],"picked":"Pandora\u0027s Box"},{"not_picked":["Eternal Feather","Fusion Hammer"],"picked":"WristBlade"}],"items_purged_floors":[],"is_endless":false,"potions_floor_spawned":[7,8,14,16,21,22,33,35,40,45,46],"ascension_level":2}