{"gold_per_floor":[117,129,149,149,165,201,201,220,247,247,285,285,303,91,91,187,187,206,230,230,248,264,264,284,284,308,268,289,330,353,376,376,466,466,487,507,530,546,353,353,353,396,396,396,99,99,118,138,138,138],"floor_reached":51,"playtime":3389,"items_purged":["Strike_R"],"score":1122,"play_id":"772fc9df-191b-4814-9ab2-0fe34a0bfe0f","local_time":"20190528203535","is_ascension_mode":true,"campfire_choices":[{"data":"True Grit","floor":7.0,"key":"SMITH"},{"data":"Inflame","floor":10.0,"key":"SMITH"},{"data":"Pommel Strike","floor":12.0,"key":"SMITH"},{"floor":15.0,"key":"REST"},{"floor":23.0,"key":"REST"},{"floor":25.0,"key":"REST"},{"floor":32.0,"key":"REST"},{"floor":41.0,"key":"REST"},{"floor":46,"key":"REST"},{"floor":49,"key":"REST"}],"neow_cost":"NONE","seed_source_timestamp":0,"circlet_count":0,"master_deck":["AscendersBane","Strike_R","Strike_R","Strike_R","Strike_R","Defend_R+1","Defend_R","Defend_R","Defend_R","Bash+1","True Grit+1","Clothesline","Metallicize","Pommel Strike+1","Inflame+1","Battle Trance","Headbutt","Apotheosis+1","Pummel","Reaper","Metallicize","True Grit","Reaper","Headbutt","Ghostly Armor","Shrug It Off+1","Barricade","Metallicize","Flex+1","Shrug It Off+1","Flash of Steel","Entrench"],"special_seed":0,"relics":["Burning Blood","Golden Idol","Ornamental Fan","Strawberry","Pen Nib","Fusion Hammer","Blood Vial","Orichalcum","Runic Pyramid","TheAbacus","Dream Catcher","Self Forming Clay","Bronze Scales"],"potions_floor_usage":[42,48,50,50],"damage_taken":[{"damage":1.0,"enemies":"Cultist","floor":1.0,"turns":3.0},{"damage":2.0,"enemies":"2 Louse","floor":2.0,"turns":3.0},{"damage":7.0,"enemies":"Jaw Worm","floor":3.0,"turns":3.0},{"damage":16.0,"enemies":"Exordium Thugs","floor":5.0,"turns":6.0},{"damage":23.0,"enemies":"3 Sentries","floor":6.0,"turns":12.0},{"damage":14.0,"enemies":"Blue Slaver","floor":8.0,"turns":4.0},{"damage":17.0,"enemies":"Gremlin Nob","floor":11.0,"turns":5.0},{"damage":13.0,"enemies":"Exordium Wildlife","floor":13.0,"turns":6.0},{"damage":12.0,"enemies":"Slime Boss","floor":16.0,"turns":9.0},{"damage":5.0,"enemies":"Chosen","floor":18.0,"turns":3.0},{"damage":29.0,"enemies":"2 Thieves","floor":19.0,"turns":4.0},{"damage":28.0,"enemies":"Snake Plant","floor":21.0,"turns":5.0},{"damage":19.0,"enemies":"Centurion and Healer","floor":22.0,"turns":6.0},{"damage":22.0,"enemies":"Cultist and Chosen","floor":24.0,"turns":7.0},{"damage":11.0,"enemies":"3 Cultists","floor":28.0,"turns":5.0},{"damage":47.0,"enemies":"Slavers","floor":29.0,"turns":7.0},{"damage":18.0,"enemies":"Snecko","floor":30.0,"turns":7.0},{"damage":15.0,"enemies":"Centurion and Healer","floor":31.0,"turns":7.0},{"damage":75.0,"enemies":"Champ","floor":33.0,"turns":16.0},{"damage":17.0,"enemies":"3 Darklings","floor":35.0,"turns":9.0},{"damage":0.0,"enemies":"3 Shapes","floor":36.0,"turns":8.0},{"damage":69.0,"enemies":"Transient","floor":37.0,"turns":5.0},{"damage":27.0,"enemies":"Maw","floor":38.0,"turns":12.0},{"damage":96,"enemies":"Giant Head","floor":42,"turns":13},{"damage":11,"enemies":"Spire Growth","floor":47,"turns":8},{"damage":12,"enemies":"3 Darklings","floor":48,"turns":7},{"damage":43,"enemies":"Awakened One","floor":50,"turns":23}],"seed_played":"5993572443053278440","potions_obtained":[{"floor":2.0,"key":"PowerPotion"},{"floor":5.0,"key":"Block Potion"},{"floor":16.0,"key":"EntropicBrew"},{"floor":21.0,"key":"FairyPotion"},{"floor":30.0,"key":"Regen Potion"},{"floor":33.0,"key":"Strength Potion"},{"floor":48,"key":"Energy Potion"}],"is_trial":false,"path_per_floor":["M","M","M","?","M","E","R","M","T","R","E","R","M","$","R","B",null,"M","M","?","M","M","R","M","R","T","?","M","E","M","M","R","B",null,"M","M","M","M","$","?","R","E","T","?","$","R","M","M","R","B",null],"character_chosen":"IRONCLAD","items_purchased":["Apotheosis","Pummel","TheAbacus","BloodPotion","Bronze Scales"],"campfire_rested":7,"item_purchase_floors":[14,14,39,45,45],"current_hp_per_floor":[77,80,79,74,64,47,47,39,46,46,35,35,28,28,52,46,72,81,66,66,53,71,81,68,81,81,81,81,74,77,81,81,41,71,81,81,34,49,49,49,73,15,15,15,15,39,51,81,81,78],"gold":138,"neow_bonus":"UPGRADE_CARD","is_prod":false,"is_daily":false,"chose_seed":false,"campfire_upgraded":3,"win_rate":0,"timestamp":1559046935,"path_taken":["M","M","M","?","M","E","R","M","T","R","E","R","M","$","R","BOSS","M","M","?","M","M","R","?","R","T","?","M","E","M","M","R","BOSS","M","M","M","M","$","?","R","E","T","?","?","R","M","M","R","BOSS"],"build_version":"2019-01-23","purchased_purges":1,"victory":true,"max_hp_per_floor":[80,80,80,74,74,74,74,74,81,81,81,81,81,81,81,81,81,81,81,81,81,81,81,81,81,81,81,81,81,81,81,81,81,81,81,81,81,81,81,81,81,81,81,81,81,81,81,81,81,81],"card_choices":[{"not_picked":["Thunderclap","Sentinel"],"picked":"Iron Wave","floor":1.0},{"not_picked":["Sword Boomerang","Flex"],"picked":"True Grit","floor":2.0},{"not_picked":["Sentinel","Twin Strike"],"picked":"Clothesline","floor":3.0},{"not_picked":["Rage","Perfected Strike"],"picked":"Metallicize","floor":5.0},{"not_picked":["Clothesline","Bludgeon"],"picked":"Pommel Strike","floor":6.0},{"not_picked":["Warcry","Flex"],"picked":"Inflame","floor":8.0},{"not_picked":["Berserk","Pommel Strike"],"picked":"Battle Trance","floor":11.0},{"not_picked":["Pummel","Clothesline"],"picked":"Headbutt","floor":13.0},{"not_picked":["Bludgeon","Offering"],"picked":"Reaper","floor":16.0},{"not_picked":["Second Wind","Body Slam"],"picked":"Metallicize","floor":18.0},{"not_picked":["Clothesline","Havoc"],"picked":"True Grit","floor":19.0},{"not_picked":["Clothesline","Second Wind","Pommel Strike"],"picked":"SKIP","floor":21.0},{"not_picked":["Heavy Blade","Warcry"],"picked":"Headbutt","floor":22.0},{"not_picked":["Rupture","Anger"],"picked":"Ghostly Armor","floor":24.0},{"not_picked":["Searing Blow","Flex"],"picked":"Shrug It Off+1","floor":28.0},{"not_picked":["Headbutt","Entrench","Pommel Strike"],"picked":"SKIP","floor":29.0},{"not_picked":["Sword Boomerang","Fiend Fire","Ghostly Armor"],"picked":"SKIP","floor":30.0},{"not_picked":["Sentinel","Thunderclap","Clash"],"picked":"SKIP","floor":31.0},{"not_picked":["Reaper","Impervious"],"picked":"Barricade","floor":33.0},{"not_picked":["Warcry","Anger"],"picked":"Metallicize","floor":35.0},{"not_picked":["Pommel Strike","Flex+1","Headbutt"],"picked":"SKIP","floor":36.0},{"not_picked":["Pommel Strike","Headbutt"],"picked":"Flex+1","floor":36.0},{"not_picked":["Cleave","True Grit"],"picked":"Shrug It Off+1","floor":37.0},{"not_picked":["Shrug It Off","Anger","Infernal Blade"],"picked":"SKIP","floor":38.0},{"not_picked":["Inflame","Pommel Strike","Combust"],"picked":"SKIP","floor":42},{"not_picked":["Forethought","Blind"],"picked":"Flash of Steel","floor":44},{"not_picked":["Armaments","Searing Blow","Burning Pact"],"picked":"SKIP","floor":47},{"not_picked":["Warcry","Hemokinesis","True Grit"],"picked":"SKIP","floor":48},{"not_picked":["Infernal Blade","Dark Embrace"],"picked":"Entrench","floor":49}],"player_experience":777751,"relics_obtained":[{"floor":6.0,"key":"Ornamental Fan"},{"floor":9.0,"key":"Strawberry"},{"floor":11.0,"key":"Pen Nib"},{"floor":26.0,"key":"Blood Vial"},{"floor":29.0,"key":"Orichalcum"},{"floor":42,"key":"Dream Catcher"},{"floor":43,"key":"Self Forming Clay"}],"event_choices":[{"damage_healed":0.0,"max_hp_gain":0.0,"max_hp_loss":6.0,"gold_gain":0.0,"event_name":"Golden Idol","player_choice":"Lose Max HP","floor":4.0,"gold_loss":0.0,"damage_taken":0.0,"relics_obtained":["Golden Idol"]},{"damage_healed":0.0,"max_hp_gain":0.0,"max_hp_loss":0.0,"gold_gain":0.0,"event_name":"Duplicator","player_choice":"Copied","floor":20.0,"gold_loss":0.0,"damage_taken":0.0,"cards_obtained":["Reaper"]},{"damage_healed":0.0,"max_hp_gain":0.0,"max_hp_loss":0.0,"gold_gain":0.0,"event_name":"Designer","player_choice":"Upgraded Two","floor":27.0,"gold_loss":40.0,"damage_taken":0.0,"cards_upgraded":["Defend_R","Apotheosis"]},{"cards_removed":["Iron Wave"],"damage_healed":0.0,"max_hp_gain":0.0,"max_hp_loss":0.0,"gold_gain":0.0,"event_name":"Falling","player_choice":"Removed Attack","floor":40.0,"gold_loss":0.0,"damage_taken":0.0},{"damage_healed":0,"gold_gain":0,"player_choice":"Memory 1","damage_taken":0,"max_hp_gain":0,"max_hp_loss":0,"event_name":"SensoryStone","floor":44,"gold_loss":0}],"is_beta":false,"boss_relics":[{"not_picked":["Eternal Feather","Runic Dome"],"picked":"Fusion Hammer"},{"not_picked":["Runic Cube","Sozu"],"picked":"Runic Pyramid"}],"items_purged_floors":[45],"is_endless":false,"potions_floor_spawned":[2,5,11,13,16,21,22,29,30,31,33,36,47,48],"ascension_level":13}