{"gold_per_floor":[118,47,47,64,64,95,95,112,112,123,43,72,84,97,97,174,174,192,292,292,311,331,331,345,345,369,400,123,140,140,156,156,232,232,247,49,49,75,90,90,125,125,199,199,232,251,283,383,383,383],"floor_reached":51,"playtime":2433,"items_purged":["Strike_R","Strike_R"],"score":1312,"play_id":"c1a12224-ca21-48b1-96e6-0836f7a56a95","local_time":"20190501224052","is_ascension_mode":true,"campfire_choices":[{"data":"Twin Strike","floor":7.0,"key":"SMITH"},{"data":"Armaments","floor":15.0,"key":"SMITH"},{"data":"Disarm","floor":23.0,"key":"SMITH"},{"data":"Heavy Blade","floor":25.0,"key":"SMITH"},{"data":"Seeing Red","floor":30.0,"key":"SMITH"},{"data":"Demon Form","floor":32.0,"key":"SMITH"},{"data":"Limit Break","floor":40.0,"key":"SMITH"},{"data":"Seeing Red","floor":42,"key":"SMITH"},{"data":"Pommel Strike","floor":44,"key":"SMITH"},{"floor":49,"key":"REST"}],"neow_cost":"NONE","seed_source_timestamp":369033034725301,"circlet_count":0,"master_deck":["AscendersBane","Strike_R","Strike_R+1","Strike_R","Defend_R","Defend_R","Defend_R","Defend_R+1","Bash","Twin Strike+1","Battle Trance","Dropkick","Pommel Strike+1","Flame Barrier","Armaments+1","Seeing Red+1","Shrug It Off","Demon Form+1","Heavy Blade+1","Disarm+1","Flex","Seeing Red+1","Limit Break+1","True Grit+1"],"special_seed":0,"relics":["Burning Blood","NeowsBlessing","Turnip","Self Forming Clay","Anchor","Eternal Feather","Charon\u0027s Ashes","Gremlin Horn","Bag of Preparation","The Courier","Tiny Chest","Bag of Marbles","Runic Pyramid","Oddly Smooth Stone","Happy Flower","Juzu Bracelet","Meat on the Bone","PreservedInsect","Omamori","FossilizedHelix"],"potions_floor_usage":[45,45,47,50,50],"damage_taken":[{"damage":0.0,"enemies":"Small Slimes","floor":1.0,"turns":1.0},{"damage":0.0,"enemies":"Jaw Worm","floor":4.0,"turns":1.0},{"damage":0.0,"enemies":"Lagavulin","floor":6.0,"turns":1.0},{"damage":0.0,"enemies":"Cultist","floor":8.0,"turns":2.0},{"damage":10.0,"enemies":"Blue Slaver","floor":10.0,"turns":3.0},{"damage":24.0,"enemies":"3 Sentries","floor":12.0,"turns":10.0},{"damage":11.0,"enemies":"Exordium Wildlife","floor":13.0,"turns":5.0},{"damage":11.0,"enemies":"Exordium Thugs","floor":14.0,"turns":4.0},{"damage":58.0,"enemies":"Slime Boss","floor":16.0,"turns":20.0},{"damage":8.0,"enemies":"Chosen","floor":18.0,"turns":5.0},{"damage":17.0,"enemies":"Colosseum Slavers","floor":19.0,"turns":8.0},{"damage":29.0,"enemies":"Colosseum Nobs","floor":19.0,"turns":7.0},{"damage":4.0,"enemies":"3 Byrds","floor":21.0,"turns":4.0},{"damage":11.0,"enemies":"Snecko","floor":22.0,"turns":6.0},{"damage":11.0,"enemies":"Snake Plant","floor":24.0,"turns":5.0},{"damage":16.0,"enemies":"Gremlin Leader","floor":27.0,"turns":8.0},{"damage":0.0,"enemies":"3 Cultists","floor":29.0,"turns":6.0},{"damage":4.0,"enemies":"Centurion and Healer","floor":31.0,"turns":8.0},{"damage":47.0,"enemies":"Champ","floor":33.0,"turns":9.0},{"damage":1.0,"enemies":"Orb Walker","floor":35.0,"turns":3.0},{"damage":0.0,"enemies":"3 Shapes","floor":39.0,"turns":4.0},{"damage":14,"enemies":"Reptomancer","floor":41,"turns":7},{"damage":59,"enemies":"Nemesis","floor":45,"turns":11},{"damage":24,"enemies":"Transient","floor":46,"turns":5},{"damage":36,"enemies":"Giant Head","floor":47,"turns":7},{"damage":0,"enemies":"Mind Bloom Boss Battle","floor":48,"turns":5},{"damage":48,"enemies":"Donu and Deca","floor":50,"turns":6}],"seed_played":"7423386910586292772","potions_obtained":[{"floor":4.0,"key":"Regen Potion"},{"floor":6.0,"key":"Ancient Potion"},{"floor":14.0,"key":"Weak Potion"},{"floor":18.0,"key":"BloodPotion"},{"floor":19.0,"key":"Block Potion"},{"floor":24.0,"key":"GamblersBrew"},{"floor":27.0,"key":"Regen Potion"},{"floor":31.0,"key":"Regen Potion"},{"floor":39.0,"key":"Regen Potion"},{"floor":46,"key":"SteroidPotion"},{"floor":47,"key":"AttackPotion"},{"floor":48,"key":"SteroidPotion"}],"is_trial":false,"path_per_floor":["M","$","?","M","?","E","R","M","T","M","$","E","M","M","R","B",null,"M","?","?","M","M","R","M","R","T","E","$","M","R","M","R","B",null,"M","$","?","T","M","R","E","R","T","R","E","M","E","?","R","B",null],"character_chosen":"IRONCLAD","items_purchased":["Battle Trance","Flame Barrier","Tiny Chest","Bag of Marbles","Oddly Smooth Stone"],"campfire_rested":1,"item_purchase_floors":[2,11,28,28,36],"current_hp_per_floor":[78,78,78,80,64,70,70,76,76,72,72,69,64,59,59,7,62,60,34,26,28,23,35,30,42,42,32,32,38,50,67,79,38,70,75,75,75,75,76,76,68,76,76,76,64,46,28,46,76,46],"gold":383,"neow_bonus":"THREE_ENEMY_KILL","is_prod":false,"is_daily":false,"chose_seed":false,"campfire_upgraded":9,"win_rate":0,"timestamp":1556768452,"path_taken":["M","$","?","M","?","E","R","M","T","M","$","E","?","M","R","BOSS","M","?","?","M","M","R","M","R","T","E","$","M","R","?","R","BOSS","M","$","?","?","?","R","E","R","T","R","E","M","E","?","R","BOSS"],"build_version":"2019-01-23","purchased_purges":2,"victory":true,"max_hp_per_floor":[80,80,80,80,80,80,80,80,80,80,80,80,80,80,80,80,80,80,80,80,80,80,80,80,80,80,80,80,80,80,80,80,80,80,80,80,76,76,76,76,76,76,76,76,76,76,76,76,76,76],"card_choices":[{"not_picked":["Perfected Strike","Feel No Pain"],"picked":"Twin Strike","floor":1.0},{"not_picked":["Perfected Strike","Body Slam","Twin Strike"],"picked":"SKIP","floor":4.0},{"not_picked":["Entrench","Bloodletting"],"picked":"Dropkick","floor":6.0},{"not_picked":["Body Slam","Whirlwind"],"picked":"Pommel Strike","floor":8.0},{"not_picked":["Clothesline","Battle Trance","Twin Strike"],"picked":"SKIP","floor":10.0},{"not_picked":["Wild Strike","Thunderclap"],"picked":"Armaments","floor":12.0},{"not_picked":["Thunderclap","Shockwave"],"picked":"Seeing Red","floor":13.0},{"not_picked":["Perfected Strike","Sword Boomerang"],"picked":"Shrug It Off","floor":14.0},{"not_picked":["Reaper","Double Tap"],"picked":"Demon Form","floor":16.0},{"not_picked":["Twin Strike","Perfected Strike","Sword Boomerang"],"picked":"SKIP","floor":18.0},{"not_picked":["Hemokinesis","Headbutt+1"],"picked":"Heavy Blade","floor":19.0},{"not_picked":["Blood for Blood+1","Sword Boomerang"],"picked":"Disarm","floor":21.0},{"not_picked":["Iron Wave","Flame Barrier","Shrug It Off"],"picked":"SKIP","floor":22.0},{"not_picked":["Power Through","Clash","Heavy Blade+1"],"picked":"SKIP","floor":24.0},{"not_picked":["Second Wind","Bludgeon"],"picked":"Flex","floor":27.0},{"not_picked":["Body Slam","Clothesline"],"picked":"Seeing Red","floor":29.0},{"not_picked":["Clash","Combust","Flame Barrier"],"picked":"SKIP","floor":31.0},{"not_picked":["Offering","Barricade"],"picked":"Limit Break","floor":33.0},{"not_picked":["Combust","Shrug It Off","Hemokinesis"],"picked":"SKIP","floor":35.0},{"not_picked":["Carnage+1","Fire Breathing","Flame Barrier"],"picked":"SKIP","floor":39.0},{"not_picked":["Heavy Blade","Metallicize"],"picked":"True Grit+1","floor":41},{"not_picked":["Anger","Cleave","Armaments"],"picked":"SKIP","floor":45},{"not_picked":["Clash+1","Inflame","Evolve+1"],"picked":"SKIP","floor":46},{"not_picked":["Heavy Blade","Searing Blow","Sword Boomerang"],"picked":"SKIP","floor":47}],"player_experience":359352,"relics_obtained":[{"floor":6.0,"key":"Turnip"},{"floor":9.0,"key":"Self Forming Clay"},{"floor":12.0,"key":"Anchor"},{"floor":19.0,"key":"Charon\u0027s Ashes"},{"floor":19.0,"key":"Gremlin Horn"},{"floor":26.0,"key":"Bag of Preparation"},{"floor":27.0,"key":"The Courier"},{"floor":38.0,"key":"Happy Flower"},{"floor":41,"key":"Juzu Bracelet"},{"floor":43,"key":"Meat on the Bone"},{"floor":45,"key":"PreservedInsect"},{"floor":47,"key":"Omamori"},{"floor":48,"key":"FossilizedHelix"}],"event_choices":[{"damage_healed":0.0,"max_hp_gain":0.0,"max_hp_loss":0.0,"gold_gain":0.0,"event_name":"Liars Game","player_choice":"Ignored","floor":3.0,"gold_loss":0.0,"damage_taken":0.0},{"damage_healed":0.0,"max_hp_gain":0.0,"max_hp_loss":0.0,"gold_gain":0.0,"event_name":"Shining Light","player_choice":"Entered Light","floor":5.0,"gold_loss":0.0,"damage_taken":16.0,"cards_upgraded":["Defend_R","Strike_R"]},{"damage_healed":0.0,"max_hp_gain":0.0,"max_hp_loss":0.0,"gold_gain":0.0,"event_name":"Colosseum","player_choice":"Fight","floor":19.0,"gold_loss":0.0,"damage_taken":0.0},{"damage_healed":0.0,"max_hp_gain":0.0,"max_hp_loss":0.0,"gold_gain":0.0,"event_name":"Colosseum","player_choice":"Fought Nobs","floor":19.0,"gold_loss":0.0,"damage_taken":0.0},{"damage_healed":0.0,"max_hp_gain":0.0,"max_hp_loss":0.0,"gold_gain":0.0,"event_name":"Wheel of Change","player_choice":"Damaged","floor":20.0,"gold_loss":0.0,"damage_taken":8.0},{"damage_healed":0.0,"max_hp_gain":0.0,"max_hp_loss":4.0,"gold_gain":0.0,"event_name":"Winding Halls","player_choice":"Max HP","floor":37.0,"gold_loss":0.0,"damage_taken":0.0},{"damage_healed":0,"gold_gain":0,"player_choice":"Fight","damage_taken":0,"max_hp_gain":0,"max_hp_loss":0,"event_name":"MindBloom","floor":48,"gold_loss":0}],"is_beta":false,"boss_relics":[{"not_picked":["Tiny House","Runic Dome"],"picked":"Eternal Feather"},{"not_picked":["Pandora\u0027s Box","Astrolabe"],"picked":"Runic Pyramid"}],"items_purged_floors":[28,36],"is_endless":false,"potions_floor_spawned":[4,6,8,10,14,18,19,24,27,31,39,46,47,48],"ascension_level":13}