{"gold_per_floor":[114,65,82,32,32,67,67,142,142,142,160,200,200,213,213,309,309,330,330,42,60,80,80,103,142,169,169,187,187,206,231,231,329,329,350,350,350,147,170,170,195,48,48,48,92,107,107,125,125,125],"floor_reached":51,"playtime":1638,"items_purged":["Strike_B"],"score":1134,"play_id":"9e0bab3c-ea3a-44ef-a728-54256a2f8b75","local_time":"20190429162900","is_ascension_mode":true,"campfire_choices":[{"data":"Hologram","floor":7.0,"key":"SMITH"},{"floor":10.0,"key":"REST"},{"data":"Defend_B","floor":15.0,"key":"SMITH"},{"data":"Zap","floor":23.0,"key":"SMITH"},{"data":"Self Repair","floor":27.0,"key":"SMITH"},{"data":"Electrodynamics","floor":29.0,"key":"SMITH"},{"floor":32.0,"key":"REST"},{"data":"White Noise","floor":40.0,"key":"SMITH"},{"floor":44.0,"key":"REST"},{"floor":47.0,"key":"REST"},{"floor":49,"key":"REST"}],"neow_cost":"NONE","seed_source_timestamp":174695127300980,"circlet_count":0,"master_deck":["AscendersBane","Strike_B","Defend_B+1","Defend_B","Defend_B","Zap+1","Dualcast","Sweeping Beam","Rebound","Hologram+1","Cold Snap","Core Surge","Self Repair+1","Melter","Electrodynamics+1","Beam Cell","Steam+1","Storm+1","Cold Snap","Heatsinks+1","Gash","White Noise+1","Biased Cognition","Echo Form","Defragment","Heatsinks","Steam Power","Steam+1","Loop+1","Machine Learning","Leap","Coolheaded","Stack+1"],"special_seed":0,"relics":["Velvet Choker","Golden Idol","Dream Catcher","Cables","Kunai","Inserter","Mummified Hand","Dead Branch","Smiling Mask","Nuclear Battery","Regal Pillow","Blue Candle","Pen Nib"],"potions_floor_usage":[50],"damage_taken":[{"damage":0.0,"enemies":"Small Slimes","floor":1.0,"turns":3.0},{"damage":2.0,"enemies":"Jaw Worm","floor":3.0,"turns":2.0},{"damage":36.0,"enemies":"Lagavulin","floor":6.0,"turns":8.0},{"damage":4.0,"enemies":"2 Louse","floor":11.0,"turns":2.0},{"damage":7.0,"enemies":"3 Sentries","floor":12.0,"turns":4.0},{"damage":2.0,"enemies":"Looter","floor":14.0,"turns":4.0},{"damage":30.0,"enemies":"The Guardian","floor":16.0,"turns":14.0},{"damage":2.0,"enemies":"Chosen","floor":18.0,"turns":6.0},{"damage":0.0,"enemies":"Spheric Guardian","floor":21.0,"turns":2.0},{"damage":16.0,"enemies":"Cultist and Chosen","floor":22.0,"turns":6.0},{"damage":18.0,"enemies":"Centurion and Healer","floor":24.0,"turns":7.0},{"damage":23.0,"enemies":"Slavers","floor":25.0,"turns":6.0},{"damage":10.0,"enemies":"3 Cultists","floor":28.0,"turns":4.0},{"damage":1.0,"enemies":"Sentry and Sphere","floor":30.0,"turns":3.0},{"damage":25.0,"enemies":"Centurion and Healer","floor":31.0,"turns":3.0},{"damage":12.0,"enemies":"Collector","floor":33.0,"turns":6.0},{"damage":35.0,"enemies":"3 Darklings","floor":35.0,"turns":4.0},{"damage":20.0,"enemies":"3 Shapes","floor":39.0,"turns":3.0},{"damage":39.0,"enemies":"Jaw Worm Horde","floor":41.0,"turns":4.0},{"damage":24.0,"enemies":"Nemesis","floor":45.0,"turns":5.0},{"damage":15.0,"enemies":"Transient","floor":46.0,"turns":5.0},{"damage":14,"enemies":"4 Shapes","floor":48,"turns":2},{"damage":44,"enemies":"Donu and Deca","floor":50,"turns":7}],"seed_played":"-8466658029707873974","potions_obtained":[{"floor":6.0,"key":"FocusPotion"},{"floor":12.0,"key":"SteroidPotion"},{"floor":16.0,"key":"EntropicBrew"},{"floor":22.0,"key":"SkillPotion"},{"floor":30.0,"key":"FocusPotion"},{"floor":41.0,"key":"SkillPotion"},{"floor":46.0,"key":"FocusPotion"}],"is_trial":false,"path_per_floor":["M","$","M","?","?","E","R","?","T","R","M","E","?","M","R","B",null,"M","?","$","M","M","R","M","E","T","R","M","R","M","M","R","B",null,"M","?","?","$","M","R","M","$","T","R","E","M","R","M","R","B",null],"character_chosen":"DEFECT","items_purchased":["Rebound","Mummified Hand","Beam Cell","Heatsinks","Steam Power","Regal Pillow"],"campfire_rested":5,"item_purchase_floors":[2,20,20,38,38,42],"current_hp_per_floor":[68,68,66,66,66,30,30,19,19,39,35,28,28,33,33,10,54,59,59,59,66,57,57,46,30,30,30,30,30,39,24,44,42,62,37,60,60,60,40,40,11,11,11,44,30,25,58,44,60,16],"gold":125,"neow_bonus":"BOSS_RELIC","is_prod":false,"is_daily":false,"chose_seed":false,"campfire_upgraded":6,"win_rate":0,"timestamp":1556573340,"path_taken":["M","$","M","?","?","E","R","?","T","R","M","E","?","M","R","BOSS","M","?","$","M","?","R","M","E","T","R","M","R","M","?","R","BOSS","M","?","?","$","M","R","M","$","T","R","E","M","R","M","R","BOSS"],"build_version":"2019-01-23","purchased_purges":1,"victory":true,"max_hp_per_floor":[75,75,75,75,69,69,69,69,69,69,69,69,69,69,69,69,69,69,69,69,69,69,69,69,69,69,69,69,69,69,69,69,69,69,69,60,60,60,60,60,60,60,60,60,60,60,60,60,60,60],"card_choices":[{"not_picked":["Heatsinks","Leap"],"picked":"Sweeping Beam","floor":1.0},{"not_picked":["Beam Cell","Rebound","Gash"],"picked":"SKIP","floor":3.0},{"not_picked":["FTL","Gash"],"picked":"Hologram","floor":6.0},{"not_picked":["Loop","Heatsinks"],"picked":"Cold Snap","floor":10.0},{"not_picked":["White Noise","Redo"],"picked":"Core Surge","floor":11.0},{"not_picked":["Skim","Darkness"],"picked":"Self Repair","floor":12.0},{"not_picked":["Turbo","Compile Driver"],"picked":"Melter","floor":14.0},{"not_picked":["Hyperbeam","Reboot"],"picked":"Electrodynamics","floor":16.0},{"not_picked":["Stack","Storm","Tempest"],"picked":"SKIP","floor":18.0},{"not_picked":["Heatsinks","Rebound"],"picked":"Steam+1","floor":21.0},{"not_picked":["Sunder+1","Sweeping Beam","Rebound"],"picked":"SKIP","floor":22.0},{"not_picked":["Redo","Beam Cell"],"picked":"Storm+1","floor":24.0},{"not_picked":["Undo","Chaos"],"picked":"Cold Snap","floor":25.0},{"not_picked":["Beam Cell","Ball Lightning"],"picked":"Heatsinks+1","floor":28.0},{"not_picked":["Conserve Battery","Cold Snap"],"picked":"Gash","floor":30.0},{"not_picked":["Leap","Redo"],"picked":"White Noise","floor":31.0},{"not_picked":["Melter+1","Cold Snap"],"picked":"Biased Cognition","floor":32.0},{"not_picked":["Rainbow","Biased Cognition"],"picked":"Echo Form","floor":33.0},{"not_picked":["Conserve Battery","Hologram"],"picked":"Defragment","floor":35.0},{"not_picked":["Storm","Streamline"],"picked":"Steam+1","floor":39.0},{"not_picked":["Turbo","Hologram"],"picked":"Loop+1","floor":41.0},{"not_picked":["Stack+1","Doom and Gloom"],"picked":"Machine Learning","floor":44.0},{"not_picked":["Reprogram","Fusion","Melter+1"],"picked":"SKIP","floor":45.0},{"not_picked":["Darkness","Recycle+1"],"picked":"Leap","floor":46.0},{"not_picked":["Streamline","Stack"],"picked":"Coolheaded","floor":47.0},{"not_picked":["Hologram","Static Discharge","FTL"],"picked":"SKIP","floor":48},{"not_picked":["Hologram","Conserve Battery"],"picked":"Stack+1","floor":49}],"player_experience":341864,"relics_obtained":[{"floor":6.0,"key":"Dream Catcher"},{"floor":9.0,"key":"Cables"},{"floor":12.0,"key":"Kunai"},{"floor":25.0,"key":"Dead Branch"},{"floor":26.0,"key":"Smiling Mask"},{"floor":43.0,"key":"Blue Candle"},{"floor":45.0,"key":"Pen Nib"}],"event_choices":[{"cards_removed":["Strike_B"],"damage_healed":0.0,"max_hp_gain":0.0,"max_hp_loss":0.0,"gold_gain":0.0,"event_name":"The Cleric","player_choice":"Card Removal","floor":4.0,"gold_loss":50.0,"damage_taken":0.0},{"damage_healed":0.0,"max_hp_gain":0.0,"max_hp_loss":6.0,"gold_gain":0.0,"event_name":"Golden Idol","player_choice":"Lose Max HP","floor":5.0,"gold_loss":0.0,"damage_taken":0.0,"relics_obtained":["Golden Idol"]},{"damage_healed":0.0,"max_hp_gain":0.0,"max_hp_loss":0.0,"gold_gain":75.0,"event_name":"World of Goop","player_choice":"Gather Gold","floor":8.0,"gold_loss":0.0,"damage_taken":11.0},{"damage_healed":0.0,"max_hp_gain":0.0,"max_hp_loss":0.0,"gold_gain":0.0,"event_name":"Dead Adventurer","player_choice":"Searched \u00271\u0027 times","floor":13.0,"gold_loss":0.0,"damage_taken":0.0},{"cards_removed":["Strike_B"],"damage_healed":0.0,"max_hp_gain":0.0,"max_hp_loss":0.0,"gold_gain":0.0,"event_name":"Purifier","player_choice":"Purged","floor":19.0,"gold_loss":0.0,"damage_taken":0.0},{"damage_healed":60.0,"max_hp_gain":0.0,"max_hp_loss":9.0,"gold_gain":0.0,"event_name":"The Moai Head","player_choice":"Heal","floor":36.0,"gold_loss":0.0,"damage_taken":0.0},{"cards_removed":["Defend_B"],"damage_healed":0.0,"max_hp_gain":0.0,"max_hp_loss":0.0,"gold_gain":0.0,"event_name":"Falling","player_choice":"Removed Skill","floor":37.0,"gold_loss":0.0,"damage_taken":0.0}],"is_beta":false,"boss_relics":[{"not_picked":["Orrery","Black Star"],"picked":"Inserter"},{"not_picked":["Empty Cage","White Beast Statue"],"picked":"Nuclear Battery"}],"items_purged_floors":[38],"is_endless":false,"potions_floor_spawned":[6,12,16,21,22,24,30,41,46],"ascension_level":13}