{"gold_per_floor":[12,12,25,41,41,41,69,69,96,106,106,126,143,143,143,238,288,304,304,315,330,1,1,13,13],"floor_reached":25,"playtime":1413,"items_purged":[],"score":205,"play_id":"15071e05-d735-4a0c-bef6-ef1b967541ed","local_time":"20190520151637","is_ascension_mode":false,"campfire_choices":[{"data":"Neutralize","floor":6,"key":"SMITH"},{"floor":8,"key":"REST"},{"floor":15,"key":"REST"},{"floor":23,"key":"REST"}],"neow_cost":"NO_GOLD","seed_source_timestamp":283991306088126,"circlet_count":0,"master_deck":["Defend_G+1","Defend_G","Defend_G","Defend_G","Defend_G","Strike_G","Strike_G","Strike_G+1","Strike_G","Strike_G","Survivor","Neutralize+1","Terror","Flechettes+1","Adrenaline","Footwork","Envenom","Dash","Backflip","Deflect+1","Deflect","Noxious Fumes"],"relics":["Ring of the Snake","Calipers","Regal Pillow","Vajra","Tiny House","NlothsMask","Toxic Egg 2"],"potions_floor_usage":[7],"damage_taken":[{"damage":0,"enemies":"2 Louse","floor":1,"turns":4},{"damage":0,"enemies":"Small Slimes","floor":3,"turns":4},{"damage":3,"enemies":"Cultist","floor":4,"turns":5},{"damage":56,"enemies":"3 Sentries","floor":7,"turns":19},{"damage":0,"enemies":"Blue Slaver","floor":10,"turns":3},{"damage":0,"enemies":"2 Fungi Beasts","floor":12,"turns":2},{"damage":0,"enemies":"Large Slime","floor":13,"turns":6},{"damage":43,"enemies":"Hexaghost","floor":16,"turns":12},{"damage":19,"enemies":"Spheric Guardian","floor":18,"turns":6},{"damage":27,"enemies":"3 Byrds","floor":20,"turns":8},{"damage":26,"enemies":"Shelled Parasite and Fungi","floor":21,"turns":9},{"damage":35,"enemies":"Chosen and Byrds","floor":24,"turns":9},{"damage":6,"enemies":"Snecko","floor":25,"turns":2}],"seed_played":"-846440344924086675","potions_obtained":[{"floor":1,"key":"Fire Potion"},{"floor":3,"key":"Poison Potion"},{"floor":10,"key":"Energy Potion"},{"floor":17,"key":"Fire Potion"}],"is_trial":false,"path_per_floor":["M","?","M","M","$","R","E","R","T","M","?","M","M","?","R","B",null,"M","?","M","M","$","R","M","M"],"character_chosen":"THE_SILENT","items_purchased":["Noxious Fumes","Toxic Egg 2"],"campfire_rested":3,"item_purchase_floors":[22,22],"current_hp_per_floor":[70,70,70,67,67,67,11,47,47,47,33,33,33,33,69,26,75,56,56,29,3,3,40,5,0],"gold":13,"neow_bonus":"ONE_RARE_RELIC","is_prod":false,"is_daily":false,"chose_seed":false,"campfire_upgraded":1,"win_rate":0,"timestamp":1558390597,"path_taken":["M","?","M","M","$","R","E","R","T","M","?","M","M","?","R","BOSS","M","?","M","M","$","R","M","?"],"build_version":"2019-01-23","purchased_purges":0,"victory":false,"max_hp_per_floor":[70,70,70,70,70,70,70,70,70,70,70,70,70,70,70,70,75,75,75,75,75,75,75,75,75],"card_choices":[{"not_picked":["Concentrate","Deadly Poison","Expertise"],"picked":"SKIP","floor":1},{"not_picked":["Deflect","Backflip"],"picked":"Terror","floor":3},{"not_picked":["All Out Attack","Outmaneuver","Acrobatics"],"picked":"SKIP","floor":4},{"not_picked":["Sucker Punch","Bane"],"picked":"Flechettes","floor":7},{"not_picked":["Bouncing Flask","Slice","PiercingWail"],"picked":"SKIP","floor":10},{"not_picked":["Masterful Stab","Dagger Spray"],"picked":"Adrenaline","floor":12},{"not_picked":["Bane","Masterful Stab"],"picked":"Footwork","floor":13},{"not_picked":["Adrenaline","Night Terror"],"picked":"Envenom","floor":16},{"not_picked":["Cloak And Dagger","Deflect"],"picked":"Dash","floor":17},{"not_picked":["Accuracy","Sucker Punch"],"picked":"Backflip","floor":18},{"not_picked":["Prepared","Flying Knee"],"picked":"Deflect+1","floor":20},{"not_picked":["Dagger Throw","Concentrate"],"picked":"Deflect","floor":21},{"not_picked":["Caltrops","Dagger Throw","Sucker Punch+1"],"picked":"SKIP","floor":24}],"player_experience":214954,"relics_obtained":[{"floor":7,"key":"Regal Pillow"},{"floor":9,"key":"Vajra"}],"event_choices":[{"damage_healed":0,"gold_gain":0,"player_choice":"Leave","damage_taken":0,"max_hp_gain":0,"max_hp_loss":0,"event_name":"The Cleric","floor":2,"gold_loss":0},{"damage_healed":0,"gold_gain":0,"player_choice":"Entered Light","damage_taken":14,"max_hp_gain":0,"max_hp_loss":0,"event_name":"Shining Light","floor":11,"gold_loss":0,"cards_upgraded":["Flechettes","Defend_G"]},{"damage_healed":0,"gold_gain":0,"player_choice":"Ignored","damage_taken":0,"max_hp_gain":0,"max_hp_loss":0,"event_name":"Liars Game","floor":14,"gold_loss":0},{"damage_healed":0,"gold_gain":0,"player_choice":"Trade","damage_taken":0,"relics_obtained":["NlothsMask"],"max_hp_gain":0,"max_hp_loss":0,"event_name":"FaceTrader","floor":19,"gold_loss":0}],"is_beta":false,"boss_relics":[{"not_picked":["Lizard Tail","Runic Pyramid"],"picked":"Tiny House"}],"items_purged_floors":[],"is_endless":false,"potions_floor_spawned":[1,3,10,20,21],"killed_by":"Snecko","ascension_level":0}