{"gold_per_floor":[118,118,134,151,215,246,246,262,262,273,286,336,336,461,461,461],"floor_reached":16,"playtime":359,"items_purged":[],"score":198,"play_id":"889b36ef-f54b-4451-b58f-3c9c97a05cc8","local_time":"20190514143224","is_ascension_mode":true,"campfire_choices":[{"data":"Self Repair","floor":7,"key":"SMITH"},{"floor":13,"key":"REST"},{"data":"Barrage","floor":15,"key":"SMITH"}],"neow_cost":"NONE","seed_source_timestamp":1465092547764961,"circlet_count":0,"master_deck":["AscendersBane","Strike_B","Strike_B","Strike_B","Strike_B","Defend_B","Defend_B","Defend_B","Defend_B","Zap","Dualcast","Ball Lightning","Self Repair+1","Steam Power","Rebound","Barrage+1","Normality"],"relics":["Cursed Key","SsserpentHead","Smiling Mask","Du-Vu Doll"],"potions_floor_usage":[8,16,16],"damage_taken":[{"damage":1,"enemies":"Cultist","floor":1,"turns":3},{"damage":8,"enemies":"2 Louse","floor":3,"turns":2},{"damage":7,"enemies":"Small Slimes","floor":4,"turns":3},{"damage":7,"enemies":"2 Fungi Beasts","floor":5,"turns":4},{"damage":27,"enemies":"Lagavulin","floor":6,"turns":6},{"damage":31,"enemies":"Exordium Wildlife","floor":8,"turns":5},{"damage":11,"enemies":"Blue Slaver","floor":10,"turns":3},{"damage":9,"enemies":"Red Slaver","floor":11,"turns":3},{"damage":36,"enemies":"The Guardian","floor":16,"turns":2}],"seed_played":"6050977095905731353","potions_obtained":[{"floor":1,"key":"GamblersBrew"},{"floor":5,"key":"Weak Potion"},{"floor":8,"key":"SpeedPotion"},{"floor":10,"key":"Regen Potion"}],"is_trial":false,"path_per_floor":["M","?","M","M","M","E","R","M","T","M","M","?","R","?","R","B"],"character_chosen":"DEFECT","items_purchased":[],"campfire_rested":1,"item_purchase_floors":[],"current_hp_per_floor":[63,63,55,55,55,35,35,14,14,13,14,14,35,24,24,0],"gold":461,"neow_bonus":"BOSS_RELIC","is_prod":false,"is_daily":false,"chose_seed":false,"campfire_upgraded":2,"win_rate":0,"timestamp":1557862344,"path_taken":["M","?","M","M","?","E","R","M","T","M","M","?","R","?","R","BOSS"],"build_version":"2019-01-23","purchased_purges":0,"victory":false,"max_hp_per_floor":[71,71,71,71,71,71,71,71,71,71,71,71,71,71,71,71],"card_choices":[{"not_picked":["Chaos","BootSequence"],"picked":"Ball Lightning","floor":1},{"not_picked":["Skim","Hello World"],"picked":"Self Repair","floor":3},{"not_picked":["Hello World","Tempest"],"picked":"Steam Power","floor":4},{"not_picked":["Auto Shields","Double Energy"],"picked":"Rebound","floor":5},{"not_picked":["Blizzard","Stack","Redo"],"picked":"SKIP","floor":6},{"not_picked":["Beam Cell","Go for the Eyes"],"picked":"Barrage","floor":8},{"not_picked":["Aggregate","Go for the Eyes","Skim"],"picked":"SKIP","floor":10},{"not_picked":["Barrage","Beam Cell","Sweeping Beam"],"picked":"SKIP","floor":11}],"player_experience":424338,"relics_obtained":[{"floor":6,"key":"Smiling Mask"},{"floor":9,"key":"Du-Vu Doll"}],"event_choices":[{"damage_healed":0,"gold_gain":0,"player_choice":"Trade","damage_taken":0,"relics_obtained":["SsserpentHead"],"max_hp_gain":0,"max_hp_loss":0,"event_name":"FaceTrader","floor":2,"gold_loss":0},{"damage_healed":0,"gold_gain":0,"player_choice":"Ignored","damage_taken":0,"max_hp_gain":0,"max_hp_loss":0,"event_name":"Liars Game","floor":12,"gold_loss":0},{"damage_healed":0,"gold_gain":75,"player_choice":"Gather Gold","damage_taken":11,"max_hp_gain":0,"max_hp_loss":0,"event_name":"World of Goop","floor":14,"gold_loss":0}],"is_beta":false,"boss_relics":[],"items_purged_floors":[],"is_endless":false,"potions_floor_spawned":[1,5,8,10,11],"killed_by":"The Guardian","ascension_level":18}