{"gold_per_floor":[213,388,388,43,43,72,84,84,107,123,123,139,139,152,152,152],"floor_reached":16,"playtime":629,"items_purged":["Regret"],"score":100,"play_id":"f85a5927-8640-40b7-8bd7-60b39b5f45d0","local_time":"20190218190310","is_ascension_mode":false,"campfire_choices":[{"floor":8,"key":"REST"},{"data":"Loop","floor":13,"key":"SMITH"},{"data":"Zap","floor":15,"key":"SMITH"}],"neow_cost":"NONE","seed_source_timestamp":448194614584539,"circlet_count":0,"master_deck":["Strike_B","Strike_B","Strike_B","Strike_B","Defend_B","Defend_B","Defend_B","Defend_B","Zap+1","Dualcast","Doubt","Loop+1","Ball Lightning","Go for the Eyes","Heatsinks","Conserve Battery","Sweeping Beam","Reboot"],"relics":["Cracked Core","Peace Pipe","Lantern","Blood Vial","Oddly Smooth Stone","Anchor","Golden Idol"],"potions_floor_usage":[14,16],"damage_taken":[{"damage":17,"enemies":"Small Slimes","floor":1,"turns":3},{"damage":27,"enemies":"Lagavulin","floor":6,"turns":6},{"damage":0,"enemies":"2 Louse","floor":7,"turns":2},{"damage":0,"enemies":"Jaw Worm","floor":10,"turns":3},{"damage":10,"enemies":"Lots of Slimes","floor":12,"turns":4},{"damage":0,"enemies":"Exordium Thugs","floor":14,"turns":4},{"damage":33,"enemies":"Slime Boss","floor":16,"turns":8}],"seed_played":"4125311745231514510","potions_obtained":[{"floor":6,"key":"Regen Potion"},{"floor":7,"key":"Ancient Potion"},{"floor":10,"key":"Weak Potion"}],"is_trial":false,"path_per_floor":["M","?","?","$","?","E","M","R","T","M","?","M","R","M","R","B"],"character_chosen":"DEFECT","items_purchased":["Loop","Ball Lightning","Lantern"],"campfire_rested":1,"item_purchase_floors":[4,4,4],"current_hp_per_floor":[58,58,58,58,46,21,23,45,45,47,29,21,21,35,35,4],"gold":152,"neow_bonus":"HUNDRED_GOLD","is_prod":false,"is_daily":false,"chose_seed":false,"campfire_upgraded":2,"win_rate":0,"timestamp":1550538190,"path_taken":["M","?","?","$","?","E","M","R","T","M","?","M","R","?","R","BOSS"],"build_version":"2019-01-23","purchased_purges":1,"victory":false,"max_hp_per_floor":[75,75,75,75,75,75,75,75,75,75,75,75,75,75,75,75],"card_choices":[{"not_picked":["Compile Driver","Cold Snap","Recycle"],"picked":"SKIP","floor":1},{"not_picked":["Blizzard","Rip and Tear"],"picked":"Go for the Eyes","floor":6},{"not_picked":["Sunder","White Noise"],"picked":"Heatsinks","floor":7},{"not_picked":["Consume","Compile Driver"],"picked":"Conserve Battery","floor":10},{"not_picked":["Aggregate","Compile Driver"],"picked":"Sweeping Beam","floor":12},{"not_picked":["Cold Snap","Barrage"],"picked":"Reboot","floor":14}],"player_experience":63820,"relics_obtained":[{"floor":6,"key":"Oddly Smooth Stone"},{"floor":9,"key":"Anchor"}],"event_choices":[{"damage_healed":0,"gold_gain":175,"player_choice":"AGREE","damage_taken":0,"max_hp_gain":0,"max_hp_loss":0,"event_name":"Liars Game","floor":2,"gold_loss":0,"cards_obtained":["Doubt"]},{"damage_healed":0,"gold_gain":0,"player_choice":"Box","damage_taken":0,"relics_obtained":["Peace Pipe"],"max_hp_gain":0,"max_hp_loss":0,"event_name":"Big Fish","floor":3,"gold_loss":0,"cards_obtained":["Regret"]},{"damage_healed":0,"gold_gain":0,"player_choice":"Success","damage_taken":12,"relics_obtained":["Blood Vial"],"max_hp_gain":0,"max_hp_loss":0,"event_name":"Scrap Ooze","floor":5,"gold_loss":0},{"damage_healed":0,"gold_gain":0,"player_choice":"Take Damage","damage_taken":18,"relics_obtained":["Golden Idol"],"max_hp_gain":0,"max_hp_loss":0,"event_name":"Golden Idol","floor":11,"gold_loss":0}],"is_beta":false,"boss_relics":[],"items_purged_floors":[4],"is_endless":false,"potions_floor_spawned":[6,7,10],"killed_by":"Slime Boss","ascension_level":0}