{"gold_per_floor":[117,132,132,142,158,158,188,202,247,247,247],"floor_reached":11,"playtime":256,"items_purged":[],"score":105,"play_id":"815578f6-901b-4522-b309-a5cc72bb1e39","local_time":"20190330130229","is_ascension_mode":true,"campfire_choices":[{"data":"Searing Blow","floor":6,"key":"SMITH"},{"data":"Searing Blow+1","floor":10,"key":"SMITH"}],"neow_cost":"NONE","seed_source_timestamp":1169378284633764,"circlet_count":0,"master_deck":["Strike_R","Strike_R","Strike_R","Strike_R","Strike_R","Defend_R","Defend_R","Defend_R","Defend_R","Bash","Perfected Strike","Armaments","Clothesline","Searing Blow+2","Rampage","Inflame"],"relics":["Burning Blood","NeowsBlessing","Letter Opener","Dream Catcher"],"potions_floor_usage":[7],"damage_taken":[{"damage":0,"enemies":"Jaw Worm","floor":1,"turns":1},{"damage":0,"enemies":"Cultist","floor":2,"turns":1},{"damage":0,"enemies":"2 Louse","floor":4,"turns":1},{"damage":37,"enemies":"Large Slime","floor":5,"turns":7},{"damage":24,"enemies":"Gremlin Nob","floor":7,"turns":4},{"damage":15,"enemies":"2 Fungi Beasts","floor":8,"turns":3},{"damage":22,"enemies":"Lots of Slimes","floor":11,"turns":4}],"seed_played":"2434096212609538193","potions_obtained":[{"floor":1,"key":"FairyPotion"},{"floor":3,"key":"SkillPotion"},{"floor":3,"key":"LiquidBronze"}],"is_trial":false,"path_per_floor":["M","M","?","M","M","R","E","M","T","R","M"],"character_chosen":"IRONCLAD","items_purchased":[],"campfire_rested":0,"item_purchase_floors":[],"current_hp_per_floor":[78,80,80,80,49,49,31,22,22,22,8],"gold":247,"neow_bonus":"THREE_ENEMY_KILL","is_prod":false,"is_daily":false,"chose_seed":false,"campfire_upgraded":2,"win_rate":0,"timestamp":1553968949,"path_taken":["M","M","?","M","M","R","E","M","T","R","M"],"build_version":"2019-01-23","purchased_purges":0,"victory":false,"max_hp_per_floor":[80,80,80,80,80,80,80,80,80,80,80],"card_choices":[{"not_picked":["Bloodletting","Havoc"],"picked":"Perfected Strike","floor":1},{"not_picked":["Twin Strike","Uppercut"],"picked":"Armaments","floor":2},{"not_picked":["Flex","Carnage"],"picked":"Clothesline","floor":4},{"not_picked":["Feel No Pain","Disarm"],"picked":"Searing Blow","floor":5},{"not_picked":["Rupture","Perfected Strike"],"picked":"Rampage","floor":7},{"not_picked":["Combust","Burning Pact"],"picked":"Inflame","floor":8}],"player_experience":275899,"relics_obtained":[{"floor":7,"key":"Letter Opener"},{"floor":9,"key":"Dream Catcher"}],"event_choices":[{"damage_healed":0,"gold_gain":0,"player_choice":"Got Potions","damage_taken":0,"max_hp_gain":0,"max_hp_loss":0,"event_name":"Lab","floor":3,"gold_loss":0}],"is_beta":false,"boss_relics":[],"items_purged_floors":[],"is_endless":false,"potions_floor_spawned":[1,5],"killed_by":"Lots of Slimes","ascension_level":8}