{"gold_per_floor":[116,136,136,149,163,163,179,199,199,218,293,293,312,324,324,324],"floor_reached":16,"playtime":767,"items_purged":[],"score":98,"play_id":"d559b73a-7dc7-40cd-af8b-5426011fe481","local_time":"20190515234246","is_ascension_mode":false,"campfire_choices":[{"floor":6,"key":"REST"},{"data":"Redo","floor":12,"key":"SMITH"},{"floor":15,"key":"REST"}],"neow_cost":"NONE","seed_source_timestamp":87093802327722,"circlet_count":0,"master_deck":["Strike_B","Strike_B","Strike_B","Defend_B","Defend_B","Defend_B","Defend_B","Zap","Dualcast","Gash","Go for the Eyes","Regret","Go for the Eyes","Turbo","Glacier","Coolheaded","Redo+1","Cold Snap","Cold Snap"],"relics":["Cracked Core","Boot","Pear"],"potions_floor_usage":[],"damage_taken":[{"damage":5,"enemies":"Small Slimes","floor":1,"turns":4},{"damage":11,"enemies":"Jaw Worm","floor":2,"turns":3},{"damage":2,"enemies":"Cultist","floor":4,"turns":3},{"damage":12,"enemies":"Large Slime","floor":5,"turns":5},{"damage":13,"enemies":"2 Fungi Beasts","floor":7,"turns":3},{"damage":1,"enemies":"Looter","floor":8,"turns":4},{"damage":7,"enemies":"3 Louse","floor":10,"turns":3},{"damage":5,"enemies":"Gremlin Gang","floor":13,"turns":6},{"damage":3,"enemies":"Red Slaver","floor":14,"turns":3},{"damage":64,"enemies":"Hexaghost","floor":16,"turns":16}],"seed_played":"-4014102949044616916","potions_obtained":[{"floor":4,"key":"Energy Potion"},{"floor":5,"key":"PowerPotion"},{"floor":7,"key":"Explosive Potion"},{"floor":13,"key":"Block Potion"}],"is_trial":false,"path_per_floor":["M","M","?","M","M","R","M","M","T","M","?","R","M","M","R","B"],"character_chosen":"DEFECT","items_purchased":[],"campfire_rested":2,"item_purchase_floors":[],"current_hp_per_floor":[70,59,59,57,45,67,54,53,63,56,45,45,40,37,62,0],"gold":324,"neow_bonus":"REMOVE_CARD","is_prod":false,"is_daily":false,"chose_seed":false,"campfire_upgraded":1,"win_rate":0,"timestamp":1557988966,"path_taken":["M","M","?","M","M","R","M","M","T","M","?","R","M","M","R","BOSS"],"build_version":"2019-01-23","purchased_purges":0,"victory":false,"max_hp_per_floor":[75,75,75,75,75,75,75,75,85,85,85,85,85,85,85,85],"card_choices":[{"not_picked":["Rebound","Go for the Eyes"],"picked":"Gash","floor":1},{"not_picked":["Rebound","Hello World"],"picked":"Go for the Eyes","floor":2},{"not_picked":["Stack","Leap"],"picked":"Go for the Eyes","floor":4},{"not_picked":["Ball Lightning","Heatsinks"],"picked":"Turbo","floor":5},{"not_picked":["Reprogram","Auto Shields"],"picked":"Glacier","floor":7},{"not_picked":["Reboot","Conserve Battery"],"picked":"Coolheaded","floor":8},{"not_picked":["Self Repair","Ball Lightning"],"picked":"Redo","floor":10},{"not_picked":["Compile Driver","Darkness"],"picked":"Cold Snap","floor":13},{"not_picked":["Double Energy","Go for the Eyes"],"picked":"Cold Snap","floor":14}],"player_experience":65516,"relics_obtained":[{"floor":9,"key":"Pear"}],"event_choices":[{"damage_healed":0,"gold_gain":0,"player_choice":"Box","damage_taken":0,"relics_obtained":["Boot"],"max_hp_gain":0,"max_hp_loss":0,"event_name":"Big Fish","floor":3,"gold_loss":0,"cards_obtained":["Regret"]},{"damage_healed":0,"gold_gain":75,"player_choice":"Gather Gold","damage_taken":11,"max_hp_gain":0,"max_hp_loss":0,"event_name":"World of Goop","floor":11,"gold_loss":0}],"is_beta":false,"boss_relics":[],"items_purged_floors":[],"is_endless":false,"potions_floor_spawned":[4,5,7,13,14],"killed_by":"Hexaghost","ascension_level":0}