{"gold_per_floor":[20,295,310,323,333,333,365,365,365,365,365,52,68,38,38,135,135,153,167,167,181,199,199,199],"floor_reached":24,"playtime":1501,"items_purged":[],"score":198,"play_id":"57c774a9-ca0b-46f9-aeba-715cfbc4cc51","local_time":"20190520154151","is_ascension_mode":false,"campfire_choices":[{"data":"Dagger Throw","floor":6,"key":"SMITH"},{"floor":8,"key":"REST"},{"data":"Skewer","floor":11,"key":"SMITH"},{"data":"Well Laid Plans","floor":15,"key":"SMITH"},{"floor":23,"key":"REST"}],"neow_cost":"NO_GOLD","seed_source_timestamp":285416087584254,"circlet_count":0,"master_deck":["Defend_G","Defend_G","Defend_G","Defend_G","Defend_G","Strike_G","Strike_G","Strike_G","Strike_G","Strike_G","Survivor","Neutralize","Skewer+1","Dagger Throw+1","Backflip","Quick Slash","Reflex","Malaise+1","Well Laid Plans+1","Corpse Explosion+1","Footwork","Deflect+1","Dagger Spray+1","Dagger Throw+1","Underhanded Strike+1","Calculated Gamble+1","Envenom","Leg Sweep+1","Underhanded Strike+1"],"relics":["Ring of the Snake","The Courier","Toxic Egg 2","Molten Egg 2","Orrery","Enchiridion"],"potions_floor_usage":[],"damage_taken":[{"damage":5,"enemies":"Jaw Worm","floor":1,"turns":5},{"damage":1,"enemies":"Cultist","floor":3,"turns":4},{"damage":7,"enemies":"Small Slimes","floor":4,"turns":4},{"damage":6,"enemies":"Exordium Wildlife","floor":5,"turns":5},{"damage":31,"enemies":"Gremlin Nob","floor":7,"turns":5},{"damage":0,"enemies":"2 Fungi Beasts","floor":13,"turns":3},{"damage":27,"enemies":"The Guardian","floor":16,"turns":13},{"damage":21,"enemies":"Spheric Guardian","floor":18,"turns":6},{"damage":7,"enemies":"3 Byrds","floor":19,"turns":3},{"damage":16,"enemies":"Snecko","floor":21,"turns":4},{"damage":10,"enemies":"Chosen and Byrds","floor":22,"turns":6},{"damage":41,"enemies":"Gremlin Leader","floor":24,"turns":7}],"seed_played":"-4643800203607024652","potions_obtained":[{"floor":1,"key":"PowerPotion"},{"floor":7,"key":"EssenceOfSteel"},{"floor":13,"key":"Energy Potion"}],"is_trial":false,"path_per_floor":["M","?","M","M","M","R","E","R","T","?","R","$","M","$","R","B",null,"M","M","?","M","M","R","E"],"character_chosen":"THE_SILENT","items_purchased":["Molten Egg 2","Malaise+1","Well Laid Plans"],"campfire_rested":2,"item_purchase_floors":[12,12,14],"current_hp_per_floor":[79,79,78,71,65,65,34,59,59,59,59,59,59,59,59,32,84,63,56,40,24,14,39,0],"gold":199,"neow_bonus":"TWENTY_PERCENT_HP_BONUS","is_prod":false,"is_daily":false,"chose_seed":false,"campfire_upgraded":3,"win_rate":0,"timestamp":1558392111,"path_taken":["M","?","?","M","M","R","E","R","T","?","R","$","M","?","R","BOSS","M","M","?","M","M","R","E"],"build_version":"2019-01-23","purchased_purges":0,"victory":false,"max_hp_per_floor":[84,84,84,84,84,84,84,84,84,84,84,84,84,84,84,84,84,84,84,84,84,84,84,84],"card_choices":[{"not_picked":["Terror","Deflect"],"picked":"Skewer","floor":1},{"not_picked":["PiercingWail","Crippling Poison"],"picked":"Dagger Throw","floor":3},{"not_picked":["Grand Finale","Skewer"],"picked":"Backflip","floor":4},{"not_picked":["Poisoned Stab","Riddle With Holes"],"picked":"Quick Slash","floor":5},{"not_picked":["Slice","Cloak And Dagger"],"picked":"Reflex","floor":7},{"not_picked":["Sucker Punch+1","Caltrops","Heel Hook+1"],"picked":"SKIP","floor":13},{"not_picked":["Bullet Time+1","Malaise+1"],"picked":"Corpse Explosion+1","floor":16},{"not_picked":["Flying Knee+1","Eviscerate+1"],"picked":"Footwork","floor":17},{"not_picked":["Well Laid Plans","Sucker Punch+1"],"picked":"Deflect+1","floor":17},{"not_picked":["Cloak And Dagger+1","Blur+1"],"picked":"Dagger Spray+1","floor":17},{"not_picked":["Prepared+1","Dodge and Roll+1"],"picked":"Dagger Throw+1","floor":17},{"not_picked":["Setup+1","Blade Dance+1"],"picked":"Underhanded Strike+1","floor":17},{"not_picked":["Backstab+1","Crippling Poison+1"],"picked":"Calculated Gamble+1","floor":18},{"not_picked":["Well Laid Plans+1","Expertise+1"],"picked":"Envenom","floor":19},{"not_picked":["Outmaneuver+1","Poisoned Stab+1"],"picked":"Leg Sweep+1","floor":21},{"not_picked":["Flying Knee+1","Poisoned Stab+1"],"picked":"Underhanded Strike+1","floor":22}],"player_experience":216367,"relics_obtained":[{"floor":7,"key":"The Courier"},{"floor":9,"key":"Toxic Egg 2"},{"floor":20,"key":"Enchiridion"}],"event_choices":[{"damage_healed":0,"gold_gain":275,"player_choice":"Desecrate","damage_taken":0,"max_hp_gain":0,"max_hp_loss":0,"event_name":"Golden Shrine","floor":2,"gold_loss":0,"cards_obtained":["Regret"]},{"cards_removed":["Regret"],"damage_healed":0,"gold_gain":0,"player_choice":"Forget","damage_taken":0,"max_hp_gain":0,"max_hp_loss":0,"event_name":"Living Wall","floor":10,"gold_loss":0},{"damage_healed":0,"gold_gain":0,"player_choice":"Obtained Book","damage_taken":16,"max_hp_gain":0,"max_hp_loss":0,"event_name":"Cursed Tome","floor":20,"gold_loss":0}],"is_beta":false,"boss_relics":[{"not_picked":["Lizard Tail","Philosopher\u0027s Stone"],"picked":"Orrery"}],"items_purged_floors":[],"is_endless":false,"potions_floor_spawned":[1,7,13,16,21],"killed_by":"Gremlin Leader","ascension_level":0}