{"gold_per_floor":[119,119,131,144,156,156,166,166,166,166,181,215,215,165,165,265,265,277,291,391,401,65,65],"floor_reached":23,"playtime":1240,"items_purged":["Pain"],"score":193,"play_id":"84e03a41-38dd-445b-89ed-1fadb6da489b","local_time":"20190523002645","is_ascension_mode":false,"campfire_choices":[{"data":"Rampage","floor":6,"key":"SMITH"},{"data":"True Grit","floor":8,"key":"SMITH"},{"data":"Offering","floor":13,"key":"SMITH"},{"floor":15,"key":"REST"}],"neow_cost":"NONE","seed_source_timestamp":361195137248681,"circlet_count":0,"master_deck":["Bash","Rampage+1","True Grit","True Grit+1","Limit Break","Body Slam","Offering+1","Shrug It Off","Demon Form+1","Double Tap","Entrench","Dropkick","Barricade+1","Battle Trance","Bludgeon","Armaments","Searing Blow","Blood for Blood","Body Slam","Spot Weakness+1","Sentinel","True Grit"],"relics":["Burning Blood","WarpedTongs","Kunai","Frozen Egg 2","Pandora\u0027s Box","Brimstone"],"potions_floor_usage":[],"damage_taken":[{"damage":7,"enemies":"2 Louse","floor":1,"turns":3},{"damage":4,"enemies":"Cultist","floor":3,"turns":3},{"damage":5,"enemies":"Jaw Worm","floor":4,"turns":3},{"damage":13,"enemies":"Lots of Slimes","floor":5,"turns":7},{"damage":15,"enemies":"Looter","floor":7,"turns":4},{"damage":9,"enemies":"Large Slime","floor":11,"turns":6},{"damage":36,"enemies":"3 Sentries","floor":12,"turns":9},{"damage":44,"enemies":"Hexaghost","floor":16,"turns":12},{"damage":11,"enemies":"Chosen","floor":18,"turns":5},{"damage":35,"enemies":"3 Byrds","floor":19,"turns":7},{"damage":39,"enemies":"3 Cultists","floor":21,"turns":6},{"damage":38,"enemies":"Book of Stabbing","floor":23,"turns":3}],"seed_played":"-1835760739399616961","potions_obtained":[{"floor":1,"key":"GamblersBrew"},{"floor":11,"key":"Fire Potion"},{"floor":12,"key":"Dexterity Potion"}],"is_trial":false,"path_per_floor":["M","?","M","M","M","R","M","R","T","?","M","E","R","$","R","B",null,"M","M","?","M","$","E"],"character_chosen":"IRONCLAD","items_purchased":["Shrug It Off","Brimstone","True Grit"],"campfire_rested":1,"item_purchase_floors":[14,22,22],"current_hp_per_floor":[87,87,88,88,81,81,72,72,72,77,74,44,44,44,71,33,93,88,59,59,26,26,0],"gold":65,"neow_bonus":"TEN_PERCENT_HP_BONUS","is_prod":false,"is_daily":false,"chose_seed":false,"campfire_upgraded":3,"win_rate":0,"timestamp":1558596405,"path_taken":["M","?","M","?","M","R","M","R","T","?","M","E","R","$","R","BOSS","M","M","?","M","$","E"],"build_version":"2019-01-23","purchased_purges":1,"victory":false,"max_hp_per_floor":[88,88,88,88,88,88,88,88,88,93,93,93,93,93,93,93,93,93,93,93,93,93,93],"card_choices":[{"not_picked":["Perfected Strike","Havoc"],"picked":"Rampage","floor":1},{"not_picked":["Armaments","Twin Strike"],"picked":"True Grit","floor":3},{"not_picked":["Flex","Anger"],"picked":"True Grit","floor":4},{"not_picked":["Iron Wave","Rage"],"picked":"Limit Break","floor":5},{"not_picked":["Havoc","Anger","Carnage"],"picked":"SKIP","floor":7},{"not_picked":["Rampage","Second Wind"],"picked":"Body Slam","floor":11},{"not_picked":["Cleave","Clash"],"picked":"Offering","floor":12},{"not_picked":["Juggernaut+1","Double Tap"],"picked":"Demon Form+1","floor":16},{"not_picked":["Pommel Strike","Seeing Red"],"picked":"Body Slam","floor":18},{"not_picked":["Evolve+1","Intimidate+1"],"picked":"Spot Weakness+1","floor":19},{"not_picked":["Thunderclap","Anger"],"picked":"Sentinel","floor":21}],"player_experience":240544,"relics_obtained":[{"floor":9,"key":"Kunai"},{"floor":12,"key":"Frozen Egg 2"}],"event_choices":[{"damage_healed":0,"gold_gain":0,"player_choice":"Rummage","damage_taken":0,"relics_obtained":["WarpedTongs"],"max_hp_gain":0,"max_hp_loss":0,"event_name":"Accursed Blacksmith","floor":2,"gold_loss":0,"cards_obtained":["Pain"]},{"damage_healed":0,"gold_gain":0,"player_choice":"Donut","damage_taken":0,"max_hp_gain":5,"max_hp_loss":0,"event_name":"Big Fish","floor":10,"gold_loss":0},{"damage_healed":0,"gold_gain":100,"player_choice":"Pray","damage_taken":0,"max_hp_gain":0,"max_hp_loss":0,"event_name":"Golden Shrine","floor":20,"gold_loss":0}],"is_beta":false,"boss_relics":[{"not_picked":["Ectoplasm","White Beast Statue"],"picked":"Pandora\u0027s Box"}],"items_purged_floors":[22],"is_endless":false,"potions_floor_spawned":[1,11,12,18,19],"killed_by":"Book of Stabbing","ascension_level":0}