{"gold_per_floor":[118,218,232,244,254,283,81,100,123,140,156,156,185,201,201,298,298,310,310,10,10,23,23,58,58,58,58,58,13,13,46,46,141,141,153,166,179,190,190,215,59,59,83,113,133,150,184,9,9,9],"floor_reached":51,"playtime":2555,"items_purged":["Defend_R","Defend_R","Defend_R"],"score":787,"play_id":"e5f6d3b2-979e-43ba-b086-4b3edb2a6d80","local_time":"20190211153118","is_ascension_mode":false,"campfire_choices":[{"data":"Infernal Blade","floor":12,"key":"SMITH"},{"data":"Disarm","floor":15,"key":"SMITH"},{"data":"Rage","floor":23,"key":"SMITH"},{"data":"Demon Form","floor":25,"key":"SMITH"},{"data":"Whirlwind","floor":30,"key":"SMITH"},{"data":"Flex","floor":32,"key":"SMITH"},{"floor":42,"key":"REST"},{"floor":49,"key":"REST"}],"neow_cost":"NONE","seed_source_timestamp":2205538362036700,"circlet_count":0,"master_deck":["Strike_R","Strike_R","Strike_R","Strike_R","Strike_R","Defend_R","Bash","Perfected Strike","Flex","Rage+1","Whirlwind+1","Disarm+1","Flex","Infernal Blade+1","Iron Wave","Flex+1","Reaper","Spot Weakness","Perfected Strike","Demon Form+1","Battle Trance+1","Anger","Rage+1","Pommel Strike","Perfected Strike","Anger","Limit Break","Clash","Sword Boomerang","Sword Boomerang","Cleave+1"],"relics":["Burning Blood","NeowsBlessing","Turnip","Ancient Tea Set","Omamori","Runic Pyramid","Regal Pillow","Strawberry","StoneCalendar","WingedGreaves","MutagenicStrength","Centennial Puzzle","Fusion Hammer","Ornamental Fan","Bag of Preparation","PreservedInsect","Mercury Hourglass","Blood Vial"],"potions_floor_usage":[6,13,16,33,45,50,50],"damage_taken":[{"damage":0,"enemies":"Jaw Worm","floor":1,"turns":1},{"damage":0,"enemies":"Cultist","floor":3,"turns":1},{"damage":0,"enemies":"Small Slimes","floor":4,"turns":1},{"damage":1,"enemies":"Looter","floor":5,"turns":3},{"damage":35,"enemies":"Lagavulin","floor":6,"turns":7},{"damage":3,"enemies":"Large Slime","floor":8,"turns":6},{"damage":12,"enemies":"Blue Slaver","floor":10,"turns":3},{"damage":0,"enemies":"Lots of Slimes","floor":11,"turns":1},{"damage":20,"enemies":"Gremlin Nob","floor":13,"turns":5},{"damage":10,"enemies":"Red Slaver","floor":14,"turns":4},{"damage":36,"enemies":"The Guardian","floor":16,"turns":10},{"damage":16,"enemies":"Spheric Guardian","floor":18,"turns":4},{"damage":10,"enemies":"3 Byrds","floor":22,"turns":4},{"damage":33,"enemies":"Book of Stabbing","floor":24,"turns":5},{"damage":14,"enemies":"Slavers","floor":31,"turns":5},{"damage":88,"enemies":"Automaton","floor":33,"turns":8},{"damage":27,"enemies":"3 Shapes","floor":35,"turns":1},{"damage":0,"enemies":"3 Darklings","floor":36,"turns":1},{"damage":10,"enemies":"Sphere and 2 Shapes","floor":37,"turns":3},{"damage":5,"enemies":"Maw","floor":38,"turns":6},{"damage":25,"enemies":"Reptomancer","floor":40,"turns":6},{"damage":21,"enemies":"Giant Head","floor":44,"turns":6},{"damage":10,"enemies":"Jaw Worm Horde","floor":45,"turns":3},{"damage":19,"enemies":"Transient","floor":46,"turns":5},{"damage":28,"enemies":"Reptomancer","floor":47,"turns":4},{"damage":70,"enemies":"Time Eater","floor":50,"turns":8}],"seed_played":"983975184657689559","potions_obtained":[{"floor":1,"key":"Block Potion"},{"floor":6,"key":"Fire Potion"},{"floor":11,"key":"Poison Potion"},{"floor":13,"key":"SpeedPotion"},{"floor":16,"key":"SkillPotion"},{"floor":18,"key":"FairyPotion"},{"floor":33,"key":"AttackPotion"},{"floor":35,"key":"Strength Potion"},{"floor":45,"key":"Weak Potion"}],"is_trial":false,"path_per_floor":["M","?","M","M","M","E","$","M","T","M","M","R","E","M","R","B",null,"M","?","$","?","M","R","E","R","T","?","?","$","R","E","R","B",null,"M","M","M","M","?","E","$","R","T","E","M","M","E","$","R","B",null],"character_chosen":"IRONCLAD","items_purchased":["Flex","Infernal Blade","Anger","Regal Pillow","Perfected Strike","Bag of Preparation","Swift Potion"],"campfire_rested":2,"item_purchase_floors":[7,7,20,20,29,41,48],"current_hp_per_floor":[80,80,80,80,80,51,51,54,54,48,54,54,46,45,45,22,80,70,70,70,77,87,87,67,67,67,67,50,50,50,56,56,32,92,71,77,84,92,92,92,92,92,92,88,92,79,89,89,92,45],"gold":9,"neow_bonus":"THREE_ENEMY_KILL","is_prod":false,"is_daily":false,"chose_seed":false,"campfire_upgraded":6,"win_rate":0.0,"timestamp":1549920678,"path_taken":["M","?","M","M","M","E","$","M","T","M","M","R","E","?","R","BOSS","M","?","$","?","M","R","E","R","T","?","?","$","R","E","R","BOSS","M","M","M","M","?","E","$","R","T","E","?","M","E","?","R","BOSS"],"build_version":"2019-01-23","purchased_purges":3,"victory":true,"max_hp_per_floor":[80,80,80,80,80,80,80,80,80,80,80,80,80,80,80,80,80,80,80,80,87,87,87,87,87,87,87,92,92,92,92,92,92,92,92,92,92,92,92,92,92,92,92,92,92,92,92,92,92,92],"card_choices":[{"not_picked":["Shrug It Off","Carnage"],"picked":"Perfected Strike","floor":1},{"not_picked":["Dropkick","Heavy Blade"],"picked":"Flex","floor":3},{"not_picked":["Heavy Blade","Corruption"],"picked":"Rage","floor":4},{"not_picked":["Flex","Headbutt"],"picked":"Whirlwind","floor":5},{"not_picked":["Dropkick","Headbutt"],"picked":"Disarm","floor":6},{"not_picked":["Heavy Blade","Corruption"],"picked":"Iron Wave","floor":8},{"not_picked":["Feel No Pain","Second Wind"],"picked":"Flex","floor":10},{"not_picked":["Thunderclap","Sever Soul"],"picked":"Reaper","floor":11},{"not_picked":["True Grit","Sever Soul"],"picked":"Spot Weakness","floor":13},{"not_picked":["Iron Wave","Whirlwind"],"picked":"Perfected Strike","floor":14},{"not_picked":["Feed","Exhume"],"picked":"Demon Form","floor":16},{"not_picked":["Body Slam","Clothesline"],"picked":"Battle Trance+1","floor":18},{"not_picked":["Armaments","Warcry+1"],"picked":"Rage+1","floor":22},{"not_picked":["Fiend Fire","Rampage"],"picked":"Pommel Strike","floor":24},{"not_picked":["Havoc","Rupture"],"picked":"Anger","floor":31},{"not_picked":["Juggernaut","Berserk"],"picked":"Limit Break","floor":33},{"not_picked":["Clothesline+1","Shrug It Off","Metallicize"],"picked":"SKIP","floor":35},{"not_picked":["Armaments","Thunderclap"],"picked":"Clash","floor":36},{"not_picked":["Reckless Charge","Wild Strike"],"picked":"Sword Boomerang","floor":37},{"not_picked":["Wild Strike","Fiend Fire","Thunderclap+1"],"picked":"SKIP","floor":38},{"not_picked":["Corruption","Clothesline","True Grit+1"],"picked":"SKIP","floor":40},{"not_picked":["Evolve+1","Feed"],"picked":"Sword Boomerang","floor":44},{"not_picked":["Dropkick","Intimidate","Shrug It Off"],"picked":"SKIP","floor":45},{"not_picked":["Clash+1","Sever Soul+1","Flex"],"picked":"SKIP","floor":46},{"not_picked":["Body Slam","Rupture+1"],"picked":"Cleave+1","floor":47}],"player_experience":47466,"relics_obtained":[{"floor":6,"key":"Turnip"},{"floor":9,"key":"Ancient Tea Set"},{"floor":13,"key":"Omamori"},{"floor":24,"key":"StoneCalendar"},{"floor":26,"key":"WingedGreaves"},{"floor":31,"key":"Centennial Puzzle"},{"floor":40,"key":"Ornamental Fan"},{"floor":43,"key":"PreservedInsect"},{"floor":44,"key":"Mercury Hourglass"},{"floor":47,"key":"Blood Vial"}],"event_choices":[{"damage_healed":0,"gold_gain":100,"player_choice":"Pray","damage_taken":0,"max_hp_gain":0,"max_hp_loss":0,"event_name":"Golden Shrine","floor":2,"gold_loss":0},{"damage_healed":0,"gold_gain":0,"player_choice":"Ignored","damage_taken":0,"max_hp_gain":0,"max_hp_loss":0,"event_name":"Ghosts","floor":19,"gold_loss":0},{"damage_healed":0,"gold_gain":0,"player_choice":"Opened","damage_taken":0,"relics_obtained":["Strawberry"],"max_hp_gain":0,"max_hp_loss":0,"event_name":"The Mausoleum","floor":21,"gold_loss":0,"cards_obtained":["Writhe"]},{"damage_healed":0,"gold_gain":0,"player_choice":"Inject Mutagens","damage_taken":0,"relics_obtained":["MutagenicStrength"],"max_hp_gain":0,"max_hp_loss":0,"event_name":"Drug Dealer","floor":27,"gold_loss":0},{"damage_healed":0,"gold_gain":0,"player_choice":"Shed Blood","damage_taken":22,"max_hp_gain":5,"max_hp_loss":0,"event_name":"Forgotten Altar","floor":28,"gold_loss":0},{"damage_healed":0,"gold_gain":0,"player_choice":"Bought 0 Potions","damage_taken":0,"max_hp_gain":0,"max_hp_loss":0,"event_name":"The Woman in Blue","floor":39,"gold_loss":0}],"is_beta":false,"boss_relics":[{"not_picked":["Calling Bell","Eternal Feather"],"picked":"Runic Pyramid"},{"not_picked":["White Beast Statue","Runic Cube"],"picked":"Fusion Hammer"}],"items_purged_floors":[7,20,48],"is_endless":false,"potions_floor_spawned":[1,6,11,13,16,18,22,33,35,40,44,45],"ascension_level":0}