{"gold_per_floor":[10,26,26,26,36,68,68,86,86,86,104,133,187,197,197,272,272,286,20,31,81,81,109,125,50,107,136,136,146,146,166,166,166],"floor_reached":33,"playtime":793,"items_purged":[],"score":564,"play_id":"4fd50290-6d21-4bbe-8a7c-530298bfb70f","local_time":"20190517014158","is_ascension_mode":true,"campfire_choices":[{"data":"Consume","floor":7.0,"key":"SMITH"},{"data":"Sunder","floor":10.0,"key":"SMITH"},{"data":"Zap","floor":15.0,"key":"SMITH"},{"floor":30,"key":"REST"},{"floor":32,"key":"REST"}],"neow_cost":"NO_GOLD","seed_source_timestamp":7168843892186,"circlet_count":0,"master_deck":["AscendersBane","Strike_B","Strike_B","Strike_B","Defend_B","Defend_B","Defend_B","Defend_B","Zap+1","Dualcast","Core Surge","Ball Lightning","Cold Snap","Self Repair","Rebound","Leap","Consume+1","Sunder+1","Turbo","Biased Cognition","Conserve Battery+1","Coolheaded","Steam Power","Darkness"],"special_seed":0,"relics":["Cracked Core","Boot","Letter Opener","Ice Cream","PreservedInsect","Black Star","Singing Bowl","Juzu Bracelet","Pear","Tiny Chest","Question Card","Bag of Marbles","MutagenicStrength"],"potions_floor_usage":[27],"damage_taken":[{"damage":2.0,"enemies":"Jaw Worm","floor":1.0,"turns":4.0},{"damage":1.0,"enemies":"Cultist","floor":2.0,"turns":3.0},{"damage":10.0,"enemies":"2 Louse","floor":5.0,"turns":2.0},{"damage":22.0,"enemies":"Lagavulin","floor":6.0,"turns":8.0},{"damage":9.0,"enemies":"Exordium Thugs","floor":8.0,"turns":4.0},{"damage":0.0,"enemies":"2 Fungi Beasts","floor":11.0,"turns":2.0},{"damage":18.0,"enemies":"3 Sentries","floor":12.0,"turns":6.0},{"damage":2.0,"enemies":"Exordium Wildlife","floor":14.0,"turns":3.0},{"damage":20.0,"enemies":"Hexaghost","floor":16.0,"turns":9.0},{"damage":31.0,"enemies":"Shell Parasite","floor":18.0,"turns":4.0},{"damage":6.0,"enemies":"Spheric Guardian","floor":20.0,"turns":3.0},{"damage":68.0,"enemies":"Book of Stabbing","floor":23.0,"turns":6.0},{"damage":0.0,"enemies":"Centurion and Healer","floor":24.0,"turns":7.0},{"damage":29,"enemies":"Gremlin Leader","floor":27,"turns":5},{"damage":0,"enemies":"Snake Plant","floor":29,"turns":2},{"damage":7,"enemies":"3 Cultists","floor":31,"turns":5},{"damage":71,"enemies":"Champ","floor":33,"turns":7}],"seed_played":"-1407687058117826527","potions_obtained":[{"floor":1.0,"key":"Swift Potion"},{"floor":2.0,"key":"Weak Potion"},{"floor":6.0,"key":"Weak Potion"},{"floor":14.0,"key":"Regen Potion"},{"floor":18.0,"key":"Regen Potion"},{"floor":20.0,"key":"Regen Potion"},{"floor":24.0,"key":"PowerPotion"},{"floor":27,"key":"FearPotion"}],"is_trial":false,"path_per_floor":["M","M","?","$","M","E","R","M","T","R","M","E","T","M","R","B",null,"M","$","M","?","?","E","M","?","T","E","?","M","R","M","R","B"],"character_chosen":"DEFECT","items_purchased":["Singing Bowl"],"campfire_rested":2,"item_purchase_floors":[19],"current_hp_per_floor":[62,61,61,61,51,36,36,34,34,34,34,16,16,14,14,9,56,32,32,35,35,35,24,33,33,33,6,6,6,32,32,58,0],"gold":166,"neow_bonus":"THREE_RARE_CARDS","is_prod":false,"is_daily":false,"chose_seed":false,"campfire_upgraded":3,"win_rate":0,"timestamp":1558075318,"path_taken":["M","M","?","$","?","E","R","M","T","R","M","E","?","M","R","BOSS","M","$","M","?","?","E","M","?","T","E","?","M","R","M","R","BOSS"],"build_version":"2019-01-23","purchased_purges":0,"victory":false,"max_hp_per_floor":[71,71,71,71,71,71,71,71,71,71,71,71,71,71,71,71,71,71,71,73,73,73,83,85,85,85,87,87,87,87,87,87,87],"card_choices":[{"not_picked":["All For One","Multi-Cast"],"picked":"Core Surge","floor":0.0},{"not_picked":["Blizzard","White Noise"],"picked":"Ball Lightning","floor":1.0},{"not_picked":["Steam","Go for the Eyes"],"picked":"Cold Snap","floor":2.0},{"not_picked":["Compile Driver","Self Repair"],"picked":"Leap","floor":5.0},{"not_picked":["Gash","Ball Lightning"],"picked":"Consume","floor":6.0},{"not_picked":["Hologram","Tempest"],"picked":"Sunder","floor":8.0},{"not_picked":["Ball Lightning","Recycle","Skim"],"picked":"SKIP","floor":11.0},{"not_picked":["Blizzard","Hologram"],"picked":"Turbo","floor":12.0},{"not_picked":["Skim","Sweeping Beam","Beam Cell"],"picked":"SKIP","floor":14.0},{"not_picked":["Hyperbeam","Buffer"],"picked":"Biased Cognition","floor":16.0},{"not_picked":["Storm","Redo"],"picked":"Conserve Battery+1","floor":18.0},{"not_picked":["Undo","Rebound","Beam Cell"],"picked":"Singing Bowl","floor":20.0},{"not_picked":["Melter","Go for the Eyes"],"picked":"Coolheaded","floor":23.0},{"not_picked":["Tempest","Stack","Streamline"],"picked":"Singing Bowl","floor":24.0},{"not_picked":["Compile Driver","Rebound","Gash"],"picked":"Singing Bowl","floor":27},{"not_picked":["Defragment","Rebound","Auto Shields"],"picked":"Steam Power","floor":29},{"not_picked":["Turbo","Streamline","Consume"],"picked":"Darkness","floor":31}],"player_experience":426804,"relics_obtained":[{"floor":6.0,"key":"Boot"},{"floor":9.0,"key":"Letter Opener"},{"floor":12.0,"key":"Ice Cream"},{"floor":13.0,"key":"PreservedInsect"},{"floor":23.0,"key":"Juzu Bracelet"},{"floor":23.0,"key":"Pear"},{"floor":26.0,"key":"Tiny Chest"},{"floor":27,"key":"Question Card"},{"floor":27,"key":"Bag of Marbles"}],"event_choices":[{"damage_healed":0.0,"max_hp_gain":0.0,"max_hp_loss":0.0,"gold_gain":0.0,"event_name":"Match and Keep!","player_choice":"2 cards matched","floor":3.0,"gold_loss":0.0,"damage_taken":0.0,"cards_obtained":["Self Repair","Rebound"]},{"damage_healed":0.0,"max_hp_gain":0.0,"max_hp_loss":0.0,"gold_gain":50.0,"event_name":"Nest","player_choice":"Stole From Cult","floor":21.0,"gold_loss":0.0,"damage_taken":0.0},{"damage_healed":0.0,"max_hp_gain":0.0,"max_hp_loss":0.0,"gold_gain":0.0,"event_name":"FaceTrader","player_choice":"Leave","floor":22.0,"gold_loss":0.0,"damage_taken":0.0},{"cards_removed":["Strike_B"],"damage_healed":0.0,"max_hp_gain":0.0,"max_hp_loss":0.0,"gold_gain":0.0,"event_name":"Beggar","player_choice":"Gave Gold","floor":25.0,"gold_loss":75.0,"damage_taken":0.0},{"damage_healed":0,"gold_gain":0,"player_choice":"Inject Mutagens","damage_taken":0,"relics_obtained":["MutagenicStrength"],"max_hp_gain":0,"max_hp_loss":0,"event_name":"Drug Dealer","floor":28,"gold_loss":0}],"is_beta":false,"boss_relics":[{"not_picked":["Coffee Dripper","Fusion Hammer"],"picked":"Black Star"}],"items_purged_floors":[],"is_endless":false,"potions_floor_spawned":[1,2,6,8,14,18,20,24,27],"killed_by":"Champ","ascension_level":18}