{"gold_per_floor":[112,112,42,117,130,164,164,164,164,180,180],"floor_reached":11,"playtime":460,"items_purged":[],"score":71,"play_id":"cc2d9cb5-d00f-4d35-8c77-62ec5b6e6ebd","local_time":"20190212190139","is_ascension_mode":false,"campfire_choices":[{"data":"Limit Break","floor":8,"key":"SMITH"}],"neow_cost":"NONE","seed_source_timestamp":151822739484392,"circlet_count":0,"master_deck":["Strike_R","Strike_R","Strike_R","Strike_R","Strike_R","Defend_R+1","Defend_R","Defend_R","Defend_R","Bash+1","Wild Strike","Limit Break+1","Inflame","Flex"],"relics":["Burning Blood","Omamori","Nunchaku","Frozen Egg 2"],"potions_floor_usage":[6],"damage_taken":[{"damage":6,"enemies":"Jaw Worm","floor":1,"turns":4},{"damage":4,"enemies":"Cultist","floor":5,"turns":4},{"damage":41,"enemies":"Lagavulin","floor":6,"turns":7},{"damage":2,"enemies":"Small Slimes","floor":10,"turns":4},{"damage":27,"enemies":"3 Sentries","floor":11,"turns":4}],"seed_played":"3756907686533075291","potions_obtained":[{"floor":5,"key":"SkillPotion"},{"floor":6,"key":"EntropicBrew"}],"is_trial":false,"path_per_floor":["M","?","$","?","M","E","$","R","T","M","E"],"character_chosen":"IRONCLAD","items_purchased":["Limit Break"],"campfire_rested":0,"item_purchase_floors":[3],"current_hp_per_floor":[80,64,64,53,55,20,20,20,20,24,0],"gold":180,"neow_bonus":"RANDOM_COMMON_RELIC","is_prod":false,"is_daily":false,"chose_seed":false,"campfire_upgraded":1,"win_rate":0,"timestamp":1550023299,"path_taken":["M","?","$","?","M","E","?","R","T","M","E"],"build_version":"2019-01-23","purchased_purges":0,"victory":false,"max_hp_per_floor":[80,80,80,80,80,80,80,80,80,80,80],"card_choices":[{"not_picked":["Clothesline","True Grit"],"picked":"Wild Strike","floor":1},{"not_picked":["Thunderclap","Seeing Red","Wild Strike"],"picked":"SKIP","floor":5},{"not_picked":["Disarm","Warcry"],"picked":"Inflame","floor":6},{"not_picked":["Dark Embrace+1","Anger"],"picked":"Flex","floor":10}],"player_experience":29890,"relics_obtained":[{"floor":6,"key":"Nunchaku"},{"floor":9,"key":"Frozen Egg 2"}],"event_choices":[{"damage_healed":0,"gold_gain":0,"player_choice":"Entered Light","damage_taken":16,"max_hp_gain":0,"max_hp_loss":0,"event_name":"Shining Light","floor":2,"gold_loss":0,"cards_upgraded":["Defend_R","Bash"]},{"damage_healed":0,"gold_gain":75,"player_choice":"Gather Gold","damage_taken":11,"max_hp_gain":0,"max_hp_loss":0,"event_name":"World of Goop","floor":4,"gold_loss":0}],"is_beta":false,"boss_relics":[],"items_purged_floors":[],"is_endless":false,"potions_floor_spawned":[5,6],"killed_by":"3 Sentries","ascension_level":0}