{"gold_per_floor":[113,38,57,73,91,91,266,216,216,248,263,279,279,298,298,394,394,412,426,426,39,49,49,80,92,92,92,92,123,148,168,168,270,270,285,285,32,51,51,51,51],"floor_reached":41,"playtime":2639,"items_purged":["Strike_R","Defend_R"],"score":458,"play_id":"91411f92-efd6-46b3-9e1e-fa99f8cdd37b","local_time":"20190527172557","is_ascension_mode":false,"campfire_choices":[{"data":"Demon Form","floor":6.0,"key":"SMITH"},{"floor":15.0,"key":"REST"},{"floor":23.0,"key":"REST"},{"floor":28,"key":"REST"},{"floor":32,"key":"REST"},{"floor":40,"key":"RECALL"}],"neow_cost":"NONE","seed_source_timestamp":0,"circlet_count":0,"master_deck":["Defend_R","Defend_R","Bash","Sever Soul","Clash","Demon Form+1","Cleave","Feel No Pain","Ghostly Armor","Combust","Exhume","Body Slam","Ghostly Armor","Bite","Bite","Bite","Bite","Bite","Flame Barrier","Rupture","Battle Trance+1","Shrug It Off","Metallicize+1","True Grit","Impervious","Chrysalis"],"special_seed":0,"relics":["Burning Blood","Regal Pillow","Strawberry","Self Forming Clay","Potion Belt","Fusion Hammer","Ice Cream","Omamori","Blue Candle","Red Mask","Shuriken","Busted Crown","Red Skull"],"potions_floor_usage":[],"damage_taken":[{"damage":3.0,"enemies":"2 Louse","floor":1.0,"turns":3.0},{"damage":7.0,"enemies":"Jaw Worm","floor":3.0,"turns":4.0},{"damage":0.0,"enemies":"Small Slimes","floor":4.0,"turns":3.0},{"damage":10.0,"enemies":"Red Slaver","floor":5.0,"turns":4.0},{"damage":40.0,"enemies":"3 Sentries","floor":10.0,"turns":7.0},{"damage":10.0,"enemies":"Looter","floor":11.0,"turns":3.0},{"damage":11.0,"enemies":"Blue Slaver","floor":12.0,"turns":3.0},{"damage":13.0,"enemies":"Large Slime","floor":14.0,"turns":7.0},{"damage":31.0,"enemies":"Slime Boss","floor":16.0,"turns":6.0},{"damage":16.0,"enemies":"Chosen","floor":18.0,"turns":4.0},{"damage":20.0,"enemies":"2 Thieves","floor":19.0,"turns":4.0},{"damage":28.0,"enemies":"Snake Plant","floor":22.0,"turns":4.0},{"damage":44,"enemies":"Book of Stabbing","floor":24,"turns":6},{"damage":18,"enemies":"Chosen and Byrds","floor":25,"turns":6},{"damage":35,"enemies":"Masked Bandits","floor":29,"turns":4},{"damage":27,"enemies":"Slavers","floor":30,"turns":6},{"damage":20,"enemies":"Cultist and Chosen","floor":31,"turns":6},{"damage":52,"enemies":"Collector","floor":33,"turns":12},{"damage":28,"enemies":"3 Darklings","floor":35,"turns":5},{"damage":4,"enemies":"3 Shapes","floor":38,"turns":6},{"damage":62,"enemies":"Reptomancer","floor":41,"turns":3}],"seed_played":"1743348011261119455","potions_obtained":[{"floor":4.0,"key":"Fire Potion"},{"floor":5.0,"key":"Block Potion"},{"floor":12.0,"key":"Dexterity Potion"},{"floor":16.0,"key":"BloodPotion"},{"floor":22.0,"key":"Strength Potion"},{"floor":29,"key":"Block Potion"}],"is_trial":false,"path_per_floor":["M","$","M","M","M","R","?","?","T","E","M","M","?","M","R","B",null,"M","M","?","$","M","R","E","M","T","$","R","?","E","M","R","B",null,"M","?","$","M","?","R","E"],"character_chosen":"IRONCLAD","items_purchased":["Flame Barrier","Ice Cream","Red Skull"],"campfire_rested":4,"item_purchase_floors":[21,21,37],"current_hp_per_floor":[80,80,79,80,76,76,76,76,83,49,45,40,40,33,74,49,87,77,63,60,60,40,60,29,29,29,29,60,34,21,13,46,20,60,46,46,46,52,52,52,0],"gold":51,"neow_bonus":"RANDOM_COMMON_RELIC","is_prod":false,"is_daily":false,"chose_seed":false,"campfire_upgraded":1,"win_rate":0,"timestamp":1559003157,"path_taken":["M","$","M","M","M","R","?","?","T","E","M","M","?","M","R","BOSS","M","M","?","$","M","R","E","M","T","$","R","?","E","M","R","BOSS","M","?","$","M","?","R","E"],"build_version":"2019-01-23","purchased_purges":2,"victory":false,"max_hp_per_floor":[80,80,80,80,80,80,80,80,87,87,87,87,87,87,87,87,87,87,87,60,60,60,60,60,60,60,60,60,60,60,60,60,60,60,60,60,60,60,60,60,60],"card_choices":[{"not_picked":["Twin Strike","Reckless Charge"],"picked":"Sever Soul","floor":1.0},{"not_picked":["Havoc","Clothesline"],"picked":"Clash","floor":3.0},{"not_picked":["Flex","Rupture","Heavy Blade"],"picked":"SKIP","floor":4.0},{"not_picked":["Whirlwind","Flex"],"picked":"Demon Form","floor":5.0},{"not_picked":["Clash","Thunderclap"],"picked":"Cleave","floor":10.0},{"not_picked":["Clash","Dropkick"],"picked":"Feel No Pain","floor":11.0},{"not_picked":["Rage","Heavy Blade"],"picked":"Ghostly Armor","floor":12.0},{"not_picked":["Pommel Strike","Intimidate"],"picked":"Combust","floor":14.0},{"not_picked":["Impervious","Berserk"],"picked":"Exhume","floor":16.0},{"not_picked":["Clash","Pummel"],"picked":"Body Slam","floor":18.0},{"not_picked":["Searing Blow+1","Anger"],"picked":"Ghostly Armor","floor":19.0},{"not_picked":["Pummel","Thunderclap"],"picked":"Rupture","floor":22.0},{"not_picked":["Cleave+1","Body Slam"],"picked":"Battle Trance+1","floor":24},{"not_picked":["Flex+1","Whirlwind","Dual Wield+1"],"picked":"SKIP","floor":25},{"not_picked":["Blood for Blood","Entrench"],"picked":"Shrug It Off","floor":29},{"not_picked":["Cleave","Immolate"],"picked":"Metallicize+1","floor":30},{"not_picked":["Flex","Seeing Red"],"picked":"True Grit","floor":31},{"not_picked":["Brutality","Barricade"],"picked":"Impervious","floor":33},{"not_picked":["Flex+1"],"picked":"SKIP","floor":35},{"not_picked":["Wild Strike"],"picked":"SKIP","floor":38},{"not_picked":[],"picked":"Chrysalis","floor":39}],"player_experience":335969,"relics_obtained":[{"floor":9.0,"key":"Strawberry"},{"floor":10.0,"key":"Self Forming Clay"},{"floor":24,"key":"Omamori"},{"floor":26,"key":"Blue Candle"},{"floor":29,"key":"Red Mask"},{"floor":30,"key":"Shuriken"}],"event_choices":[{"damage_healed":0.0,"max_hp_gain":0.0,"max_hp_loss":0.0,"gold_gain":175.0,"event_name":"Liars Game","player_choice":"AGREE","floor":7.0,"gold_loss":0.0,"damage_taken":0.0,"cards_obtained":["Doubt"]},{"cards_removed":["Doubt"],"damage_healed":0.0,"max_hp_gain":0.0,"max_hp_loss":0.0,"gold_gain":0.0,"event_name":"The Cleric","player_choice":"Card Removal","floor":8.0,"gold_loss":50.0,"damage_taken":0.0},{"damage_healed":0.0,"max_hp_gain":0.0,"max_hp_loss":0.0,"gold_gain":0.0,"event_name":"WeMeetAgain","player_choice":"Gave Potion","floor":13.0,"gold_loss":0.0,"damage_taken":0.0,"relics_obtained":["Potion Belt"]},{"damage_healed":0.0,"max_hp_gain":0.0,"max_hp_loss":27.0,"gold_gain":0.0,"event_name":"Vampires","player_choice":"Became a vampire","floor":20.0,"gold_loss":0.0,"damage_taken":0.0,"cards_obtained":["Bite","Bite","Bite","Bite","Bite"]},{"damage_healed":0,"gold_gain":0,"player_choice":"Fought Bandits","damage_taken":0,"max_hp_gain":0,"max_hp_loss":0,"event_name":"Masked Bandits","floor":29,"gold_loss":0},{"cards_removed":["Defend_R"],"damage_healed":0,"gold_gain":0,"player_choice":"Removed Skill","damage_taken":0,"max_hp_gain":0,"max_hp_loss":0,"event_name":"Falling","floor":36,"gold_loss":0},{"damage_healed":0,"gold_gain":0,"player_choice":"Memory 1","damage_taken":0,"max_hp_gain":0,"max_hp_loss":0,"event_name":"SensoryStone","floor":39,"gold_loss":0}],"is_beta":false,"boss_relics":[{"not_picked":["Pandora\u0027s Box","Runic Pyramid"],"picked":"Fusion Hammer"},{"not_picked":["Black Star","Eternal Feather"],"picked":"Busted Crown"}],"items_purged_floors":[2,37],"is_endless":false,"potions_floor_spawned":[4,5,12,16,22,29,30,31,35],"killed_by":"Reptomancer","ascension_level":0}