{"gold_per_floor":[110,110,185,195,43,43,76,76,376,401,412,424,455,99,99,197,197],"floor_reached":17,"playtime":581,"items_purged":["Strike_R","Strike_R"],"score":182,"play_id":"32bbbac7-98ff-4575-a62c-69820f63745d","local_time":"20190513213448","is_ascension_mode":true,"campfire_choices":[{"data":"Pummel","floor":6.0,"key":"SMITH"},{"data":"Intimidate","floor":8.0,"key":"SMITH"},{"data":"Spot Weakness","floor":15.0,"key":"SMITH"}],"neow_cost":"CURSE","seed_source_timestamp":0,"circlet_count":0,"master_deck":["Strike_R","Strike_R","Strike_R","Defend_R","Defend_R","Defend_R","Defend_R","Bash","Intimidate+1","Clothesline","Pummel+1","Thunderclap","Metallicize","Spot Weakness+1","Rampage","Rage","Feed"],"special_seed":0,"relics":["Burning Blood","FossilizedHelix","Pen Nib","Old Coin","StoneCalendar","Oddly Smooth Stone","Shuriken"],"potions_floor_usage":[],"damage_taken":[{"damage":10.0,"enemies":"2 Louse","floor":1.0,"turns":3.0},{"damage":0.0,"enemies":"Jaw Worm","floor":4.0,"turns":2.0},{"damage":15.0,"enemies":"Gremlin Nob","floor":7.0,"turns":4.0},{"damage":32.0,"enemies":"Lagavulin","floor":10.0,"turns":10.0},{"damage":0.0,"enemies":"Small Slimes","floor":11.0,"turns":5.0},{"damage":15.0,"enemies":"Exordium Thugs","floor":12.0,"turns":6.0},{"damage":8.0,"enemies":"3 Sentries","floor":13.0,"turns":7.0},{"damage":19.0,"enemies":"The Guardian","floor":16.0,"turns":9.0}],"seed_played":"-6141450559469245754","potions_obtained":[{"floor":7.0,"key":"Ancient Potion"},{"floor":12.0,"key":"SkillPotion"},{"floor":13.0,"key":"Swift Potion"}],"is_trial":false,"path_per_floor":["M","?","?","M","$","R","E","R","T","E","M","M","E","$","R","B",null],"character_chosen":"IRONCLAD","items_purchased":["Pummel","Shuriken"],"campfire_rested":0,"item_purchase_floors":[5,14],"current_hp_per_floor":[76,76,65,71,71,71,62,62,62,36,42,33,31,31,31,18,18],"gold":197,"neow_bonus":"ONE_RARE_RELIC","is_prod":false,"is_daily":false,"chose_seed":false,"campfire_upgraded":3,"win_rate":0,"timestamp":1557804888,"path_taken":["M","?","?","M","$","R","E","R","T","E","M","M","E","$","R","BOSS"],"build_version":"2019-01-23","purchased_purges":2,"victory":false,"max_hp_per_floor":[80,80,80,80,80,80,80,80,80,80,80,80,80,80,80,80,80],"card_choices":[{"not_picked":["Havoc","Body Slam"],"picked":"Intimidate","floor":1.0},{"not_picked":["Iron Wave","Twin Strike"],"picked":"Clothesline","floor":4.0},{"not_picked":["Barricade","Sever Soul"],"picked":"Thunderclap","floor":7.0},{"not_picked":["Blood for Blood","Twin Strike"],"picked":"Metallicize","floor":10.0},{"not_picked":["Sentinel","Shrug It Off"],"picked":"Spot Weakness","floor":11.0},{"not_picked":["True Grit","Thunderclap"],"picked":"Rampage","floor":12.0},{"not_picked":["Clothesline","Body Slam"],"picked":"Rage","floor":13.0},{"not_picked":["Double Tap","Immolate"],"picked":"Feed","floor":16.0}],"player_experience":232874,"relics_obtained":[{"floor":7.0,"key":"Pen Nib"},{"floor":9.0,"key":"Old Coin"},{"floor":10.0,"key":"StoneCalendar"},{"floor":13.0,"key":"Oddly Smooth Stone"}],"event_choices":[{"cards_removed":["Pain"],"damage_healed":0.0,"max_hp_gain":0.0,"max_hp_loss":0.0,"gold_gain":0.0,"event_name":"Living Wall","player_choice":"Forget","floor":2.0,"gold_loss":0.0,"damage_taken":0.0},{"damage_healed":0.0,"max_hp_gain":0.0,"max_hp_loss":0.0,"gold_gain":75.0,"event_name":"World of Goop","player_choice":"Gather Gold","floor":3.0,"gold_loss":0.0,"damage_taken":11.0}],"is_beta":false,"boss_relics":[],"items_purged_floors":[5,14],"is_endless":false,"potions_floor_spawned":[7,12,13],"ascension_level":1}