{"gold_per_floor":[119,131,96,46,46,81,81,108,162,162,181,207,207,221,221,318,318,331,344,269,289,13,13,27,56,56,56],"floor_reached":27,"playtime":1318,"items_purged":["Strike_G","Defend_G"],"score":317,"play_id":"626e71cd-b784-4f59-a75f-3541fb4ea638","local_time":"20190528195533","is_ascension_mode":true,"campfire_choices":[{"data":"Bouncing Flask","floor":7,"key":"SMITH"},{"floor":10,"key":"REST"},{"data":"Burst","floor":15,"key":"SMITH"},{"floor":23,"key":"REST"}],"neow_cost":"NONE","seed_source_timestamp":1040672137662091,"circlet_count":0,"master_deck":["Defend_G","Defend_G","Defend_G","Defend_G","Strike_G","Strike_G","Strike_G","Survivor","Neutralize","Deadly Poison","Bouncing Flask+1","Poisoned Stab","Poisoned Stab","Burst+1","Calculated Gamble","Adrenaline","Deadly Poison","Deflect","Backflip","Catalyst"],"relics":["Ring of the Snake","NeowsBlessing","Dream Catcher","WingedGreaves","Centennial Puzzle","Omamori","Art of War","Sozu","Snake Skull","Mercury Hourglass","Orichalcum"],"potions_floor_usage":[],"damage_taken":[{"damage":0,"enemies":"Cultist","floor":1,"turns":1},{"damage":0,"enemies":"Small Slimes","floor":2,"turns":1},{"damage":0,"enemies":"Gremlin Nob","floor":6,"turns":1},{"damage":37,"enemies":"3 Sentries","floor":8,"turns":9},{"damage":0,"enemies":"2 Louse","floor":11,"turns":2},{"damage":23,"enemies":"Gremlin Nob","floor":12,"turns":4},{"damage":7,"enemies":"Large Slime","floor":14,"turns":5},{"damage":33,"enemies":"Hexaghost","floor":16,"turns":7},{"damage":17,"enemies":"2 Thieves","floor":18,"turns":3},{"damage":12,"enemies":"3 Byrds","floor":19,"turns":4},{"damage":7,"enemies":"Shelled Parasite and Fungi","floor":21,"turns":3},{"damage":10,"enemies":"Sentry and Sphere","floor":24,"turns":3},{"damage":30,"enemies":"Slavers","floor":25,"turns":4},{"damage":22,"enemies":"Centurion and Healer","floor":27,"turns":3}],"seed_played":"6454939891304951969","potions_obtained":[{"floor":1,"key":"Ancient Potion"},{"floor":6,"key":"EntropicBrew"},{"floor":8,"key":"SteroidPotion"},{"floor":11,"key":"Strength Potion"}],"is_trial":false,"path_per_floor":["M","M","?","?","?","E","R","E","T","R","M","E","?","M","R","B",null,"M","M","$","M","$","R","M","E","T","M"],"character_chosen":"THE_SILENT","items_purchased":["Snake Skull","Deflect"],"campfire_rested":2,"item_purchase_floors":[22,22],"current_hp_per_floor":[70,70,70,70,67,67,67,30,30,51,51,28,70,63,63,30,70,53,41,41,34,34,55,45,15,15,0],"gold":56,"neow_bonus":"THREE_ENEMY_KILL","is_prod":false,"is_daily":false,"chose_seed":false,"campfire_upgraded":2,"win_rate":0,"timestamp":1559087733,"path_taken":["M","M","?","?","?","E","R","E","T","R","M","E","?","M","R","BOSS","M","M","?","?","$","R","M","E","T","M"],"build_version":"2019-01-23","purchased_purges":2,"victory":false,"max_hp_per_floor":[70,70,70,70,70,70,70,70,70,70,70,70,70,70,70,70,70,70,70,70,70,70,70,70,70,70,70],"card_choices":[{"not_picked":["Dodge and Roll","Dagger Throw"],"picked":"Deadly Poison","floor":1},{"not_picked":["Bane","Deflect"],"picked":"Bouncing Flask","floor":2},{"not_picked":["Wraith Form v2","Night Terror"],"picked":"Poisoned Stab","floor":6},{"not_picked":["Escape Plan","PiercingWail","Quick Slash"],"picked":"SKIP","floor":8},{"not_picked":["Expertise","Infinite Blades"],"picked":"Poisoned Stab","floor":10},{"not_picked":["Outmaneuver","Deflect","Prepared"],"picked":"SKIP","floor":11},{"not_picked":["A Thousand Cuts","Leg Sweep"],"picked":"Burst","floor":12},{"not_picked":["Backstab","Terror"],"picked":"Calculated Gamble","floor":14},{"not_picked":["Venomology","Phantasmal Killer"],"picked":"Adrenaline","floor":16},{"not_picked":["Sucker Punch","Dagger Spray","Skewer"],"picked":"SKIP","floor":18},{"not_picked":["Dagger Throw","Flying Knee","Concentrate"],"picked":"SKIP","floor":19},{"not_picked":["Masterful Stab","Poisoned Stab"],"picked":"Deadly Poison","floor":21},{"not_picked":["Cloak And Dagger","Masterful Stab"],"picked":"Backflip","floor":24},{"not_picked":["Phantasmal Killer","Flying Knee"],"picked":"Catalyst","floor":25}],"player_experience":319024,"relics_obtained":[{"floor":6,"key":"WingedGreaves"},{"floor":8,"key":"Centennial Puzzle"},{"floor":9,"key":"Omamori"},{"floor":12,"key":"Art of War"},{"floor":25,"key":"Mercury Hourglass"},{"floor":26,"key":"Orichalcum"}],"event_choices":[{"damage_healed":0,"gold_gain":0,"player_choice":"Left Gold","damage_taken":0,"max_hp_gain":0,"max_hp_loss":0,"event_name":"World of Goop","floor":3,"gold_loss":35},{"cards_removed":["Strike_G"],"damage_healed":0,"gold_gain":0,"player_choice":"Card Removal","damage_taken":0,"max_hp_gain":0,"max_hp_loss":0,"event_name":"The Cleric","floor":4,"gold_loss":50},{"damage_healed":0,"gold_gain":0,"player_choice":"Success","damage_taken":3,"relics_obtained":["Dream Catcher"],"max_hp_gain":0,"max_hp_loss":0,"event_name":"Scrap Ooze","floor":5,"gold_loss":0},{"damage_healed":42,"gold_gain":0,"player_choice":"Full Heal","damage_taken":0,"max_hp_gain":0,"max_hp_loss":0,"event_name":"Wheel of Change","floor":13,"gold_loss":0}],"is_beta":false,"boss_relics":[{"not_picked":["Runic Dome","Eternal Feather"],"picked":"Sozu"}],"items_purged_floors":[20,22],"is_endless":false,"potions_floor_spawned":[1,6,8,11,21,25],"killed_by":"Centurion and Healer","ascension_level":3}