{"gold_per_floor":[114,134,144,157,174,174,203,218,293,293,293,318,334,30,30,133,133,143,127,127,127],"floor_reached":21,"playtime":1414,"items_purged":[],"score":193,"play_id":"e2e28662-bed8-46cf-bcce-e82825f65221","local_time":"20190520145251","is_ascension_mode":false,"campfire_choices":[{"data":"Riddle With Holes","floor":6,"key":"SMITH"},{"floor":10,"key":"REST"},{"data":"Strike_G","floor":15,"key":"PURGE"}],"neow_cost":"NONE","seed_source_timestamp":282563257424696,"circlet_count":0,"master_deck":["Defend_G","Defend_G","Defend_G","Defend_G","Defend_G","Strike_G","Strike_G","Strike_G","Survivor","Neutralize","Riddle With Holes+1","Flechettes","Dagger Spray","Flying Knee","Footwork","Cloak And Dagger","Backflip","Backflip","Malaise","Finisher","Endless Agony"],"relics":["Ring of the Snake","Dodecahedron","Bottled Lightning","Letter Opener","Peace Pipe","WristBlade","Shovel"],"potions_floor_usage":[],"damage_taken":[{"damage":1,"enemies":"Jaw Worm","floor":1,"turns":5},{"damage":2,"enemies":"Small Slimes","floor":2,"turns":4},{"damage":0,"enemies":"Cultist","floor":3,"turns":3},{"damage":5,"enemies":"Large Slime","floor":4,"turns":8},{"damage":0,"enemies":"Exordium Wildlife","floor":5,"turns":4},{"damage":18,"enemies":"Lagavulin","floor":7,"turns":6},{"damage":14,"enemies":"Looter","floor":8,"turns":3},{"damage":14,"enemies":"Gremlin Nob","floor":12,"turns":4},{"damage":2,"enemies":"2 Fungi Beasts","floor":13,"turns":3},{"damage":49,"enemies":"The Guardian","floor":16,"turns":18},{"damage":31,"enemies":"Spheric Guardian","floor":18,"turns":8},{"damage":11,"enemies":"2 Thieves","floor":19,"turns":4},{"damage":29,"enemies":"Snecko","floor":21,"turns":5}],"seed_played":"4046111977355046776","potions_obtained":[{"floor":2,"key":"Block Potion"},{"floor":8,"key":"SkillPotion"},{"floor":16,"key":"LiquidBronze"},{"floor":18,"key":"GhostInAJar"}],"is_trial":false,"path_per_floor":["M","M","M","M","M","R","E","M","T","R","?","E","M","$","R","B",null,"M","M","?","M"],"character_chosen":"THE_SILENT","items_purchased":["Peace Pipe"],"campfire_rested":1,"item_purchase_floors":[14],"current_hp_per_floor":[69,67,67,62,62,62,44,30,30,51,70,56,54,54,54,5,70,39,28,28,0],"gold":127,"neow_bonus":"TRANSFORM_CARD","is_prod":false,"is_daily":false,"chose_seed":false,"campfire_upgraded":1,"win_rate":0,"timestamp":1558389171,"path_taken":["M","M","M","M","M","R","E","M","T","R","?","E","M","$","R","BOSS","M","M","?","?"],"build_version":"2019-01-23","purchased_purges":0,"victory":false,"max_hp_per_floor":[70,70,70,70,70,70,70,70,70,70,70,70,70,70,70,70,70,70,70,70,70],"card_choices":[{"not_picked":["Poisoned Stab","Concentrate"],"picked":"Flechettes","floor":1},{"not_picked":["Crippling Poison","Acrobatics"],"picked":"Dagger Spray","floor":2},{"not_picked":["Prepared","Deadly Poison","Setup"],"picked":"SKIP","floor":3},{"not_picked":["Poisoned Stab","Sucker Punch"],"picked":"Flying Knee","floor":4},{"not_picked":["Expertise","Sucker Punch"],"picked":"Footwork","floor":5},{"not_picked":["Underhanded Strike","Masterful Stab"],"picked":"Cloak And Dagger","floor":7},{"not_picked":["Finisher","Deflect","Underhanded Strike"],"picked":"SKIP","floor":8},{"not_picked":["Dodge and Roll","Infinite Blades"],"picked":"Backflip","floor":12},{"not_picked":["Reflex","Caltrops"],"picked":"Backflip","floor":13},{"not_picked":["Storm of Steel","Doppelganger"],"picked":"Malaise","floor":16},{"not_picked":["Riddle With Holes","Slice"],"picked":"Finisher","floor":18},{"not_picked":["Distraction","Flying Knee"],"picked":"Endless Agony","floor":19}],"player_experience":213540,"relics_obtained":[{"floor":7,"key":"Dodecahedron"},{"floor":9,"key":"Bottled Lightning"},{"floor":12,"key":"Letter Opener"}],"event_choices":[{"damage_healed":23,"gold_gain":0,"player_choice":"Banana","damage_taken":0,"max_hp_gain":0,"max_hp_loss":0,"event_name":"Big Fish","floor":11,"gold_loss":0},{"damage_healed":0,"gold_gain":0,"player_choice":"Gave Potion","damage_taken":0,"relics_obtained":["Shovel"],"max_hp_gain":0,"max_hp_loss":0,"event_name":"WeMeetAgain","floor":20,"gold_loss":0}],"is_beta":false,"boss_relics":[{"not_picked":["Cursed Key","HoveringKite"],"picked":"WristBlade"}],"items_purged_floors":[],"is_endless":false,"potions_floor_spawned":[2,5,8,16,18],"killed_by":"Snecko","ascension_level":0}