{"gold_per_floor":[110,123,123,137,148,158,193,193,193,206,206,236,247,247,247,247],"floor_reached":16,"playtime":380,"items_purged":[],"score":137,"play_id":"46d09cf2-f21f-4be0-a6f4-acab2d49773a","local_time":"20190312181632","is_ascension_mode":true,"campfire_choices":[{"floor":11,"key":"REST"},{"data":"Shrug It Off","floor":15,"key":"SMITH"}],"neow_cost":"NONE","seed_source_timestamp":1787666281979201,"circlet_count":0,"master_deck":["Strike_R","Strike_R","Strike_R","Strike_R","Strike_R","Defend_R","Defend_R","Defend_R","Defend_R","Bash","Pommel Strike+1","Battle Trance","Thunderclap+1","Double Tap","Shrug It Off+1","Rupture","Iron Wave+1","Feel No Pain","Evolve"],"relics":["Burning Blood","NeowsBlessing","Darkstone Periapt","Dodecahedron","Whetstone","Golden Idol"],"potions_floor_usage":[7,12],"damage_taken":[{"damage":0,"enemies":"2 Louse","floor":1,"turns":1},{"damage":0,"enemies":"Cultist","floor":2,"turns":1},{"damage":0,"enemies":"Jaw Worm","floor":4,"turns":1},{"damage":13,"enemies":"Blue Slaver","floor":5,"turns":4},{"damage":25,"enemies":"Exordium Wildlife","floor":6,"turns":3},{"damage":45,"enemies":"Lagavulin","floor":7,"turns":8},{"damage":7,"enemies":"Looter","floor":10,"turns":4},{"damage":22,"enemies":"Gremlin Nob","floor":12,"turns":4},{"damage":0,"enemies":"3 Louse","floor":13,"turns":3},{"damage":25,"enemies":"The Guardian","floor":16,"turns":6}],"seed_played":"9166849240905581950","potions_obtained":[{"floor":2,"key":"Explosive Potion"},{"floor":5,"key":"EssenceOfSteel"},{"floor":10,"key":"GamblersBrew"}],"is_trial":false,"path_per_floor":["M","M","?","M","M","M","E","?","T","M","R","E","M","?","R","B"],"character_chosen":"IRONCLAD","items_purchased":[],"campfire_rested":1,"item_purchase_floors":[],"current_hp_per_floor":[80,80,80,80,73,54,15,15,15,14,38,22,28,28,28,3],"gold":247,"neow_bonus":"THREE_ENEMY_KILL","is_prod":false,"is_daily":false,"chose_seed":false,"campfire_upgraded":1,"win_rate":0,"timestamp":1552432592,"path_taken":["M","M","?","?","M","M","E","?","T","?","R","E","M","?","R","BOSS"],"build_version":"2019-01-23","purchased_purges":0,"victory":false,"max_hp_per_floor":[80,80,80,80,80,80,80,80,80,80,80,80,80,74,74,74],"card_choices":[{"not_picked":["Perfected Strike","Wild Strike"],"picked":"Pommel Strike","floor":1},{"not_picked":["Cleave","Havoc"],"picked":"Battle Trance","floor":2},{"not_picked":["Perfected Strike","Anger"],"picked":"Thunderclap","floor":4},{"not_picked":["Thunderclap","Cleave"],"picked":"Double Tap","floor":5},{"not_picked":["Searing Blow","Clash"],"picked":"Shrug It Off","floor":6},{"not_picked":["Carnage","Battle Trance"],"picked":"Rupture","floor":7},{"not_picked":["Bloodletting","Headbutt"],"picked":"Iron Wave","floor":10},{"not_picked":["Havoc","Wild Strike"],"picked":"Feel No Pain","floor":12},{"not_picked":["Body Slam","Wild Strike"],"picked":"Evolve","floor":13}],"player_experience":196707,"relics_obtained":[{"floor":7,"key":"Darkstone Periapt"},{"floor":9,"key":"Dodecahedron"},{"floor":12,"key":"Whetstone"}],"event_choices":[{"damage_healed":0,"gold_gain":0,"player_choice":"Upgraded","damage_taken":0,"max_hp_gain":0,"max_hp_loss":0,"event_name":"Upgrade Shrine","floor":3,"gold_loss":0,"cards_upgraded":["Pommel Strike"]},{"damage_healed":0,"gold_gain":0,"player_choice":"0 cards matched","damage_taken":0,"max_hp_gain":0,"max_hp_loss":0,"event_name":"Match and Keep!","floor":8,"gold_loss":0,"cards_obtained":[]},{"damage_healed":0,"gold_gain":0,"player_choice":"Lose Max HP","damage_taken":0,"relics_obtained":["Golden Idol"],"max_hp_gain":0,"max_hp_loss":6,"event_name":"Golden Idol","floor":14,"gold_loss":0}],"is_beta":false,"boss_relics":[],"items_purged_floors":[],"is_endless":false,"potions_floor_spawned":[2,5,10],"killed_by":"The Guardian","ascension_level":4}