{"gold_per_floor":[115,115,133,133,153,185,140,140,140,140],"floor_reached":10,"playtime":318,"items_purged":[],"score":73,"play_id":"769681b8-2f8a-42d2-b735-5ff6f0fb00cb","local_time":"20190318023241","is_ascension_mode":true,"campfire_choices":[{"data":"Dagger Spray","floor":8,"key":"SMITH"}],"neow_cost":"NONE","seed_source_timestamp":94695335410154,"circlet_count":0,"master_deck":["Defend_G","Defend_G","Defend_G+1","Defend_G","Defend_G","Strike_G","Strike_G","Strike_G","Strike_G","Survivor","Neutralize","Footwork+1","Distraction","Reflex","Acrobatics","Outmaneuver","Dagger Spray+1"],"relics":["Ring of the Snake","NeowsBlessing","Darkstone Periapt","The Courier"],"potions_floor_usage":[6],"damage_taken":[{"damage":0,"enemies":"Jaw Worm","floor":1,"turns":1},{"damage":0,"enemies":"Cultist","floor":3,"turns":1},{"damage":0,"enemies":"Small Slimes","floor":5,"turns":1},{"damage":21,"enemies":"3 Sentries","floor":6,"turns":17},{"damage":3,"enemies":"Looter","floor":7,"turns":5},{"damage":14,"enemies":"Gremlin Nob","floor":10,"turns":4}],"seed_played":"-4799854449310273597","potions_obtained":[{"floor":1,"key":"AttackPotion"}],"is_trial":false,"path_per_floor":["M","?","M","?","M","E","M","R","T","E"],"character_chosen":"THE_SILENT","items_purchased":[],"campfire_rested":0,"item_purchase_floors":[],"current_hp_per_floor":[70,56,56,56,56,35,32,32,32,18],"gold":140,"neow_bonus":"THREE_ENEMY_KILL","is_prod":false,"is_daily":false,"chose_seed":false,"campfire_upgraded":1,"win_rate":0,"timestamp":1552894361,"path_taken":["M","?","M","?","M","E","M","R","T","E"],"build_version":"2019-01-23","purchased_purges":0,"victory":false,"max_hp_per_floor":[70,70,70,70,70,70,70,70,70,70],"card_choices":[{"not_picked":["Infinite Blades","Quick Slash"],"picked":"Footwork","floor":1},{"not_picked":["Expertise","Choke"],"picked":"Distraction","floor":3},{"not_picked":["Cloak And Dagger","Predator"],"picked":"Acrobatics","floor":5},{"not_picked":["Calculated Gamble","Dash"],"picked":"Outmaneuver","floor":6},{"not_picked":["Slice","Endless Agony"],"picked":"Dagger Spray","floor":7}],"player_experience":218215,"relics_obtained":[{"floor":6,"key":"Darkstone Periapt"},{"floor":9,"key":"The Courier"}],"event_choices":[{"damage_healed":0,"gold_gain":0,"player_choice":"Entered Light","damage_taken":14,"max_hp_gain":0,"max_hp_loss":0,"event_name":"Shining Light","floor":2,"gold_loss":0,"cards_upgraded":["Footwork","Defend_G"]},{"damage_healed":0,"gold_gain":0,"cards_transformed":["Strike_G"],"player_choice":"Transformed","damage_taken":0,"max_hp_gain":0,"max_hp_loss":0,"event_name":"Transmorgrifier","floor":4,"gold_loss":0,"cards_obtained":["Reflex"]}],"is_beta":false,"boss_relics":[],"items_purged_floors":[],"is_endless":false,"potions_floor_spawned":[1],"killed_by":"Gremlin Nob","ascension_level":2}