{"gold_per_floor":[110,124,124,139,159,194,194,228,228,85,85,85,117,137,137,238,238,238],"floor_reached":18,"playtime":510,"items_purged":["Strike_R"],"score":252,"play_id":"e02b55db-8e2f-4f4f-b9f6-b1b6d8a2d3f8","local_time":"20190405180510","is_ascension_mode":true,"campfire_choices":[{"data":"Armaments","floor":7,"key":"SMITH"},{"floor":11,"key":"REST"},{"data":"True Grit","floor":15,"key":"SMITH"}],"neow_cost":"TEN_PERCENT_HP_LOSS","seed_source_timestamp":1705695965748102,"circlet_count":0,"master_deck":["Strike_R","Strike_R","Strike_R","Strike_R","Defend_R","Defend_R","Defend_R","Defend_R","Bash","Immolate+1","Thunderclap","Feel No Pain","Disarm","True Grit+1","Armaments+1","Shrug It Off","Flame Barrier","Twin Strike","Headbutt","Dark Embrace+1"],"relics":["Burning Blood","Regal Pillow","Anchor","Potion Belt","Matryoshka","Frozen Egg 2","Black Star"],"potions_floor_usage":[16,16],"damage_taken":[{"damage":0,"enemies":"Cultist","floor":1,"turns":2},{"damage":0,"enemies":"2 Louse","floor":2,"turns":1},{"damage":12,"enemies":"Jaw Worm","floor":4,"turns":2},{"damage":6,"enemies":"Looter","floor":5,"turns":2},{"damage":42,"enemies":"Gremlin Nob","floor":6,"turns":5},{"damage":13,"enemies":"Lagavulin","floor":8,"turns":8},{"damage":34,"enemies":"Gremlin Nob","floor":13,"turns":6},{"damage":1,"enemies":"Blue Slaver","floor":14,"turns":5},{"damage":28,"enemies":"Slime Boss","floor":16,"turns":9},{"damage":56,"enemies":"Spheric Guardian","floor":18,"turns":9}],"seed_played":"3290091809499683065","potions_obtained":[{"floor":2,"key":"Explosive Potion"},{"floor":4,"key":"Explosive Potion"},{"floor":16,"key":"PowerPotion"}],"is_trial":false,"path_per_floor":["M","M","?","M","M","E","R","E","T","$","R","?","E","M","R","B",null,"M"],"character_chosen":"IRONCLAD","items_purchased":["Flame Barrier"],"campfire_rested":1,"item_purchase_floors":[10],"current_hp_per_floor":[72,72,72,66,66,30,30,23,23,23,59,56,28,33,33,11,57,1],"gold":238,"neow_bonus":"THREE_RARE_CARDS","is_prod":false,"is_daily":false,"chose_seed":false,"campfire_upgraded":2,"win_rate":0,"timestamp":1554505510,"path_taken":["M","M","?","?","?","E","R","E","T","$","R","?","E","M","R","BOSS","M"],"build_version":"2019-01-23","purchased_purges":1,"victory":false,"max_hp_per_floor":[72,72,72,72,72,72,72,72,72,72,72,72,72,72,72,72,72,72],"card_choices":[{"not_picked":["Juggernaut","Brutality"],"picked":"Immolate","floor":0},{"not_picked":["Clothesline","Hemokinesis"],"picked":"Thunderclap","floor":1},{"not_picked":["Clash","Searing Blow"],"picked":"Feel No Pain","floor":2},{"not_picked":["Twin Strike","Warcry"],"picked":"Disarm","floor":4},{"not_picked":["Heavy Blade","Dropkick"],"picked":"True Grit","floor":5},{"not_picked":["Dropkick","Flame Barrier"],"picked":"Armaments","floor":6},{"not_picked":["Clothesline","Intimidate"],"picked":"Shrug It Off","floor":8},{"not_picked":["Cleave","Pommel Strike"],"picked":"Twin Strike","floor":13},{"not_picked":["Perfected Strike","Impervious"],"picked":"Headbutt","floor":14},{"not_picked":["Offering","Exhume"],"picked":"Dark Embrace+1","floor":16}],"player_experience":284838,"relics_obtained":[{"floor":6,"key":"Regal Pillow"},{"floor":8,"key":"Anchor"},{"floor":9,"key":"Potion Belt"},{"floor":13,"key":"Frozen Egg 2"}],"event_choices":[{"damage_healed":0,"gold_gain":0,"player_choice":"Upgraded","damage_taken":0,"max_hp_gain":0,"max_hp_loss":0,"event_name":"Upgrade Shrine","floor":3,"gold_loss":0,"cards_upgraded":["Immolate"]},{"damage_healed":0,"gold_gain":0,"player_choice":"Success","damage_taken":3,"relics_obtained":["Matryoshka"],"max_hp_gain":0,"max_hp_loss":0,"event_name":"Scrap Ooze","floor":12,"gold_loss":0}],"is_beta":false,"boss_relics":[{"not_picked":["Empty Cage","White Beast Statue"],"picked":"Black Star"}],"items_purged_floors":[10],"is_endless":false,"potions_floor_spawned":[2,4,16],"killed_by":"Spheric Guardian","ascension_level":8}