{"gold_per_floor":[115,132,144,161,236,236,247,247,247,24,24,24,24,24,24,24],"floor_reached":16,"playtime":1822,"items_purged":["Strike_R"],"score":90,"play_id":"c27ffc96-6e06-4df3-8c20-73c7dcda7292","local_time":"20190514162352","is_ascension_mode":false,"campfire_choices":[{"data":"Uppercut","floor":6,"key":"SMITH"},{"data":"Shrug It Off","floor":8,"key":"SMITH"},{"data":"Offering","floor":13,"key":"SMITH"},{"floor":15,"key":"REST"}],"neow_cost":"NONE","seed_source_timestamp":8961217057571,"circlet_count":0,"master_deck":["Strike_R","Strike_R","Strike_R","Strike_R","Defend_R","Defend_R","Defend_R","Defend_R","Bash","Twin Strike","Uppercut+1","Combust","Shrug It Off+1","Offering+1"],"relics":["Burning Blood","Charon\u0027s Ashes","Meat on the Bone"],"potions_floor_usage":[],"damage_taken":[{"damage":2,"enemies":"2 Louse","floor":1,"turns":4},{"damage":1,"enemies":"Jaw Worm","floor":2,"turns":3},{"damage":6,"enemies":"Cultist","floor":3,"turns":3},{"damage":13,"enemies":"3 Louse","floor":4,"turns":5},{"damage":21,"enemies":"Large Slime","floor":7,"turns":6},{"damage":90,"enemies":"Hexaghost","floor":16,"turns":12}],"seed_played":"-602297328449278750","potions_obtained":[{"floor":4,"key":"Fire Potion"},{"floor":7,"key":"FearPotion"}],"is_trial":false,"path_per_floor":["M","M","M","M","?","R","M","R","T","$","?","?","R","$","R","B"],"character_chosen":"IRONCLAD","items_purchased":["Offering"],"campfire_rested":1,"item_purchase_floors":[10],"current_hp_per_floor":[88,88,88,81,70,70,55,55,55,55,48,77,77,77,88,0],"gold":24,"neow_bonus":"TEN_PERCENT_HP_BONUS","is_prod":false,"is_daily":false,"chose_seed":false,"campfire_upgraded":3,"win_rate":0.0,"timestamp":1557876232,"path_taken":["M","M","M","M","?","R","M","R","T","$","?","?","R","$","R","BOSS"],"build_version":"2019-01-23","purchased_purges":1,"victory":false,"max_hp_per_floor":[88,88,88,88,88,88,88,88,88,88,88,88,88,88,88,88],"card_choices":[{"not_picked":["Flex","Anger"],"picked":"Twin Strike","floor":1},{"not_picked":["Battle Trance","Twin Strike","Sword Boomerang"],"picked":"SKIP","floor":2},{"not_picked":["Flex","True Grit"],"picked":"Uppercut","floor":3},{"not_picked":["True Grit","Iron Wave"],"picked":"Combust","floor":4},{"not_picked":["Flex","Clothesline"],"picked":"Shrug It Off","floor":7}],"player_experience":5716,"relics_obtained":[{"floor":9,"key":"Charon\u0027s Ashes"}],"event_choices":[{"damage_healed":0,"gold_gain":75,"player_choice":"Gather Gold","damage_taken":11,"max_hp_gain":0,"max_hp_loss":0,"event_name":"World of Goop","floor":5,"gold_loss":0},{"damage_healed":0,"gold_gain":0,"player_choice":"Success","damage_taken":7,"relics_obtained":["Meat on the Bone"],"max_hp_gain":0,"max_hp_loss":0,"event_name":"Scrap Ooze","floor":11,"gold_loss":0},{"damage_healed":29,"gold_gain":0,"player_choice":"Banana","damage_taken":0,"max_hp_gain":0,"max_hp_loss":0,"event_name":"Big Fish","floor":12,"gold_loss":0}],"is_beta":false,"boss_relics":[],"items_purged_floors":[10],"is_endless":false,"potions_floor_spawned":[4,7],"killed_by":"Hexaghost","ascension_level":0}