{"gold_per_floor":[119,119,133,133,147,182,182,182],"floor_reached":8,"playtime":522,"items_purged":[],"score":56,"play_id":"ea5df550-1d9b-429b-a701-0247813213da","local_time":"20190213173602","is_ascension_mode":false,"campfire_choices":[{"data":"Bouncing Flask","floor":7,"key":"SMITH"}],"neow_cost":"NONE","seed_source_timestamp":11063945522377,"circlet_count":0,"master_deck":["Defend_G","Defend_G","Defend_G","Defend_G","Defend_G","Strike_G","Strike_G","Strike_G","Strike_G","Strike_G","Survivor","Neutralize","Acrobatics","Underhanded Strike","Infinite Blades","Bouncing Flask+1"],"relics":["Ring of the Snake","NeowsBlessing","Golden Idol","Paper Crane"],"potions_floor_usage":[6,6],"damage_taken":[{"damage":0,"enemies":"Small Slimes","floor":1,"turns":1},{"damage":0,"enemies":"Cultist","floor":3,"turns":1},{"damage":0,"enemies":"2 Louse","floor":5,"turns":1},{"damage":19,"enemies":"Gremlin Nob","floor":6,"turns":5},{"damage":32,"enemies":"3 Sentries","floor":8,"turns":10}],"seed_played":"-7395281445682098865","potions_obtained":[{"floor":3,"key":"SmokeBomb"},{"floor":4,"key":"Dexterity Potion"},{"floor":4,"key":"SteroidPotion"},{"floor":5,"key":"GhostInAJar"},{"floor":6,"key":"Strength Potion"}],"is_trial":false,"path_per_floor":["M","?","M","?","M","E","R","E"],"character_chosen":"THE_SILENT","items_purchased":[],"campfire_rested":0,"item_purchase_floors":[],"current_hp_per_floor":[70,53,53,53,53,34,34,2],"gold":182,"neow_bonus":"THREE_ENEMY_KILL","is_prod":false,"is_daily":false,"chose_seed":false,"campfire_upgraded":1,"win_rate":0.0,"timestamp":1550100962,"path_taken":["M","?","M","?","?","E","R","E"],"build_version":"2019-01-23","purchased_purges":0,"victory":false,"max_hp_per_floor":[70,70,70,70,70,70,70,70],"card_choices":[{"not_picked":["Flying Knee","Outmaneuver"],"picked":"Acrobatics","floor":1},{"not_picked":["Expertise","Leg Sweep"],"picked":"Underhanded Strike","floor":3},{"not_picked":["Slice","Dagger Spray"],"picked":"Infinite Blades","floor":5},{"not_picked":["Glass Knife","Endless Agony"],"picked":"Bouncing Flask","floor":6}],"player_experience":56892,"relics_obtained":[{"floor":6,"key":"Paper Crane"}],"event_choices":[{"damage_healed":0,"gold_gain":0,"player_choice":"Take Damage","damage_taken":17,"relics_obtained":["Golden Idol"],"max_hp_gain":0,"max_hp_loss":0,"event_name":"Golden Idol","floor":2,"gold_loss":0},{"damage_healed":0,"gold_gain":0,"player_choice":"Got Potions","damage_taken":0,"max_hp_gain":0,"max_hp_loss":0,"event_name":"Lab","floor":4,"gold_loss":0}],"is_beta":false,"boss_relics":[],"items_purged_floors":[],"is_endless":false,"potions_floor_spawned":[3,5,6],"killed_by":"3 Sentries","ascension_level":0}