{"gold_per_floor":[113,188,42,61,75,75,95,111,111,111,124,152,152,169,169,169],"floor_reached":16,"playtime":800,"items_purged":["Strike_G"],"score":104,"play_id":"f3df738f-87ee-4eeb-8810-2d5b65a2d01b","local_time":"20190526003611","is_ascension_mode":false,"campfire_choices":[{"data":"Dagger Spray","floor":6,"key":"SMITH"},{"data":"Dagger Spray","floor":10,"key":"SMITH"},{"floor":13,"key":"REST"},{"data":"Skewer","floor":15,"key":"SMITH"}],"neow_cost":"NONE","seed_source_timestamp":58870780907124,"circlet_count":0,"master_deck":["Defend_G","Defend_G","Defend_G","Defend_G","Defend_G","Strike_G","Strike_G","Strike_G","Strike_G","Survivor","Neutralize+1","Dagger Spray+1","Dash","Dagger Spray+1","Skewer+1","Outmaneuver","Well Laid Plans","Bullet Time","Deadly Poison"],"relics":["Ring of the Snake","Question Card","The Specimen"],"potions_floor_usage":[],"damage_taken":[{"damage":4,"enemies":"Jaw Worm","floor":1,"turns":5},{"damage":0,"enemies":"2 Louse","floor":4,"turns":1},{"damage":0,"enemies":"Cultist","floor":5,"turns":3},{"damage":3,"enemies":"Large Slime","floor":7,"turns":6},{"damage":0,"enemies":"Exordium Wildlife","floor":8,"turns":3},{"damage":0,"enemies":"Blue Slaver","floor":11,"turns":3},{"damage":27,"enemies":"Lagavulin","floor":12,"turns":6},{"damage":3,"enemies":"Red Slaver","floor":14,"turns":3},{"damage":43,"enemies":"Hexaghost","floor":16,"turns":9}],"seed_played":"-8392364201568834563","potions_obtained":[{"floor":4,"key":"Energy Potion"},{"floor":7,"key":"EssenceOfSteel"},{"floor":11,"key":"Swift Potion"}],"is_trial":false,"path_per_floor":["M","?","$","M","M","R","M","M","T","R","M","E","R","M","R","B"],"character_chosen":"THE_SILENT","items_purchased":["Dash"],"campfire_rested":1,"item_purchase_floors":[3],"current_hp_per_floor":[66,55,55,55,55,55,52,52,52,52,52,25,46,43,43,0],"gold":169,"neow_bonus":"UPGRADE_CARD","is_prod":false,"is_daily":false,"chose_seed":false,"campfire_upgraded":3,"win_rate":0,"timestamp":1558856171,"path_taken":["M","?","$","M","M","R","M","M","T","R","M","E","R","M","R","BOSS"],"build_version":"2019-01-23","purchased_purges":1,"victory":false,"max_hp_per_floor":[70,70,70,70,70,70,70,70,70,70,70,70,70,70,70,70],"card_choices":[{"not_picked":["Bane","Heel Hook"],"picked":"Dagger Spray","floor":1},{"not_picked":["Deadly Poison","Poisoned Stab"],"picked":"Dagger Spray","floor":4},{"not_picked":["Distraction","All Out Attack"],"picked":"Skewer","floor":5},{"not_picked":["Endless Agony","Sucker Punch","Poisoned Stab"],"picked":"SKIP","floor":7},{"not_picked":["Deadly Poison","Dodge and Roll"],"picked":"Outmaneuver","floor":8},{"not_picked":["Backflip","Quick Slash","Expertise"],"picked":"Well Laid Plans","floor":11},{"not_picked":["Cloak And Dagger","Masterful Stab","Caltrops"],"picked":"Bullet Time","floor":12},{"not_picked":["Poisoned Stab","Quick Slash","Outmaneuver"],"picked":"Deadly Poison","floor":14}],"player_experience":326018,"relics_obtained":[{"floor":9,"key":"Question Card"},{"floor":12,"key":"The Specimen"}],"event_choices":[{"damage_healed":0,"gold_gain":75,"player_choice":"Gather Gold","damage_taken":11,"max_hp_gain":0,"max_hp_loss":0,"event_name":"World of Goop","floor":2,"gold_loss":0}],"is_beta":false,"boss_relics":[],"items_purged_floors":[3],"is_endless":false,"potions_floor_spawned":[4,7,11],"killed_by":"Hexaghost","ascension_level":0}