{"gold_per_floor":[109,109,129,80,99,129,129,156,156,189,189,209,229,27,27,131,131,144,144,159,159,13,13,42,42,115,40,40,40,40,60,60,60],"floor_reached":33,"playtime":810,"items_purged":["Strike_R"],"score":393,"play_id":"ff93d1d7-9912-4200-9c27-824d36f337b9","local_time":"20190328204354","is_ascension_mode":true,"campfire_choices":[{"data":"Anger","floor":7,"key":"SMITH"},{"data":"Shrug It Off","floor":11,"key":"SMITH"},{"data":"Body Slam","floor":15,"key":"SMITH"},{"floor":23,"key":"REST"},{"data":"Armaments","floor":25,"key":"SMITH"},{"data":"True Grit","floor":28,"key":"SMITH"},{"data":"Warcry","floor":30,"key":"SMITH"},{"floor":32,"key":"REST"}],"neow_cost":"NONE","seed_source_timestamp":1023703450025457,"circlet_count":0,"master_deck":["Strike_R","Strike_R","Strike_R","Strike_R","Defend_R","Defend_R","Defend_R","Defend_R","Bash","Cleave+1","Shrug It Off","Anger+1","Shrug It Off+1","Inflame","Spot Weakness","True Grit+1","Warcry+1","Body Slam+1","Juggernaut","Armaments+1","Decay","Thunderclap+1","Anger+1"],"relics":["Burning Blood","NeowsBlessing","Pen Nib","Dodecahedron","Gremlin Horn","Shovel","PreservedInsect","Eternal Feather","Anchor","Pear","Matryoshka"],"potions_floor_usage":[6,8,13,16,24],"damage_taken":[{"damage":0,"enemies":"2 Louse","floor":1,"turns":1},{"damage":0,"enemies":"Cultist","floor":3,"turns":1},{"damage":0,"enemies":"Small Slimes","floor":5,"turns":1},{"damage":22,"enemies":"3 Sentries","floor":6,"turns":6},{"damage":20,"enemies":"Lagavulin","floor":8,"turns":8},{"damage":20,"enemies":"Gremlin Nob","floor":10,"turns":4},{"damage":9,"enemies":"Red Slaver","floor":12,"turns":3},{"damage":0,"enemies":"Exordium Wildlife","floor":13,"turns":3},{"damage":27,"enemies":"The Guardian","floor":16,"turns":11},{"damage":8,"enemies":"Spheric Guardian","floor":18,"turns":4},{"damage":52,"enemies":"2 Thieves","floor":20,"turns":4},{"damage":49,"enemies":"Book of Stabbing","floor":24,"turns":5},{"damage":52,"enemies":"3 Cultists","floor":31,"turns":5},{"damage":84,"enemies":"Automaton","floor":33,"turns":8}],"seed_played":"-8592540678774542975","potions_obtained":[{"floor":3,"key":"FairyPotion"},{"floor":5,"key":"EssenceOfSteel"},{"floor":8,"key":"Regen Potion"},{"floor":12,"key":"Fire Potion"},{"floor":20,"key":"PowerPotion"}],"is_trial":false,"path_per_floor":["M","?","M","$","M","E","R","E","T","E","R","M","M","$","R","B",null,"M","?","M","?","$","R","E","R","T","$","R","$","R","M","R","B"],"character_chosen":"IRONCLAD","items_purchased":["AttackPotion","PreservedInsect","Body Slam","Anchor"],"campfire_rested":2,"item_purchase_floors":[4,14,14,22],"current_hp_per_floor":[78,78,80,80,80,64,64,50,50,36,36,33,48,48,48,27,67,65,65,19,19,19,55,22,34,34,34,46,46,58,12,51,0],"gold":60,"neow_bonus":"THREE_ENEMY_KILL","is_prod":false,"is_daily":false,"chose_seed":false,"campfire_upgraded":6,"win_rate":0,"timestamp":1553823834,"path_taken":["M","?","?","$","M","E","R","E","T","E","R","M","?","$","R","BOSS","M","?","?","?","?","R","E","R","T","?","R","$","R","M","R","BOSS"],"build_version":"2019-01-23","purchased_purges":1,"victory":false,"max_hp_per_floor":[80,80,80,80,80,80,80,80,80,80,80,80,80,80,80,80,80,80,80,80,80,80,80,90,90,90,90,90,90,90,90,90,90],"card_choices":[{"not_picked":["True Grit","Heavy Blade"],"picked":"Cleave","floor":1},{"not_picked":["Heavy Blade","Feel No Pain"],"picked":"Shrug It Off","floor":3},{"not_picked":["Second Wind","Sever Soul"],"picked":"Anger","floor":5},{"not_picked":["Barricade","Power Through"],"picked":"Shrug It Off","floor":6},{"not_picked":["Hemokinesis","Headbutt"],"picked":"Inflame","floor":8},{"not_picked":["Headbutt","Wild Strike"],"picked":"Spot Weakness","floor":10},{"not_picked":["Warcry","Rage"],"picked":"True Grit","floor":12},{"not_picked":["Body Slam","Clash"],"picked":"Warcry","floor":13},{"not_picked":["Berserk","Exhume"],"picked":"Juggernaut","floor":16},{"not_picked":["Body Slam","Anger"],"picked":"Armaments","floor":18},{"not_picked":["Combust","Havoc+1"],"picked":"Thunderclap+1","floor":20},{"not_picked":["Dark Embrace","Cleave","Infernal Blade"],"picked":"SKIP","floor":24},{"not_picked":["Uppercut+1","Shrug It Off","Pummel+1"],"picked":"SKIP","floor":31}],"player_experience":267654,"relics_obtained":[{"floor":6,"key":"Pen Nib"},{"floor":8,"key":"Dodecahedron"},{"floor":9,"key":"Gremlin Horn"},{"floor":10,"key":"Shovel"},{"floor":24,"key":"Pear"},{"floor":26,"key":"Matryoshka"}],"event_choices":[{"damage_healed":0,"gold_gain":0,"player_choice":"Upgraded","damage_taken":0,"max_hp_gain":0,"max_hp_loss":0,"event_name":"Upgrade Shrine","floor":2,"gold_loss":0,"cards_upgraded":["Cleave"]},{"damage_healed":0,"gold_gain":0,"player_choice":"Cursed","damage_taken":0,"max_hp_gain":0,"max_hp_loss":0,"event_name":"Wheel of Change","floor":19,"gold_loss":0,"cards_obtained":["Decay"]},{"damage_healed":0,"gold_gain":0,"player_choice":"Copied","damage_taken":0,"max_hp_gain":0,"max_hp_loss":0,"event_name":"Duplicator","floor":21,"gold_loss":0,"cards_obtained":["Anger"]}],"is_beta":false,"boss_relics":[{"not_picked":["Fusion Hammer","Astrolabe"],"picked":"Eternal Feather"}],"items_purged_floors":[27],"is_endless":false,"potions_floor_spawned":[3,5,8,12,20],"killed_by":"Automaton","ascension_level":8}