{"gold_per_floor":[121,152,182,369,26,26,26,26,26,54,54,74,138,154,154,257,257,269,269,284,145,145,145,25,25,25,25,51,51,0,19,19,122,122,132,146,246,5,5,5,34,34,34,44,44,61,61],"floor_reached":47,"playtime":2482,"items_purged":["Doubt","Strike_G","Strike_G","Strike_G"],"score":494,"play_id":"a9c31a61-4201-450f-91b7-5ca62da7d2b9","local_time":"20190528134923","is_ascension_mode":false,"campfire_choices":[{"data":"A Thousand Cuts","floor":6,"key":"SMITH"},{"data":"Quick Slash","floor":8,"key":"SMITH"},{"floor":15,"key":"REST"},{"floor":23,"key":"REST"},{"data":"Envenom","floor":27,"key":"SMITH"},{"floor":29,"key":"REST"},{"floor":32,"key":"REST"},{"floor":40,"key":"REST"},{"floor":42,"key":"REST"}],"neow_cost":"NONE","seed_source_timestamp":42347145848305,"circlet_count":0,"master_deck":["Defend_G","Defend_G","Defend_G","Defend_G+1","Defend_G+1","Survivor","Neutralize","Dagger Spray","Quick Slash+1","Cloak And Dagger+1","A Thousand Cuts+1","Accuracy","Acrobatics","Deflect","Concentrate","Envenom+1","Blade Dance+1","Prepared+1","Good Instincts","A Thousand Cuts+1","Infinite Blades","Expertise","Escape Plan+1","Dodge and Roll","Blur","Bullet Time","Backflip","Leg Sweep","Cloak And Dagger","Cloak And Dagger+1","Caltrops+1","Backflip+1","Choke+1","Slice+1","Burst","Accuracy+1","Mind Blast+1","Parasite","Tactician+1"],"relics":["Ring of the Snake","MawBank","War Paint","Darkstone Periapt","Pantograph","Smiling Mask","WristBlade","Du-Vu Doll","Lantern","Molten Egg 2","Orrery","Ice Cream","ClockworkSouvenir","Letter Opener","Frozen Egg 2"],"potions_floor_usage":[],"damage_taken":[{"damage":0,"enemies":"Jaw Worm","floor":1,"turns":5},{"damage":0,"enemies":"Cultist","floor":2,"turns":5},{"damage":0,"enemies":"2 Louse","floor":3,"turns":2},{"damage":14,"enemies":"3 Sentries","floor":10,"turns":5},{"damage":4,"enemies":"Exordium Thugs","floor":12,"turns":3},{"damage":27,"enemies":"3 Sentries","floor":13,"turns":6},{"damage":4,"enemies":"2 Fungi Beasts","floor":14,"turns":3},{"damage":41,"enemies":"The Guardian","floor":16,"turns":14},{"damage":28,"enemies":"Shell Parasite","floor":18,"turns":9},{"damage":2,"enemies":"Chosen","floor":20,"turns":4},{"damage":29,"enemies":"Book of Stabbing","floor":28,"turns":5},{"damage":25,"enemies":"Snake Plant","floor":31,"turns":6},{"damage":47,"enemies":"Automaton","floor":33,"turns":9},{"damage":38,"enemies":"3 Darklings","floor":35,"turns":5},{"damage":5,"enemies":"Orb Walker","floor":36,"turns":4},{"damage":7,"enemies":"Mind Bloom Boss Battle","floor":37,"turns":7},{"damage":39,"enemies":"Giant Head","floor":41,"turns":8},{"damage":23,"enemies":"Jaw Worm Horde","floor":44,"turns":4},{"damage":24,"enemies":"Writhing Mass","floor":46,"turns":6},{"damage":14,"enemies":"Nemesis","floor":47,"turns":2}],"seed_played":"-8266384831633824715","potions_obtained":[{"floor":10,"key":"SteroidPotion"},{"floor":13,"key":"SpeedPotion"},{"floor":18,"key":"SkillPotion"},{"floor":31,"key":"SteroidPotion"}],"is_trial":false,"path_per_floor":["M","M","M","?","$","R","?","R","T","E","$","M","?","M","R","B",null,"M","?","M","$","?","R","$","?","T","R","E","R","$","M","R","B",null,"M","M","?","$","?","R","E","R","T","M","?","M","E"],"character_chosen":"THE_SILENT","items_purchased":["A Thousand Cuts","War Paint","Good Instincts","Infinite Blades","Dodge and Roll","ClockworkSouvenir"],"campfire_rested":6,"item_purchase_floors":[5,5,21,24,30,38],"current_hp_per_floor":[70,70,70,70,70,70,70,70,70,56,56,52,25,21,42,26,70,42,42,40,40,40,61,61,61,61,61,32,53,53,28,49,23,70,32,27,45,45,45,66,27,48,48,25,25,7,0],"gold":61,"neow_bonus":"RANDOM_COMMON_RELIC","is_prod":false,"is_daily":false,"chose_seed":false,"campfire_upgraded":3,"win_rate":0,"timestamp":1559076563,"path_taken":["M","M","M","?","$","R","?","R","T","E","$","M","?","M","R","BOSS","M","?","?","$","?","R","?","?","T","R","E","R","$","?","R","BOSS","M","M","?","$","?","R","E","R","T","M","?","M","E"],"build_version":"2019-01-23","purchased_purges":4,"victory":false,"max_hp_per_floor":[70,70,70,70,70,70,70,70,70,70,70,70,70,70,70,70,70,70,70,70,70,70,70,70,70,70,70,70,70,70,70,70,70,70,70,70,70,70,70,70,70,70,70,70,70,76,76],"card_choices":[{"not_picked":["Poisoned Stab","Underhanded Strike"],"picked":"Dagger Spray","floor":1},{"not_picked":["Outmaneuver","Backflip"],"picked":"Quick Slash","floor":2},{"not_picked":["Outmaneuver","Escape Plan"],"picked":"Cloak And Dagger","floor":3},{"not_picked":["Tools of the Trade","PiercingWail"],"picked":"Accuracy","floor":10},{"not_picked":["Riddle With Holes","Flying Knee"],"picked":"Acrobatics","floor":12},{"not_picked":["Underhanded Strike","Poisoned Stab"],"picked":"Deflect","floor":13},{"not_picked":["Acrobatics","PiercingWail"],"picked":"Concentrate","floor":14},{"not_picked":["Bullet Time","Die Die Die"],"picked":"Envenom","floor":16},{"not_picked":["Poisoned Stab+1","PiercingWail+1"],"picked":"Blade Dance+1","floor":18},{"not_picked":["Backstab","Masterful Stab"],"picked":"Prepared+1","floor":20},{"not_picked":["Riddle With Holes","Dagger Throw"],"picked":"Escape Plan+1","floor":28},{"not_picked":["Heel Hook+1","Skewer+1"],"picked":"Blur","floor":31},{"not_picked":["Envenom","Glass Knife+1"],"picked":"Bullet Time","floor":33},{"not_picked":["PiercingWail","Terror"],"picked":"Backflip","floor":34},{"not_picked":["Expertise","Outmaneuver"],"picked":"Leg Sweep","floor":34},{"not_picked":["Backstab+1","Backflip+1"],"picked":"Cloak And Dagger","floor":34},{"not_picked":["Deadly Poison","Dash+1"],"picked":"Cloak And Dagger+1","floor":34},{"not_picked":["Expertise","Finisher+1"],"picked":"Caltrops+1","floor":34},{"not_picked":["Flying Knee+1","Dodge and Roll+1"],"picked":"Backflip+1","floor":35},{"not_picked":["Bullet Time","Acrobatics"],"picked":"Choke+1","floor":36},{"not_picked":["Sucker Punch+1","Deflect+1"],"picked":"Slice+1","floor":37},{"not_picked":["Blade Dance+1","Underhanded Strike+1"],"picked":"Burst","floor":41},{"not_picked":["Sucker Punch+1","Backstab+1"],"picked":"Accuracy+1","floor":44},{"not_picked":["Good Instincts","Enlightenment"],"picked":"Mind Blast+1","floor":45},{"not_picked":["Well Laid Plans+1","Slice+1"],"picked":"Tactician+1","floor":46}],"player_experience":352589,"relics_obtained":[{"floor":9,"key":"Darkstone Periapt"},{"floor":10,"key":"Pantograph"},{"floor":13,"key":"Smiling Mask"},{"floor":26,"key":"Lantern"},{"floor":28,"key":"Molten Egg 2"},{"floor":37,"key":"Ice Cream"},{"floor":41,"key":"Letter Opener"},{"floor":43,"key":"Frozen Egg 2"}],"event_choices":[{"damage_healed":0,"gold_gain":175,"player_choice":"AGREE","damage_taken":0,"max_hp_gain":0,"max_hp_loss":0,"event_name":"Liars Game","floor":4,"gold_loss":0,"cards_obtained":["Doubt"]},{"damage_healed":0,"gold_gain":0,"player_choice":"Grow","damage_taken":0,"max_hp_gain":0,"max_hp_loss":0,"event_name":"Living Wall","floor":7,"gold_loss":0,"cards_upgraded":["Cloak And Dagger"]},{"damage_healed":0,"gold_gain":30,"player_choice":"Searched \u00272\u0027 times","damage_taken":0,"max_hp_gain":0,"max_hp_loss":0,"event_name":"Dead Adventurer","floor":13,"gold_loss":0},{"damage_healed":0,"gold_gain":0,"player_choice":"Gave Potion","damage_taken":0,"relics_obtained":["Du-Vu Doll"],"max_hp_gain":0,"max_hp_loss":0,"event_name":"WeMeetAgain","floor":19,"gold_loss":0},{"damage_healed":0,"gold_gain":0,"player_choice":"Copied","damage_taken":0,"max_hp_gain":0,"max_hp_loss":0,"event_name":"Duplicator","floor":22,"gold_loss":0,"cards_obtained":["A Thousand Cuts"]},{"damage_healed":0,"gold_gain":0,"cards_transformed":["Strike_G"],"player_choice":"Transformed","damage_taken":0,"max_hp_gain":0,"max_hp_loss":0,"event_name":"Transmorgrifier","floor":25,"gold_loss":0,"cards_obtained":["Expertise"]},{"damage_healed":0,"gold_gain":0,"player_choice":"Fight","damage_taken":0,"max_hp_gain":0,"max_hp_loss":0,"event_name":"MindBloom","floor":37,"gold_loss":0},{"cards_removed":["Strike_G"],"damage_healed":0,"gold_gain":0,"player_choice":"Removed Attack","damage_taken":0,"max_hp_gain":0,"max_hp_loss":0,"event_name":"Falling","floor":39,"gold_loss":0},{"damage_healed":0,"gold_gain":0,"player_choice":"Memory 1","damage_taken":0,"max_hp_gain":0,"max_hp_loss":0,"event_name":"SensoryStone","floor":45,"gold_loss":0}],"is_beta":false,"boss_relics":[{"not_picked":["Velvet Choker","Snecko Eye"],"picked":"WristBlade"},{"not_picked":["Astrolabe","Calling Bell"],"picked":"Orrery"}],"items_purged_floors":[5,21,24,38],"is_endless":false,"potions_floor_spawned":[10,13,16,18,31,33,35,41,46],"killed_by":"Nemesis","ascension_level":0}