{"gold_per_floor":[113,288,300,300,311,346,271,285,353,19,85,85,85],"floor_reached":13,"playtime":482,"items_purged":["Doubt","Strike_R"],"score":87,"play_id":"a4ec71e0-9c8f-4f7f-9cc6-23a3d43a0e34","local_time":"20190420230556","is_ascension_mode":true,"campfire_choices":[],"neow_cost":"NONE","seed_source_timestamp":0,"circlet_count":0,"master_deck":["Strike_R","Strike_R+1","Strike_R","Strike_R","Defend_R","Defend_R","Defend_R+1","Defend_R","Bash","Clothesline","Flex","Spot Weakness","Battle Trance","Headbutt","Thunderclap","Inflame"],"special_seed":0,"relics":["Burning Blood","Du-Vu Doll","Shuriken","Pen Nib"],"potions_floor_usage":[],"damage_taken":[{"damage":0.0,"enemies":"Cultist","floor":1.0,"turns":3.0},{"damage":13.0,"enemies":"Jaw Worm","floor":3.0,"turns":4.0},{"damage":7.0,"enemies":"Small Slimes","floor":5.0,"turns":2.0},{"damage":45.0,"enemies":"Gremlin Nob","floor":6.0,"turns":5.0},{"damage":7,"enemies":"Exordium Wildlife","floor":8,"turns":4},{"damage":16,"enemies":"Large Slime","floor":13,"turns":4}],"seed_played":"6555201280069427783","potions_obtained":[{"floor":5.0,"key":"Dexterity Potion"}],"is_trial":false,"path_per_floor":["M","?","M","?","M","E","$","M","T","$","?","$","M"],"character_chosen":"IRONCLAD","items_purchased":["Thunderclap","Pen Nib","Inflame"],"campfire_rested":0,"item_purchase_floors":[10,10,10],"current_hp_per_floor":[80,80,73,57,56,17,17,16,16,16,16,16,0],"gold":85,"neow_bonus":"THREE_CARDS","is_prod":false,"is_daily":false,"chose_seed":false,"campfire_upgraded":0,"win_rate":0,"timestamp":1555823156,"path_taken":["M","?","M","?","M","E","$","M","T","$","?","$","M"],"build_version":"2019-01-23","purchased_purges":2,"victory":false,"max_hp_per_floor":[80,80,80,80,80,80,80,80,80,80,80,80,80],"card_choices":[{"not_picked":["Evolve","Sever Soul"],"picked":"Clothesline","floor":0.0},{"not_picked":["Evolve","Body Slam"],"picked":"Flex","floor":1.0},{"not_picked":["Flex","Metallicize"],"picked":"Spot Weakness","floor":3.0},{"not_picked":["Ghostly Armor","True Grit","Clash"],"picked":"SKIP","floor":5.0},{"not_picked":["Immolate","Evolve"],"picked":"Battle Trance","floor":6.0},{"not_picked":["Anger","Clothesline"],"picked":"Headbutt","floor":8}],"player_experience":159801,"relics_obtained":[{"floor":6.0,"key":"Du-Vu Doll"},{"floor":9,"key":"Shuriken"}],"event_choices":[{"damage_healed":0.0,"max_hp_gain":0.0,"max_hp_loss":0.0,"gold_gain":175.0,"event_name":"Liars Game","player_choice":"AGREE","floor":2.0,"gold_loss":0.0,"damage_taken":0.0,"cards_obtained":["Doubt"]},{"damage_healed":0.0,"max_hp_gain":0.0,"max_hp_loss":0.0,"gold_gain":0.0,"event_name":"Shining Light","player_choice":"Entered Light","floor":4.0,"gold_loss":0.0,"damage_taken":16.0,"cards_upgraded":["Strike_R","Defend_R"]},{"damage_healed":0,"gold_gain":66,"player_choice":"Gained Gold","damage_taken":0,"max_hp_gain":0,"max_hp_loss":0,"event_name":"Golden Wing","floor":11,"gold_loss":0}],"is_beta":false,"boss_relics":[],"items_purged_floors":[7,10],"is_endless":false,"potions_floor_spawned":[5],"killed_by":"Large Slime","ascension_level":1}