{"gold_per_floor":[111,111,111,121,133,466,466,466],"floor_reached":8,"playtime":166,"items_purged":[],"score":78,"play_id":"7ba91f85-0e31-4811-b703-ce7865e6951d","local_time":"20190318221742","is_ascension_mode":true,"campfire_choices":[],"neow_cost":"NONE","seed_source_timestamp":165952715977790,"circlet_count":0,"master_deck":["Strike_R","Strike_R","Strike_R","Strike_R","Strike_R","Defend_R","Defend_R","Defend_R","Defend_R","Bash","Armaments","Regret","Headbutt","Warcry","Entrench+1"],"relics":["Burning Blood","NeowsBlessing","Paper Frog","Shovel","Old Coin"],"potions_floor_usage":[6],"damage_taken":[{"damage":0,"enemies":"2 Louse","floor":1,"turns":1},{"damage":0,"enemies":"Small Slimes","floor":4,"turns":1},{"damage":0,"enemies":"Cultist","floor":5,"turns":1},{"damage":37,"enemies":"Gremlin Nob","floor":6,"turns":4},{"damage":37,"enemies":"Lagavulin","floor":8,"turns":4}],"seed_played":"9124420112990844909","potions_obtained":[{"floor":1,"key":"Fire Potion"}],"is_trial":false,"path_per_floor":["M","?","?","M","M","E","?","E"],"character_chosen":"IRONCLAD","items_purchased":[],"campfire_rested":0,"item_purchase_floors":[],"current_hp_per_floor":[78,78,53,59,65,34,34,0],"gold":466,"neow_bonus":"THREE_ENEMY_KILL","is_prod":false,"is_daily":false,"chose_seed":false,"campfire_upgraded":0,"win_rate":0,"timestamp":1552965462,"path_taken":["M","?","?","M","M","E","?","E"],"build_version":"2019-01-23","purchased_purges":0,"victory":false,"max_hp_per_floor":[80,80,80,80,80,80,80,80],"card_choices":[{"not_picked":["Rupture","Power Through"],"picked":"Armaments","floor":1},{"not_picked":["Burning Pact","Clothesline"],"picked":"Headbutt","floor":4},{"not_picked":["Power Through","Clash"],"picked":"Warcry","floor":5},{"not_picked":["Headbutt","Armaments"],"picked":"Entrench","floor":6}],"player_experience":223483,"relics_obtained":[{"floor":6,"key":"Old Coin"}],"event_choices":[{"damage_healed":0,"gold_gain":0,"player_choice":"Box","damage_taken":0,"relics_obtained":["Paper Frog"],"max_hp_gain":0,"max_hp_loss":0,"event_name":"Big Fish","floor":2,"gold_loss":0,"cards_obtained":["Regret"]},{"damage_healed":0,"gold_gain":0,"player_choice":"Success","damage_taken":25,"relics_obtained":["Shovel"],"max_hp_gain":0,"max_hp_loss":0,"event_name":"Scrap Ooze","floor":3,"gold_loss":0},{"damage_healed":0,"gold_gain":0,"player_choice":"Grow","damage_taken":0,"max_hp_gain":0,"max_hp_loss":0,"event_name":"Living Wall","floor":7,"gold_loss":0,"cards_upgraded":["Entrench"]}],"is_beta":false,"boss_relics":[],"items_purged_floors":[],"is_endless":false,"potions_floor_spawned":[1],"killed_by":"Lagavulin","ascension_level":8}