{"gold_per_floor":[118,134,134,309,90,119,133,133,133,133,133,149,159,178,178,178],"floor_reached":16,"playtime":326,"items_purged":["Doubt"],"score":178,"play_id":"5f7ac3c8-ff88-45cb-823c-aadc3a8ff5f6","local_time":"20190322033132","is_ascension_mode":true,"campfire_choices":[{"data":"Armaments","floor":8,"key":"SMITH"},{"data":"Warcry","floor":10,"key":"SMITH"},{"data":"Spot Weakness","floor":15,"key":"SMITH"}],"neow_cost":"NONE","seed_source_timestamp":443833685262100,"circlet_count":0,"master_deck":["Strike_R","Strike_R","Strike_R","Strike_R","Strike_R","Defend_R","Defend_R","Defend_R","Defend_R","Bash","Twin Strike","Thunderclap","Feel No Pain","Warcry+1","Armaments+1","Warcry","Wild Strike","Bloodletting","Inflame","Spot Weakness+1"],"relics":["Burning Blood","NeowsBlessing","Sundial","Bronze Scales","Matryoshka"],"potions_floor_usage":[13],"damage_taken":[{"damage":0,"enemies":"Small Slimes","floor":1,"turns":1},{"damage":0,"enemies":"2 Louse","floor":2,"turns":1},{"damage":0,"enemies":"Gremlin Nob","floor":6,"turns":1},{"damage":0,"enemies":"Jaw Worm","floor":7,"turns":5},{"damage":0,"enemies":"Large Slime","floor":12,"turns":4},{"damage":18,"enemies":"Exordium Thugs","floor":13,"turns":3},{"damage":11,"enemies":"Blue Slaver","floor":14,"turns":4},{"damage":59,"enemies":"Hexaghost","floor":16,"turns":9}],"seed_played":"-5747338476353664928","potions_obtained":[{"floor":2,"key":"FairyPotion"},{"floor":6,"key":"Dexterity Potion"},{"floor":7,"key":"AttackPotion"}],"is_trial":false,"path_per_floor":["M","M","?","?","$","E","M","R","T","R","?","M","M","M","R","B"],"character_chosen":"IRONCLAD","items_purchased":["Feel No Pain","Warcry","Armaments"],"campfire_rested":0,"item_purchase_floors":[5,5,5],"current_hp_per_floor":[78,80,47,47,47,53,59,59,59,59,59,65,53,48,48,0],"gold":178,"neow_bonus":"THREE_ENEMY_KILL","is_prod":false,"is_daily":false,"chose_seed":false,"campfire_upgraded":3,"win_rate":0,"timestamp":1553243492,"path_taken":["M","M","?","?","?","E","M","R","T","R","?","M","?","M","R","BOSS"],"build_version":"2019-01-23","purchased_purges":1,"victory":false,"max_hp_per_floor":[80,80,80,80,80,80,80,80,80,80,80,80,80,80,80,80],"card_choices":[{"not_picked":["Havoc","Armaments"],"picked":"Twin Strike","floor":1},{"not_picked":["Shockwave","Flex"],"picked":"Thunderclap","floor":2},{"not_picked":["Rampage","Fire Breathing"],"picked":"Warcry","floor":6},{"not_picked":["Rupture","Power Through"],"picked":"Wild Strike","floor":7},{"not_picked":["Clothesline","Wild Strike"],"picked":"Bloodletting","floor":12},{"not_picked":["True Grit","Fiend Fire"],"picked":"Inflame","floor":13},{"not_picked":["Sword Boomerang","Rampage"],"picked":"Spot Weakness","floor":14}],"player_experience":259005,"relics_obtained":[{"floor":6,"key":"Bronze Scales"},{"floor":9,"key":"Matryoshka"}],"event_choices":[{"damage_healed":0,"gold_gain":0,"player_choice":"Success","damage_taken":33,"relics_obtained":["Sundial"],"max_hp_gain":0,"max_hp_loss":0,"event_name":"Scrap Ooze","floor":3,"gold_loss":0},{"damage_healed":0,"gold_gain":175,"player_choice":"AGREE","damage_taken":0,"max_hp_gain":0,"max_hp_loss":0,"event_name":"Liars Game","floor":4,"gold_loss":0,"cards_obtained":["Doubt"]},{"damage_healed":0,"gold_gain":0,"player_choice":"Bought 0 Potions","damage_taken":0,"max_hp_gain":0,"max_hp_loss":0,"event_name":"The Woman in Blue","floor":11,"gold_loss":0}],"is_beta":false,"boss_relics":[],"items_purged_floors":[5],"is_endless":false,"potions_floor_spawned":[2,6,7],"killed_by":"Hexaghost","ascension_level":8}