{"gold_per_floor":[119,119,119,119,142,142,180,196,196,196,19,58,58,82,82,212,212,236,236,236,236,249,282,282,311,335,345,374,374,389,400,400,495,495,506,520,69,83,83,110,110,128,152,163,173,173,206,220,220,220],"floor_reached":51,"playtime":1970,"items_purged":["Strike_G","Regret"],"score":1238,"play_id":"31dfb9e0-78e8-459d-b629-386bb775bf3b","local_time":"20190410023908","is_ascension_mode":true,"campfire_choices":[{"data":"Backflip","floor":6,"key":"SMITH"},{"data":"Well Laid Plans","floor":10,"key":"SMITH"},{"data":"Poisoned Stab","floor":13,"key":"SMITH"},{"data":"Riddle With Holes","floor":15,"key":"SMITH"},{"floor":24,"key":"REST"},{"data":"Leg Sweep","floor":29,"key":"SMITH"},{"data":"Neutralize","floor":32,"key":"SMITH"},{"data":"Noxious Fumes","floor":41,"key":"SMITH"},{"data":"Survivor","floor":46,"key":"SMITH"},{"data":"Acrobatics","floor":49,"key":"SMITH"}],"neow_cost":"NONE","seed_source_timestamp":2080667240650466,"circlet_count":0,"master_deck":["Defend_G","Defend_G","Defend_G","Defend_G","Defend_G","Strike_G+1","Strike_G","Survivor+1","Neutralize+1","Backflip+1","Poisoned Stab+1","Leg Sweep+1","Well Laid Plans+1","Dagger Throw+1","Acrobatics+1","Deflect+1","Riddle With Holes+1","Corpse Explosion+1","Writhe","Catalyst+1","PiercingWail+1","Deadly Poison+1","Prepared+1","Deadly Poison+1","Deadly Poison+1","PiercingWail+1","Adrenaline+1","Crippling Poison+1","Blur+1","Noxious Fumes+1","Tactician+1","Dodge and Roll+1","Shame","Outmaneuver+1","Burst+1","Escape Plan+1"],"relics":["Ring of the Serpent","NeowsBlessing","Bloody Idol","Sundial","Strawberry","Toxic Egg 2","Cursed Key","MutagenicStrength","Lantern","Blood Vial","Orichalcum","Snake Skull","Juzu Bracelet","Membership Card","Bottled Lightning","Whetstone","Vajra","Oddly Smooth Stone"],"potions_floor_usage":[16,16,33,50,50],"damage_taken":[{"damage":0,"enemies":"Small Slimes","floor":1,"turns":1},{"damage":0,"enemies":"2 Louse","floor":5,"turns":1},{"damage":0,"enemies":"Gremlin Nob","floor":7,"turns":1},{"damage":0,"enemies":"Jaw Worm","floor":8,"turns":4},{"damage":13,"enemies":"3 Sentries","floor":12,"turns":15},{"damage":2,"enemies":"2 Fungi Beasts","floor":14,"turns":4},{"damage":45,"enemies":"Slime Boss","floor":16,"turns":19},{"damage":14,"enemies":"2 Thieves","floor":18,"turns":3},{"damage":0,"enemies":"Chosen","floor":22,"turns":3},{"damage":17,"enemies":"Slavers","floor":23,"turns":3},{"damage":2,"enemies":"Gremlin Leader","floor":25,"turns":6},{"damage":0,"enemies":"3 Cultists","floor":27,"turns":2},{"damage":13,"enemies":"Book of Stabbing","floor":28,"turns":4},{"damage":17,"enemies":"Snake Plant","floor":30,"turns":2},{"damage":5,"enemies":"Centurion and Healer","floor":31,"turns":4},{"damage":61,"enemies":"Collector","floor":33,"turns":7},{"damage":0,"enemies":"3 Darklings","floor":35,"turns":2},{"damage":11,"enemies":"Orb Walker","floor":36,"turns":3},{"damage":0,"enemies":"Spire Growth","floor":38,"turns":4},{"damage":0,"enemies":"Nemesis","floor":40,"turns":5},{"damage":0,"enemies":"Sphere and 2 Shapes","floor":42,"turns":3},{"damage":0,"enemies":"3 Darklings","floor":44,"turns":2},{"damage":3,"enemies":"Maw","floor":45,"turns":5},{"damage":8,"enemies":"Reptomancer","floor":47,"turns":2},{"damage":0,"enemies":"Sphere and 2 Shapes","floor":48,"turns":3},{"damage":1,"enemies":"Awakened One","floor":50,"turns":11}],"seed_played":"3699620757841750689","potions_obtained":[{"floor":7,"key":"Weak Potion"},{"floor":8,"key":"Dexterity Potion"},{"floor":12,"key":"FearPotion"},{"floor":16,"key":"SneckoOil"},{"floor":25,"key":"Swift Potion"},{"floor":31,"key":"Strength Potion"},{"floor":33,"key":"GamblersBrew"},{"floor":42,"key":"Dexterity Potion"}],"is_trial":false,"path_per_floor":["M","?","?","?","M","R","E","M","T","R","$","E","R","M","R","B",null,"M","?","?","?","M","E","R","E","T","M","E","R","M","M","R","B",null,"M","M","$","M","?","E","R","M","T","M","M","R","E","M","R","B",null],"character_chosen":"THE_SILENT","items_purchased":["Dagger Throw","Acrobatics","Membership Card","Bottled Lightning","Noxious Fumes","Tactician+1"],"campfire_rested":1,"item_purchase_floors":[11,11,37,37,37,37],"current_hp_per_floor":[63,63,56,56,56,56,56,56,63,63,63,50,50,48,48,3,59,45,45,45,45,50,38,61,66,71,77,69,69,59,61,61,7,60,67,63,63,70,70,77,77,77,77,77,77,77,74,77,77,76],"gold":220,"neow_bonus":"THREE_ENEMY_KILL","is_prod":false,"is_daily":false,"chose_seed":false,"campfire_upgraded":9,"win_rate":0,"timestamp":1554881948,"path_taken":["M","?","?","?","M","R","E","M","T","R","?","E","R","M","R","BOSS","M","?","?","?","M","E","R","E","T","M","E","R","M","M","R","BOSS","M","M","$","M","?","E","R","M","T","M","M","R","E","M","R","BOSS"],"build_version":"2019-01-23","purchased_purges":2,"victory":true,"max_hp_per_floor":[70,70,70,70,70,70,70,70,77,77,77,77,77,77,77,77,77,77,77,77,77,77,77,77,77,77,77,77,77,77,77,77,77,77,77,77,77,77,77,77,77,77,77,77,77,77,77,77,77,77],"card_choices":[{"not_picked":["PiercingWail","Accuracy"],"picked":"Backflip","floor":1},{"not_picked":["Infinite Blades","Concentrate"],"picked":"Poisoned Stab","floor":5},{"not_picked":["Expertise","Infinite Blades"],"picked":"Leg Sweep","floor":7},{"not_picked":["Backflip","Sucker Punch"],"picked":"Well Laid Plans","floor":8},{"not_picked":["Heel Hook","Skewer"],"picked":"Deflect","floor":12},{"not_picked":["Poisoned Stab","Cloak And Dagger+1"],"picked":"Riddle With Holes","floor":14},{"not_picked":["A Thousand Cuts","Glass Knife"],"picked":"Corpse Explosion+1","floor":16},{"not_picked":["Accuracy+1","Endless Agony+1","Bane"],"picked":"SKIP","floor":18},{"not_picked":["Bane+1","Endless Agony"],"picked":"Catalyst+1","floor":22},{"not_picked":["Concentrate+1","Flechettes"],"picked":"PiercingWail+1","floor":23},{"not_picked":["Terror+1","Backstab"],"picked":"Deadly Poison+1","floor":25},{"not_picked":["All Out Attack","PiercingWail+1"],"picked":"Prepared+1","floor":27},{"not_picked":["A Thousand Cuts","Riddle With Holes+1"],"picked":"Deadly Poison+1","floor":28},{"not_picked":["Well Laid Plans","Bane"],"picked":"Deadly Poison+1","floor":30},{"not_picked":["Sucker Punch","Eviscerate"],"picked":"PiercingWail+1","floor":31},{"not_picked":["A Thousand Cuts","Night Terror+1"],"picked":"Adrenaline+1","floor":33},{"not_picked":["Endless Agony+1","Dash+1"],"picked":"Crippling Poison+1","floor":35},{"not_picked":["Leg Sweep+1","Bane+1"],"picked":"Blur+1","floor":36},{"not_picked":["Infinite Blades","Setup+1","Dagger Spray+1"],"picked":"SKIP","floor":38},{"not_picked":["Masterful Stab+1","Dagger Spray+1"],"picked":"Dodge and Roll+1","floor":40},{"not_picked":["Sucker Punch+1","Choke+1","Bane"],"picked":"SKIP","floor":42},{"not_picked":["Bouncing Flask+1","Dagger Throw+1"],"picked":"Outmaneuver+1","floor":44},{"not_picked":["Poisoned Stab+1","Prepared+1"],"picked":"Burst+1","floor":45},{"not_picked":["Phantasmal Killer+1","Leg Sweep+1"],"picked":"Escape Plan+1","floor":47},{"not_picked":["Leg Sweep+1","Bouncing Flask+1","Cloak And Dagger+1"],"picked":"SKIP","floor":48}],"player_experience":308032,"relics_obtained":[{"floor":7,"key":"Sundial"},{"floor":9,"key":"Strawberry"},{"floor":12,"key":"Toxic Egg 2"},{"floor":23,"key":"Blood Vial"},{"floor":25,"key":"Orichalcum"},{"floor":26,"key":"Snake Skull"},{"floor":28,"key":"Juzu Bracelet"},{"floor":40,"key":"Whetstone"},{"floor":43,"key":"Vajra"},{"floor":47,"key":"Oddly Smooth Stone"}],"event_choices":[{"damage_healed":0,"gold_gain":0,"player_choice":"Take Wound","damage_taken":0,"relics_obtained":["Golden Idol"],"max_hp_gain":0,"max_hp_loss":0,"event_name":"Golden Idol","floor":2,"gold_loss":0,"cards_obtained":["Injury"]},{"cards_removed":["Strike_G"],"damage_healed":0,"gold_gain":0,"player_choice":"Card Removal","damage_taken":7,"max_hp_gain":0,"max_hp_loss":0,"event_name":"Golden Wing","floor":3,"gold_loss":0},{"cards_removed":["Injury"],"damage_healed":0,"gold_gain":0,"player_choice":"Forget","damage_taken":0,"max_hp_gain":0,"max_hp_loss":0,"event_name":"Living Wall","floor":4,"gold_loss":0},{"damage_healed":0,"gold_gain":0,"player_choice":"Gave Idol","damage_taken":0,"relics_obtained":["Bloody Idol"],"max_hp_gain":0,"max_hp_loss":0,"event_name":"Forgotten Altar","floor":19,"relics_lost":["Golden Idol"],"gold_loss":0},{"damage_healed":0,"gold_gain":0,"player_choice":"Inject Mutagens","damage_taken":0,"relics_obtained":["MutagenicStrength"],"max_hp_gain":0,"max_hp_loss":0,"event_name":"Drug Dealer","floor":20,"gold_loss":0},{"damage_healed":0,"gold_gain":0,"player_choice":"Opened","damage_taken":0,"relics_obtained":["Lantern"],"max_hp_gain":0,"max_hp_loss":0,"event_name":"The Mausoleum","floor":21,"gold_loss":0,"cards_obtained":["Writhe"]},{"cards_removed":["Strike_G"],"damage_healed":0,"gold_gain":0,"player_choice":"Removed Attack","damage_taken":0,"max_hp_gain":0,"max_hp_loss":0,"event_name":"Falling","floor":39,"gold_loss":0}],"is_beta":false,"boss_relics":[{"not_picked":["Fusion Hammer","HoveringKite"],"picked":"Cursed Key"},{"not_picked":["Lizard Tail","WristBlade"],"picked":"Ring of the Serpent"}],"items_purged_floors":[11,37],"is_endless":false,"potions_floor_spawned":[7,8,12,16,25,31,33,38,42,44,45,47,48],"ascension_level":9}