{"gold_per_floor":[116,128,139,64,74,74,101,101,124,136,160,6,6,6,6,80,80,94,94,106,31,41,41,74,74,145,170,170,182,182,194,194,194],"floor_reached":33,"playtime":1264,"items_purged":["Strike_G+1"],"score":477,"play_id":"5e100537-d46a-4545-8e00-80f0fd89926f","local_time":"20190511022226","is_ascension_mode":true,"campfire_choices":[{"data":"Bouncing Flask","floor":6,"key":"SMITH"},{"data":"Die Die Die","floor":8,"key":"SMITH"},{"floor":13,"key":"REST"},{"data":"Deadly Poison","floor":15,"key":"SMITH"},{"floor":23,"key":"REST"},{"floor":25,"key":"REST"},{"data":"Acrobatics","floor":28,"key":"SMITH"},{"floor":32,"key":"REST"}],"neow_cost":"NONE","seed_source_timestamp":1161180092271038,"circlet_count":0,"master_deck":["AscendersBane","Defend_G+1","Defend_G+1","Defend_G+1","Defend_G+1","Defend_G+1","Strike_G+1","Strike_G+1","Strike_G+1","Survivor+1","Neutralize+1","Bouncing Flask+1","Slice","Dagger Spray","Deadly Poison+1","Die Die Die+1","After Image","Acrobatics+1","All Out Attack+1","Well Laid Plans+1","Backstab","Crippling Poison"],"relics":["Ring of the Snake","Oddly Smooth Stone","MawBank","PreservedInsect","Black Star","Bag of Preparation","Ice Cream","The Courier","Omamori"],"potions_floor_usage":[24,24],"damage_taken":[{"damage":2,"enemies":"2 Louse","floor":1,"turns":4},{"damage":4,"enemies":"Jaw Worm","floor":2,"turns":3},{"damage":0,"enemies":"Small Slimes","floor":3,"turns":4},{"damage":3,"enemies":"Red Slaver","floor":5,"turns":8},{"damage":20,"enemies":"Lagavulin","floor":7,"turns":6},{"damage":10,"enemies":"3 Louse","floor":11,"turns":3},{"damage":24,"enemies":"Hexaghost","floor":16,"turns":9},{"damage":8,"enemies":"Chosen","floor":18,"turns":5},{"damage":10,"enemies":"Spheric Guardian","floor":20,"turns":4},{"damage":20,"enemies":"Shelled Parasite and Fungi","floor":22,"turns":7},{"damage":3,"enemies":"Slavers","floor":24,"turns":3},{"damage":3,"enemies":"Snake Plant","floor":29,"turns":4},{"damage":4,"enemies":"Chosen and Byrds","floor":31,"turns":6},{"damage":68,"enemies":"Collector","floor":33,"turns":7}],"seed_played":"-2747700283328043090","potions_obtained":[{"floor":3,"key":"SteroidPotion"},{"floor":5,"key":"Swift Potion"},{"floor":18,"key":"GhostInAJar"},{"floor":29,"key":"Weak Potion"}],"is_trial":false,"path_per_floor":["M","M","M","?","M","R","E","R","T","?","M","$","R","?","R","B",null,"M","?","M","$","M","R","E","R","T","T","R","M","?","M","R","B"],"character_chosen":"THE_SILENT","items_purchased":["PreservedInsect"],"campfire_rested":4,"item_purchase_floors":[12],"current_hp_per_floor":[57,53,53,53,50,50,30,30,30,30,20,20,39,39,39,15,53,45,45,35,35,15,34,31,50,50,50,50,47,47,43,62,0],"gold":194,"neow_bonus":"UPGRADE_CARD","is_prod":false,"is_daily":false,"chose_seed":false,"campfire_upgraded":4,"win_rate":0,"timestamp":1557559346,"path_taken":["M","M","M","?","M","R","E","R","T","?","M","$","R","?","R","BOSS","M","?","M","$","M","R","E","R","T","?","R","M","?","M","R","BOSS"],"build_version":"2019-01-23","purchased_purges":1,"victory":false,"max_hp_per_floor":[66,66,66,66,66,66,66,66,66,66,66,66,66,66,66,66,66,66,66,66,66,66,66,66,66,66,66,66,66,66,66,66,66],"card_choices":[{"not_picked":["Blade Dance","Dash"],"picked":"Bouncing Flask","floor":1},{"not_picked":["Escape Plan","Dagger Throw"],"picked":"Slice","floor":2},{"not_picked":["Deflect","Quick Slash"],"picked":"Dagger Spray","floor":3},{"not_picked":["Flying Knee","Dodge and Roll"],"picked":"Deadly Poison","floor":5},{"not_picked":["Sucker Punch","Eviscerate"],"picked":"Die Die Die","floor":7},{"not_picked":["Dagger Throw","Eviscerate","Choke"],"picked":"SKIP","floor":11},{"not_picked":["Die Die Die","Venomology"],"picked":"After Image","floor":16},{"not_picked":["Prepared","Flying Knee"],"picked":"Acrobatics","floor":18},{"not_picked":["Dagger Throw","Riddle With Holes","Underhanded Strike"],"picked":"SKIP","floor":20},{"not_picked":["Setup","Poisoned Stab"],"picked":"All Out Attack+1","floor":22},{"not_picked":["Prepared","Dagger Throw"],"picked":"Well Laid Plans+1","floor":24},{"not_picked":["Dagger Spray","Bane"],"picked":"Backstab","floor":29},{"not_picked":["Sucker Punch","A Thousand Cuts"],"picked":"Crippling Poison","floor":31}],"player_experience":396503,"relics_obtained":[{"floor":7,"key":"Oddly Smooth Stone"},{"floor":9,"key":"MawBank"},{"floor":24,"key":"Bag of Preparation"},{"floor":24,"key":"Ice Cream"},{"floor":26,"key":"The Courier"},{"floor":27,"key":"Omamori"}],"event_choices":[{"cards_removed":["Strike_G"],"damage_healed":0,"gold_gain":0,"player_choice":"Card Removal","damage_taken":0,"max_hp_gain":0,"max_hp_loss":0,"event_name":"The Cleric","floor":4,"gold_loss":75},{"damage_healed":0,"gold_gain":0,"player_choice":"Grow","damage_taken":0,"max_hp_gain":0,"max_hp_loss":0,"event_name":"Living Wall","floor":10,"gold_loss":0,"cards_upgraded":["Survivor"]},{"damage_healed":0,"gold_gain":0,"player_choice":"Searched \u00271\u0027 times","damage_taken":0,"max_hp_gain":0,"max_hp_loss":0,"event_name":"Dead Adventurer","floor":14,"gold_loss":0},{"damage_healed":0,"gold_gain":0,"player_choice":"Simplicity","damage_taken":0,"max_hp_gain":0,"max_hp_loss":0,"event_name":"Back to Basics","floor":19,"gold_loss":0,"cards_upgraded":["Defend_G","Defend_G","Defend_G","Defend_G","Defend_G","Strike_G","Strike_G","Strike_G","Strike_G"]},{"damage_healed":0,"gold_gain":0,"player_choice":"Ignored","damage_taken":0,"max_hp_gain":0,"max_hp_loss":0,"event_name":"Vampires","floor":30,"gold_loss":0}],"is_beta":false,"boss_relics":[{"not_picked":["Coffee Dripper","Ectoplasm"],"picked":"Black Star"}],"items_purged_floors":[21],"is_endless":false,"potions_floor_spawned":[3,5,11,18,29],"killed_by":"Collector","ascension_level":16}