{"gold_per_floor":[117,64,75,94,94,121,121,150,150,169,169,169,169,182,182,256,256,271,221,231,249,63,90,106,106,131,156,186,218,80,95,95,169,169,186,186,186,86,97,97,132,132,132,132],"floor_reached":44,"playtime":1776,"items_purged":["Strike_B","Strike_B"],"score":878,"play_id":"a2e51f40-797c-47b3-9206-9094c9f52fe0","local_time":"20190511234544","is_ascension_mode":true,"campfire_choices":[{"floor":7.0,"key":"REST"},{"data":"Seek","floor":11.0,"key":"SMITH"},{"data":"Zap","floor":13.0,"key":"SMITH"},{"data":"Recycle","floor":15.0,"key":"SMITH"},{"floor":25.0,"key":"REST"},{"floor":32,"key":"REST"},{"data":"Defragment","floor":40,"key":"SMITH"},{"floor":42,"key":"REST"}],"neow_cost":"NONE","seed_source_timestamp":1237538465303285,"circlet_count":0,"master_deck":["AscendersBane","Strike_B","Defend_B","Defend_B","Defend_B","Defend_B","Zap+1","Dualcast","Sunder+1","Beam Cell","Coolheaded","Capacitor","Conserve Battery","Reprogram","Seek+1","Undo","Recycle+1","Electrodynamics","Cold Snap","Defragment+1","Biased Cognition","Static Discharge","Leap","Turbo","Reinforced Body","Defragment+1","Hologram+1","Madness","Madness"],"special_seed":0,"relics":["Cracked Core","NeowsBlessing","Matryoshka","Prayer Wheel","DataDisk","FossilizedHelix","Nuclear Battery","Lantern","Blood Vial","Pen Nib","Art of War","MawBank","Lizard Tail","Cables","Bottled Flame"],"potions_floor_usage":[44],"damage_taken":[{"damage":0.0,"enemies":"Jaw Worm","floor":1.0,"turns":1.0},{"damage":0.0,"enemies":"Cultist","floor":3.0,"turns":1.0},{"damage":0.0,"enemies":"2 Louse","floor":4.0,"turns":1.0},{"damage":34.0,"enemies":"Lagavulin","floor":6.0,"turns":9.0},{"damage":15.0,"enemies":"3 Sentries","floor":8.0,"turns":8.0},{"damage":0.0,"enemies":"Exordium Wildlife","floor":10.0,"turns":2.0},{"damage":6.0,"enemies":"Lots of Slimes","floor":14.0,"turns":4.0},{"damage":24.0,"enemies":"The Guardian","floor":16.0,"turns":12.0},{"damage":5.0,"enemies":"Chosen","floor":18.0,"turns":5.0},{"damage":0.0,"enemies":"Spheric Guardian","floor":20.0,"turns":3.0},{"damage":17.0,"enemies":"Centurion and Healer","floor":21.0,"turns":3.0},{"damage":13.0,"enemies":"Gremlin Leader","floor":23.0,"turns":8.0},{"damage":0.0,"enemies":"Chosen and Byrds","floor":24.0,"turns":3.0},{"damage":13.0,"enemies":"Book of Stabbing","floor":27.0,"turns":5.0},{"damage":0.0,"enemies":"3 Cultists","floor":28.0,"turns":2.0},{"damage":0.0,"enemies":"Sentry and Sphere","floor":29.0,"turns":4.0},{"damage":0,"enemies":"Snake Plant","floor":31,"turns":3},{"damage":4,"enemies":"Automaton","floor":33,"turns":12},{"damage":0,"enemies":"Orb Walker","floor":35,"turns":4},{"damage":15,"enemies":"3 Darklings","floor":39,"turns":3},{"damage":71,"enemies":"Reptomancer","floor":41,"turns":8},{"damage":44,"enemies":"Giant Head","floor":44,"turns":7}],"seed_played":"-1615955669271010298","potions_obtained":[{"floor":3.0,"key":"SkillPotion"},{"floor":6.0,"key":"FearPotion"},{"floor":10.0,"key":"Dexterity Potion"},{"floor":20.0,"key":"Fire Potion"},{"floor":23.0,"key":"SteroidPotion"},{"floor":28.0,"key":"Energy Potion"},{"floor":29.0,"key":"Strength Potion"},{"floor":41,"key":"AttackPotion"}],"is_trial":false,"path_per_floor":["M","$","M","M","?","E","R","E","T","M","R","?","R","M","R","B",null,"M","?","M","M","$","E","M","R","T","E","M","M","$","M","R","B",null,"M","?","?","$","M","R","E","R","T","E"],"character_chosen":"DEFECT","items_purchased":["Beam Cell","Leap","Lantern","Defragment"],"campfire_rested":4,"item_purchase_floors":[2,22,22,30],"current_hp_per_floor":[64,64,64,64,64,30,51,36,36,36,36,36,36,30,30,6,55,50,50,50,33,33,20,22,43,43,32,34,36,36,38,59,57,68,70,57,57,57,44,44,17,38,38,0],"gold":132,"neow_bonus":"THREE_ENEMY_KILL","is_prod":false,"is_daily":false,"chose_seed":false,"campfire_upgraded":4,"win_rate":0,"timestamp":1557636344,"path_taken":["M","$","M","M","?","E","R","E","T","M","R","?","R","M","R","BOSS","M","?","M","?","$","E","M","R","T","E","M","M","?","M","R","BOSS","M","?","?","$","M","R","E","R","T","E"],"build_version":"2019-01-23","purchased_purges":2,"victory":false,"max_hp_per_floor":[71,71,71,71,71,71,71,71,71,71,71,71,71,71,71,71,71,71,71,71,71,71,71,71,71,71,71,71,71,71,71,71,71,71,71,71,71,71,71,71,71,71,71,71],"card_choices":[{"not_picked":["Compile Driver","Auto Shields"],"picked":"Sunder","floor":1.0},{"not_picked":["Compile Driver","Gash"],"picked":"Coolheaded","floor":3.0},{"not_picked":["Reinforced Body","Double Energy"],"picked":"Capacitor","floor":4.0},{"not_picked":["Melter","Streamline"],"picked":"Conserve Battery","floor":6.0},{"not_picked":["Static Discharge","Genetic Algorithm"],"picked":"Reprogram","floor":8.0},{"not_picked":["Auto Shields","Hologram"],"picked":"Seek","floor":10.0},{"not_picked":["Lockon","Gash","Redo"],"picked":"SKIP","floor":10.0},{"not_picked":["Sweeping Beam","Steam Power"],"picked":"Recycle","floor":14.0},{"not_picked":["Conserve Battery","Sweeping Beam","Reprogram"],"picked":"SKIP","floor":14.0},{"not_picked":["Rainbow","Amplify"],"picked":"Electrodynamics","floor":16.0},{"not_picked":["Hologram","Stack"],"picked":"Cold Snap","floor":18.0},{"not_picked":["Ball Lightning","Go for the Eyes","Undo"],"picked":"SKIP","floor":18.0},{"not_picked":["Barrage","Chaos"],"picked":"Defragment+1","floor":20.0},{"not_picked":["Go for the Eyes","Sweeping Beam","Heatsinks"],"picked":"SKIP","floor":20.0},{"not_picked":["Hologram","Cold Snap"],"picked":"Biased Cognition","floor":21.0},{"not_picked":["Rebound+1","Barrage"],"picked":"Static Discharge","floor":21.0},{"not_picked":["Go for the Eyes","Steam","Streamline"],"picked":"SKIP","floor":23.0},{"not_picked":["Sweeping Beam","Barrage","Compile Driver"],"picked":"SKIP","floor":24.0},{"not_picked":["Meteor Strike","Ball Lightning","Melter+1"],"picked":"SKIP","floor":24.0},{"not_picked":["Rainbow","Streamline","Compile Driver"],"picked":"SKIP","floor":27.0},{"not_picked":["Hologram","Streamline"],"picked":"Turbo","floor":28.0},{"not_picked":["Streamline","Tempest","Rip and Tear"],"picked":"SKIP","floor":28.0},{"not_picked":["Leap","Beam Cell"],"picked":"Reinforced Body","floor":29.0},{"not_picked":["Coolheaded","Streamline","Thunder Strike"],"picked":"SKIP","floor":29.0},{"not_picked":["Auto Shields","Stack","Barrage"],"picked":"SKIP","floor":31},{"not_picked":["Multi-Cast","Gash","Scrape"],"picked":"SKIP","floor":31},{"not_picked":["Steam","Rebound+1"],"picked":"Hologram+1","floor":35},{"not_picked":["Lockon","Storm","Rebound+1"],"picked":"SKIP","floor":35},{"not_picked":["Double Energy+1","Redo","Conserve Battery"],"picked":"SKIP","floor":39},{"not_picked":["Leap","Rebound","Melter+1"],"picked":"SKIP","floor":39},{"not_picked":["Genetic Algorithm+1","Leap","Barrage+1"],"picked":"SKIP","floor":41}],"player_experience":400002,"relics_obtained":[{"floor":6.0,"key":"Matryoshka"},{"floor":8.0,"key":"Prayer Wheel"},{"floor":9.0,"key":"DataDisk"},{"floor":9.0,"key":"FossilizedHelix"},{"floor":23.0,"key":"Blood Vial"},{"floor":26.0,"key":"Pen Nib"},{"floor":26.0,"key":"Art of War"},{"floor":27.0,"key":"MawBank"},{"floor":41,"key":"Cables"},{"floor":43,"key":"Bottled Flame"}],"event_choices":[{"damage_healed":0.0,"max_hp_gain":0.0,"max_hp_loss":0.0,"gold_gain":0.0,"event_name":"Living Wall","player_choice":"Grow","floor":5.0,"gold_loss":0.0,"damage_taken":0.0,"cards_upgraded":["Sunder"]},{"damage_healed":0.0,"max_hp_gain":0.0,"max_hp_loss":0.0,"gold_gain":0.0,"cards_transformed":["Strike_B"],"event_name":"Transmorgrifier","player_choice":"Transformed","floor":12.0,"gold_loss":0.0,"damage_taken":0.0,"cards_obtained":["Undo"]},{"damage_healed":0.0,"max_hp_gain":0.0,"max_hp_loss":0.0,"gold_gain":0.0,"event_name":"The Joust","player_choice":"Bet on Owner","floor":19.0,"gold_loss":50.0,"damage_taken":0.0},{"damage_healed":0,"gold_gain":0,"player_choice":"Embrace Madness","damage_taken":13,"max_hp_gain":0,"max_hp_loss":0,"event_name":"Winding Halls","floor":36,"gold_loss":0,"cards_obtained":["Madness","Madness"]},{"damage_healed":0,"gold_gain":0,"player_choice":"Ignored","damage_taken":0,"max_hp_gain":0,"max_hp_loss":0,"event_name":"Tomb of Lord Red Mask","floor":37,"gold_loss":0}],"is_beta":false,"boss_relics":[{"not_picked":["Empty Cage","FrozenCore"],"picked":"Nuclear Battery"},{"not_picked":["Calling Bell","Pandora\u0027s Box"],"picked":"Lizard Tail"}],"items_purged_floors":[30,38],"is_endless":false,"potions_floor_spawned":[3,6,10,20,23,28,29,31,39,41],"killed_by":"Giant Head","ascension_level":16}