{"gold_per_floor":[369,369,380,225,244,261,261,44,71,82,112,112,193,212,212,287,287,299,299,314,348,103,103,130,130,130,141,141,141,191,205,205,279,279,297,314,334,334,334,334,360,360,360,360,205,205,235,34,34,34,34,34,34,6,37,37],"floor_reached":57,"playtime":3673,"items_purged":["Regret","Strike_G","Writhe","Strike_G+1"],"score":2802,"play_id":"d2103ed4-6d75-4001-9a15-9176422c1017","local_time":"20190525200622","is_ascension_mode":true,"campfire_choices":[{"data":"Footwork","floor":7,"key":"SMITH"},{"data":"Deadly Poison","floor":12,"key":"SMITH"},{"data":"Neutralize","floor":15,"key":"SMITH"},{"floor":23,"key":"REST"},{"data":"Footwork","floor":25,"key":"SMITH"},{"floor":28,"key":"REST"},{"data":"Noxious Fumes","floor":32,"key":"SMITH"},{"floor":40,"key":"RECALL"},{"floor":42,"key":"REST"},{"floor":46,"key":"REST"},{"floor":49,"key":"REST"},{"floor":53,"key":"REST"}],"neow_cost":"TEN_PERCENT_HP_LOSS","seed_source_timestamp":841252554432500,"circlet_count":0,"master_deck":["AscendersBane","Defend_G+1","Defend_G+1","Defend_G+1","Defend_G+1","Defend_G+1","Strike_G+1","Strike_G+1","Strike_G+1","Survivor","Neutralize+1","Dagger Spray","Deadly Poison+1","Footwork+1","Adrenaline","Backflip","Backflip","Poisoned Stab","Dodge and Roll+1","Night Terror+1","Dodge and Roll+1","Leg Sweep+1","Backflip+1","Footwork+1","PiercingWail+1","Noxious Fumes+1","Adrenaline+1","Footwork+1","Deadly Poison+1","Corpse Explosion+1","Dodge and Roll+1","Backflip+1"],"relics":["Ring of the Snake","Boot","Bag of Preparation","Orichalcum","Happy Flower","Toxic Egg 2","Sozu","Red Mask","Juzu Bracelet","Gremlin Horn","Fusion Hammer","Blood Vial","Torii","Oddly Smooth Stone"],"potions_floor_usage":[21],"damage_taken":[{"damage":7,"enemies":"Cultist","floor":1,"turns":5},{"damage":8,"enemies":"Jaw Worm","floor":3,"turns":5},{"damage":3,"enemies":"Small Slimes","floor":5,"turns":3},{"damage":0,"enemies":"2 Fungi Beasts","floor":6,"turns":3},{"damage":0,"enemies":"Blue Slaver","floor":10,"turns":4},{"damage":7,"enemies":"3 Sentries","floor":11,"turns":7},{"damage":3,"enemies":"Gremlin Gang","floor":14,"turns":3},{"damage":9,"enemies":"The Guardian","floor":16,"turns":12},{"damage":16,"enemies":"2 Thieves","floor":18,"turns":5},{"damage":1,"enemies":"Chosen","floor":20,"turns":5},{"damage":16,"enemies":"Masked Bandits","floor":21,"turns":8},{"damage":26,"enemies":"Gremlin Leader","floor":24,"turns":12},{"damage":1,"enemies":"Shelled Parasite and Fungi","floor":27,"turns":7},{"damage":0,"enemies":"Centurion and Healer","floor":31,"turns":10},{"damage":0,"enemies":"Collector","floor":33,"turns":15},{"damage":0,"enemies":"3 Shapes","floor":35,"turns":5},{"damage":0,"enemies":"Orb Walker","floor":36,"turns":4},{"damage":0,"enemies":"Transient","floor":37,"turns":6},{"damage":32,"enemies":"Reptomancer","floor":41,"turns":9},{"damage":0,"enemies":"Giant Head","floor":47,"turns":12},{"damage":8,"enemies":"Awakened One","floor":50,"turns":27},{"damage":22,"enemies":"Time Eater","floor":51,"turns":19},{"damage":21,"enemies":"Shield and Spear","floor":55,"turns":9},{"damage":16,"enemies":"The Heart","floor":56,"turns":14}],"seed_played":"3341805097583963609","potions_obtained":[{"floor":6,"key":"FairyPotion"},{"floor":14,"key":"PowerPotion"}],"is_trial":false,"path_per_floor":["M","?","M","$","M","M","R","$","T","M","E","R","T","M","R","B",null,"M","?","M","?","$","R","E","R","T","M","R","?","?","M","R","B",null,"M","M","M","?","?","R","E","R","T","?","$","R","E","$","R","B","B",null,"R","$","E","B",null],"character_chosen":"THE_SILENT","items_purchased":["Footwork","Backflip","Bag of Preparation","Footwork","PiercingWail+1","Deadly Poison+1","Dodge and Roll+1","Backflip+1"],"campfire_rested":6,"item_purchase_floors":[4,8,8,22,22,45,48,54],"current_hp_per_floor":[52,52,44,44,41,41,41,41,41,41,34,34,34,31,31,22,51,35,35,34,18,18,36,10,10,10,9,27,27,27,27,27,27,52,52,52,52,52,60,60,28,46,46,46,46,60,60,60,60,52,32,53,60,60,39,25],"gold":37,"neow_bonus":"TWO_FIFTY_GOLD","is_prod":false,"is_daily":false,"chose_seed":false,"campfire_upgraded":5,"win_rate":0,"timestamp":1558829182,"path_taken":["M","?","M","$","M","M","R","$","T","M","E","R","?","M","R","BOSS","M","?","M","?","?","R","E","R","T","M","R","?","?","M","R","BOSS","M","M","M","?","?","R","E","R","T","?","?","R","E","$","R","BOSS","BOSS","R","$","E","BOSS"],"build_version":"2019-01-23","purchased_purges":4,"victory":true,"max_hp_per_floor":[60,60,60,60,60,60,60,60,60,60,60,60,60,60,60,60,60,60,60,60,60,60,60,60,60,60,60,60,60,60,60,60,60,60,60,60,60,60,60,60,60,60,60,60,60,60,60,60,60,60,60,60,60,60,60,60],"card_choices":[{"not_picked":["Dodge and Roll","Slice"],"picked":"Dagger Spray","floor":1},{"not_picked":["Deflect","Dodge and Roll"],"picked":"Deadly Poison","floor":3},{"not_picked":["Footwork","Cloak And Dagger"],"picked":"Adrenaline","floor":5},{"not_picked":["Reflex","Deflect"],"picked":"Backflip","floor":6},{"not_picked":["Quick Slash","Setup","Prepared"],"picked":"SKIP","floor":10},{"not_picked":["Quick Slash","Backstab"],"picked":"Poisoned Stab","floor":11},{"not_picked":["Distraction+1","Predator"],"picked":"Dodge and Roll+1","floor":14},{"not_picked":["Storm of Steel+1","Doppelganger+1"],"picked":"Night Terror+1","floor":16},{"not_picked":["Caltrops+1","Deadly Poison+1"],"picked":"Dodge and Roll+1","floor":18},{"not_picked":["Poisoned Stab","Outmaneuver+1","Quick Slash"],"picked":"SKIP","floor":20},{"not_picked":["Bane","Terror+1"],"picked":"Backflip+1","floor":21},{"not_picked":["Poisoned Stab","Phantasmal Killer+1","Dash"],"picked":"SKIP","floor":24},{"not_picked":["Acrobatics+1","Blade Dance+1","Outmaneuver+1"],"picked":"SKIP","floor":27},{"not_picked":["Bane","Poisoned Stab"],"picked":"Noxious Fumes","floor":31},{"not_picked":["Venomology+1","Burst+1"],"picked":"Adrenaline+1","floor":33},{"not_picked":["Bane","Outmaneuver+1","Distraction+1"],"picked":"SKIP","floor":35},{"not_picked":["Underhanded Strike","Deflect+1","Dash"],"picked":"SKIP","floor":36},{"not_picked":["Predator","Finisher","Distraction+1"],"picked":"SKIP","floor":37},{"not_picked":["Quick Slash","Sucker Punch","Poisoned Stab"],"picked":"SKIP","floor":41},{"not_picked":["Quick Slash","Backstab"],"picked":"Corpse Explosion+1","floor":47},{"not_picked":["Crippling Poison+1","Escape Plan+1","Distraction+1"],"picked":"SKIP","floor":55}],"player_experience":828965,"relics_obtained":[{"floor":9,"key":"Orichalcum"},{"floor":11,"key":"Happy Flower"},{"floor":13,"key":"Toxic Egg 2"},{"floor":21,"key":"Red Mask"},{"floor":24,"key":"Juzu Bracelet"},{"floor":26,"key":"Gremlin Horn"},{"floor":41,"key":"Blood Vial"},{"floor":47,"key":"Torii"},{"floor":55,"key":"Oddly Smooth Stone"}],"event_choices":[{"damage_healed":0,"gold_gain":0,"player_choice":"Box","damage_taken":0,"relics_obtained":["Boot"],"max_hp_gain":0,"max_hp_loss":0,"event_name":"Big Fish","floor":2,"gold_loss":0,"cards_obtained":["Regret"]},{"damage_healed":0,"gold_gain":0,"player_choice":"Read","damage_taken":0,"max_hp_gain":0,"max_hp_loss":0,"event_name":"The Library","floor":19,"gold_loss":0,"cards_obtained":["Leg Sweep"]},{"damage_healed":0,"gold_gain":0,"player_choice":"Fought Bandits","damage_taken":0,"max_hp_gain":0,"max_hp_loss":0,"event_name":"Masked Bandits","floor":21,"gold_loss":0},{"damage_healed":0,"gold_gain":0,"player_choice":"Simplicity","damage_taken":0,"max_hp_gain":0,"max_hp_loss":0,"event_name":"Back to Basics","floor":29,"gold_loss":0,"cards_upgraded":["Defend_G","Defend_G","Defend_G","Defend_G","Defend_G","Strike_G","Strike_G","Strike_G","Strike_G"]},{"damage_healed":0,"gold_gain":50,"player_choice":"Stole From Cult","damage_taken":0,"max_hp_gain":0,"max_hp_loss":0,"event_name":"Nest","floor":30,"gold_loss":0},{"damage_healed":0,"gold_gain":0,"player_choice":"Leave","damage_taken":0,"max_hp_gain":0,"max_hp_loss":0,"event_name":"FaceTrader","floor":38,"gold_loss":0},{"damage_healed":12,"gold_gain":0,"player_choice":"Writhe","damage_taken":0,"max_hp_gain":0,"max_hp_loss":0,"event_name":"Winding Halls","floor":39,"gold_loss":0,"cards_obtained":["Writhe"]},{"damage_healed":0,"gold_gain":0,"player_choice":"Copied","damage_taken":0,"max_hp_gain":0,"max_hp_loss":0,"event_name":"Duplicator","floor":44,"gold_loss":0,"cards_obtained":["Footwork"]}],"is_beta":false,"boss_relics":[{"not_picked":["Orrery","Eternal Feather"],"picked":"Sozu"},{"not_picked":["Lizard Tail","Busted Crown"],"picked":"Fusion Hammer"}],"items_purged_floors":[4,22,45,48],"is_endless":false,"potions_floor_spawned":[6,14,18,20,27,35,37],"ascension_level":20}