{"gold_per_floor":[144,189,234,279,324,414,414,459,509,554,599,644,644,689,689,989,989,1034,1034,555,600,645,735,780,1055,1105,1150,550,595,640,940,940,1240,1240,1285,1285,1330,1630,577,622,667,757,757,757,802,847,847,197,197,197],"floor_reached":51,"playtime":5380,"items_purged":["Strike_G","Defend_G","Defend_G","Strike_G"],"score":1011,"play_id":"6d185fea-8d10-4fc6-9129-efd477ffd1b8","local_time":"20190527005728","daily_mods":["Cursed Run","Time Dilation","Midas"],"is_ascension_mode":false,"campfire_choices":[{"floor":7,"key":"REST"},{"floor":15,"key":"REST"},{"floor":32,"key":"REST"},{"floor":44,"key":"REST"},{"floor":49,"key":"REST"}],"neow_cost":"","seed_source_timestamp":0,"circlet_count":0,"master_deck":["Defend_G","Defend_G","Defend_G","Strike_G","Strike_G+1","Survivor","Neutralize","Poisoned Stab","PiercingWail","PiercingWail+1","Poisoned Stab","Quick Slash","Storm of Steel","Bouncing Flask","Injury","Well Laid Plans","Bouncing Flask","Accuracy","Blade Dance","Parasite","Malaise","Dash+1","Infinite Blades","Blade Dance","Panache","Cloak And Dagger","Quick Slash+1","PiercingWail","Flying Knee+1","Regret","Injury","Bouncing Flask+1","Blade Dance","Poisoned Stab+1","Clumsy","Corpse Explosion","Parasite","Shame","Pain","Cloak And Dagger+1","Writhe","Quick Slash+1","Apotheosis","Dark Shackles","Cloak And Dagger+1","Writhe","Clumsy"],"special_seed":18043,"relics":["Cursed Key","Darkstone Periapt","Du-Vu Doll","Ancient Tea Set","Oddly Smooth Stone","Eternal Feather","PreservedInsect","Snake Skull","Lantern","MealTicket","StoneCalendar","The Specimen","Pantograph","Calling Bell","Matryoshka","Bird Faced Urn","Regal Pillow","Unceasing Top","Anchor","Tough Bandages","TheAbacus","Meat on the Bone","Art of War","Bottled Tornado","Bag of Marbles","ClockworkSouvenir","Centennial Puzzle"],"potions_floor_usage":[12,16,18,23,31,42,50,50,50,50],"damage_taken":[{"damage":0,"enemies":"Jaw Worm","floor":1,"turns":4},{"damage":0,"enemies":"Cultist","floor":2,"turns":4},{"damage":0,"enemies":"2 Louse","floor":3,"turns":3},{"damage":3,"enemies":"Lots of Slimes","floor":4,"turns":5},{"damage":2,"enemies":"Large Slime","floor":5,"turns":9},{"damage":27,"enemies":"3 Sentries","floor":6,"turns":10},{"damage":1,"enemies":"Exordium Wildlife","floor":8,"turns":4},{"damage":6,"enemies":"Blue Slaver","floor":10,"turns":2},{"damage":0,"enemies":"Large Slime","floor":11,"turns":5},{"damage":4,"enemies":"Looter","floor":12,"turns":3},{"damage":0,"enemies":"Exordium Wildlife","floor":14,"turns":2},{"damage":0,"enemies":"Slime Boss","floor":16,"turns":6},{"damage":1,"enemies":"2 Thieves","floor":18,"turns":4},{"damage":10,"enemies":"Spheric Guardian","floor":21,"turns":3},{"damage":6,"enemies":"Snecko","floor":22,"turns":4},{"damage":1,"enemies":"Slavers","floor":23,"turns":3},{"damage":4,"enemies":"Chosen and Byrds","floor":24,"turns":5},{"damage":0,"enemies":"Centurion and Healer","floor":27,"turns":4},{"damage":17,"enemies":"Sentry and Sphere","floor":29,"turns":4},{"damage":0,"enemies":"Cultist and Chosen","floor":30,"turns":3},{"damage":7,"enemies":"Colosseum Slavers","floor":31,"turns":4},{"damage":0,"enemies":"Colosseum Nobs","floor":31,"turns":3},{"damage":43,"enemies":"Champ","floor":33,"turns":7},{"damage":18,"enemies":"3 Darklings","floor":35,"turns":4},{"damage":3,"enemies":"Orb Walker","floor":37,"turns":2},{"damage":0,"enemies":"Mind Bloom Boss Battle","floor":38,"turns":4},{"damage":3,"enemies":"Transient","floor":40,"turns":5},{"damage":35,"enemies":"Writhing Mass","floor":41,"turns":4},{"damage":28,"enemies":"Nemesis","floor":42,"turns":5},{"damage":4,"enemies":"4 Shapes","floor":45,"turns":5},{"damage":11,"enemies":"3 Darklings","floor":46,"turns":3},{"damage":19,"enemies":"Donu and Deca","floor":50,"turns":5}],"seed_played":"-8145905015127377607","potions_obtained":[{"floor":2,"key":"Regen Potion"},{"floor":5,"key":"EntropicBrew"},{"floor":6,"key":"SteroidPotion"},{"floor":8,"key":"LiquidBronze"},{"floor":12,"key":"SkillPotion"},{"floor":16,"key":"AttackPotion"},{"floor":18,"key":"Fire Potion"},{"floor":22,"key":"FairyPotion"},{"floor":23,"key":"LiquidBronze"},{"floor":33,"key":"FearPotion"},{"floor":41,"key":"SkillPotion"},{"floor":42,"key":"AttackPotion"}],"is_trial":false,"path_per_floor":["M","M","M","M","M","E","R","M","T","M","M","M","?","M","R","B",null,"M","?","$","M","M","E","M","?","T","M","$","M","M","?","R","B",null,"M","?","M","?","$","M","M","E","T","R","M","M","?","$","R","B",null],"character_chosen":"THE_SILENT","items_purchased":["Infinite Blades","PreservedInsect","Blade Dance","Panache","MealTicket","StoneCalendar","Anchor","Apotheosis","Tough Bandages","TheAbacus","Dark Shackles","Bag of Marbles","ClockworkSouvenir","Centennial Puzzle"],"campfire_rested":5,"item_purchase_floors":[20,20,20,20,28,28,39,39,39,39,39,48,48,48],"current_hp_per_floor":[70,70,70,67,65,38,59,58,64,58,58,66,51,51,73,79,82,81,81,81,71,65,64,60,66,72,72,72,55,55,48,94,57,118,100,124,121,124,124,123,96,74,80,130,130,119,119,130,130,117],"gold":197,"neow_bonus":"","is_prod":false,"is_daily":true,"chose_seed":false,"campfire_upgraded":0,"win_rate":0,"timestamp":1558933048,"path_taken":["M","M","M","M","M","E","R","M","T","M","M","M","?","M","R","BOSS","M","?","$","M","?","E","M","?","T","?","$","M","M","?","R","BOSS","M","?","M","?","$","M","M","E","T","R","M","M","?","$","R","BOSS"],"build_version":"2019-01-23","purchased_purges":4,"victory":true,"max_hp_per_floor":[70,70,70,70,70,70,70,70,76,76,76,76,76,76,76,82,82,82,82,82,82,82,82,82,88,94,94,94,94,94,94,94,100,118,118,124,124,124,124,124,124,124,130,130,130,130,130,130,130,136],"card_choices":[{"not_picked":["Dagger Throw","Sucker Punch"],"picked":"Poisoned Stab","floor":1},{"not_picked":["Finisher","Deadly Poison"],"picked":"PiercingWail","floor":2},{"not_picked":["All Out Attack","Outmaneuver"],"picked":"PiercingWail","floor":3},{"not_picked":["Expertise","Prepared"],"picked":"Poisoned Stab","floor":4},{"not_picked":["Sucker Punch","Dagger Spray"],"picked":"Quick Slash","floor":5},{"not_picked":["Flechettes","Underhanded Strike"],"picked":"Storm of Steel","floor":6},{"not_picked":["Terror","Acrobatics"],"picked":"Bouncing Flask","floor":8},{"not_picked":["Masterful Stab","Dagger Throw"],"picked":"Well Laid Plans","floor":10},{"not_picked":["Dagger Throw","Concentrate"],"picked":"Bouncing Flask","floor":11},{"not_picked":["Deflect","Outmaneuver"],"picked":"Accuracy","floor":12},{"not_picked":["Quick Slash","Dagger Throw"],"picked":"Blade Dance","floor":14},{"not_picked":["Phantasmal Killer","Venomology"],"picked":"Malaise","floor":16},{"not_picked":["Flying Knee","Sucker Punch"],"picked":"Dash+1","floor":18},{"not_picked":["Bane","Expertise+1"],"picked":"Cloak And Dagger","floor":21},{"not_picked":["Acrobatics+1","Cloak And Dagger"],"picked":"Quick Slash+1","floor":22},{"not_picked":["Unload","Deflect"],"picked":"PiercingWail","floor":23},{"not_picked":["Dodge and Roll","Outmaneuver"],"picked":"Flying Knee+1","floor":24},{"not_picked":["Flying Knee+1","Sucker Punch+1"],"picked":"Bouncing Flask+1","floor":27},{"not_picked":["Quick Slash","Slice"],"picked":"Blade Dance","floor":29},{"not_picked":["Calculated Gamble+1","Setup+1"],"picked":"Footwork","floor":30},{"not_picked":["Blade Dance","Quick Slash"],"picked":"Poisoned Stab+1","floor":31},{"not_picked":["Adrenaline","Unload"],"picked":"Corpse Explosion","floor":33},{"not_picked":["Quick Slash+1","Dagger Spray+1"],"picked":"Cloak And Dagger+1","floor":35},{"not_picked":["Glass Knife","Predator+1","Sucker Punch+1"],"picked":"SKIP","floor":37},{"not_picked":["Flying Knee","Outmaneuver"],"picked":"Quick Slash+1","floor":38},{"not_picked":["Masterful Stab+1","Dash","Blade Dance+1"],"picked":"SKIP","floor":40},{"not_picked":["Distraction+1","Slice","Quick Slash"],"picked":"SKIP","floor":41},{"not_picked":["Setup","Terror+1"],"picked":"Cloak And Dagger+1","floor":42},{"not_picked":["Acrobatics+1","Outmaneuver+1","Sucker Punch"],"picked":"SKIP","floor":45},{"not_picked":["Sucker Punch","All Out Attack","Noxious Fumes"],"picked":"SKIP","floor":46}],"player_experience":152209,"relics_obtained":[{"floor":6,"key":"Ancient Tea Set"},{"floor":9,"key":"Oddly Smooth Stone"},{"floor":23,"key":"Snake Skull"},{"floor":26,"key":"Lantern"},{"floor":31,"key":"The Specimen"},{"floor":31,"key":"Pantograph"},{"floor":34,"key":"Matryoshka"},{"floor":34,"key":"Bird Faced Urn"},{"floor":34,"key":"Regal Pillow"},{"floor":38,"key":"Unceasing Top"},{"floor":42,"key":"Meat on the Bone"},{"floor":43,"key":"Art of War"},{"floor":43,"key":"Bottled Tornado"}],"event_choices":[{"damage_healed":0,"gold_gain":0,"player_choice":"Entered Light","damage_taken":15,"max_hp_gain":0,"max_hp_loss":0,"event_name":"Shining Light","floor":13,"gold_loss":0,"cards_upgraded":["Strike_G","PiercingWail"]},{"cards_removed":["Strike_G"],"damage_healed":0,"gold_gain":0,"player_choice":"Card Removal","damage_taken":0,"max_hp_gain":0,"max_hp_loss":0,"event_name":"Wheel of Change","floor":19,"gold_loss":0},{"damage_healed":0,"gold_gain":275,"player_choice":"Desecrate","damage_taken":0,"max_hp_gain":0,"max_hp_loss":0,"event_name":"Golden Shrine","floor":25,"gold_loss":0,"cards_obtained":["Regret"]},{"damage_healed":0,"gold_gain":0,"player_choice":"Fight","damage_taken":0,"max_hp_gain":0,"max_hp_loss":0,"event_name":"Colosseum","floor":31,"gold_loss":0},{"damage_healed":0,"gold_gain":0,"player_choice":"Fought Nobs","damage_taken":0,"max_hp_gain":0,"max_hp_loss":0,"event_name":"Colosseum","floor":31,"gold_loss":0},{"damage_healed":30,"gold_gain":0,"player_choice":"Writhe","damage_taken":0,"max_hp_gain":0,"max_hp_loss":0,"event_name":"Winding Halls","floor":36,"gold_loss":0,"cards_obtained":["Writhe"]},{"damage_healed":0,"gold_gain":0,"player_choice":"Fight","damage_taken":0,"max_hp_gain":0,"max_hp_loss":0,"event_name":"MindBloom","floor":38,"gold_loss":0},{"cards_removed":["Footwork"],"damage_healed":0,"gold_gain":0,"player_choice":"Removed Power","damage_taken":0,"max_hp_gain":0,"max_hp_loss":0,"event_name":"Falling","floor":47,"gold_loss":0}],"is_beta":false,"boss_relics":[{"not_picked":["HoveringKite","Tiny House"],"picked":"Eternal Feather"},{"not_picked":["Coffee Dripper","WristBlade"],"picked":"Calling Bell"}],"items_purged_floors":[20,28,39,48],"is_endless":false,"potions_floor_spawned":[2,5,6,8,11,12,16,18,21,22,23,30,33,37,40,41,42],"ascension_level":0}