{"gold_per_floor":[119,17,36,46,121,155,155,189,189,189],"floor_reached":10,"playtime":530,"items_purged":["Strike_B"],"score":133,"play_id":"96487171-36bd-4b71-994e-7a71d0eef31a","local_time":"20190503165815","is_ascension_mode":true,"campfire_choices":[{"floor":7,"key":"REST"}],"neow_cost":"NONE","seed_source_timestamp":523253551919276,"circlet_count":0,"master_deck":["AscendersBane","Strike_B","Strike_B","Strike_B","Defend_B","Defend_B","Defend_B","Defend_B","Zap","Dualcast","Compile Driver","Streamline","Loop","Sweeping Beam","Doom and Gloom+1","Ball Lightning+1","Normality"],"relics":["Cursed Key","Molten Egg 2","Bottled Flame","Bottled Lightning"],"potions_floor_usage":[10,10],"damage_taken":[{"damage":0,"enemies":"Small Slimes","floor":1,"turns":3},{"damage":2,"enemies":"Jaw Worm","floor":3,"turns":3},{"damage":9,"enemies":"2 Louse","floor":4,"turns":3},{"damage":30,"enemies":"Lagavulin","floor":6,"turns":6},{"damage":15,"enemies":"3 Sentries","floor":8,"turns":5},{"damage":18,"enemies":"Lagavulin","floor":10,"turns":5}],"seed_played":"464499706248414222","potions_obtained":[{"floor":4,"key":"Strength Potion"},{"floor":6,"key":"Block Potion"},{"floor":8,"key":"AttackPotion"}],"is_trial":false,"path_per_floor":["M","$","M","M","?","E","R","E","T","E"],"character_chosen":"DEFECT","items_purchased":["Streamline"],"campfire_rested":1,"item_purchase_floors":[2],"current_hp_per_floor":[64,64,62,53,42,12,33,18,18,0],"gold":189,"neow_bonus":"BOSS_RELIC","is_prod":false,"is_daily":false,"chose_seed":false,"campfire_upgraded":0,"win_rate":0,"timestamp":1556920695,"path_taken":["M","$","M","M","?","E","R","E","T","E"],"build_version":"2019-01-23","purchased_purges":1,"victory":false,"max_hp_per_floor":[71,71,71,71,71,71,71,71,71,71],"card_choices":[{"not_picked":["Stack","Steam Power"],"picked":"Compile Driver","floor":1},{"not_picked":["Aggregate","Leap"],"picked":"Loop","floor":3},{"not_picked":["Redo","Streamline"],"picked":"Sweeping Beam","floor":4},{"not_picked":["Streamline","Compile Driver"],"picked":"Doom and Gloom","floor":6},{"not_picked":["FTL+1","Aggregate"],"picked":"Ball Lightning+1","floor":8}],"player_experience":369041,"relics_obtained":[{"floor":6,"key":"Molten Egg 2"},{"floor":8,"key":"Bottled Flame"},{"floor":9,"key":"Bottled Lightning"}],"event_choices":[{"damage_healed":0,"gold_gain":75,"player_choice":"Gather Gold","damage_taken":11,"max_hp_gain":0,"max_hp_loss":0,"event_name":"World of Goop","floor":5,"gold_loss":0}],"is_beta":false,"boss_relics":[],"items_purged_floors":[2],"is_endless":false,"potions_floor_spawned":[4,6,8],"killed_by":"Lagavulin","ascension_level":15}