{"gold_per_floor":[115,115,128,128,128,153,153,167,167,182,214,199,199,213,213,309,309,321,321,332,4,18,43,43,70,70,82,82,82,117,131,131,234,234,252,252,352,6,6,6,23,23,48,64,81,81,95,118,118,118],"floor_reached":50,"playtime":2192,"items_purged":["Strike_G","Strike_G"],"score":804,"play_id":"3e996749-7523-4f55-a023-243873d22907","local_time":"20190408221522","is_ascension_mode":true,"campfire_choices":[{"data":"Bullet Time","floor":7.0,"key":"SMITH"},{"floor":15.0,"key":"REST"},{"floor":28.0,"key":"REST"},{"floor":32.0,"key":"REST"},{"floor":40.0,"key":"REST"},{"data":"Wraith Form v2","floor":46.0,"key":"SMITH"},{"data":"Distraction","floor":49.0,"key":"SMITH"}],"neow_cost":"NONE","seed_source_timestamp":1977287478703674,"circlet_count":0,"master_deck":["Defend_G","Defend_G","Defend_G","Defend_G","Defend_G","Survivor","Neutralize+1","Flying Knee","Bouncing Flask","Malaise","Bullet Time+1","Noxious Fumes+1","Dagger Spray+1","Deadly Poison","Caltrops","Bane+1","Distraction+1","Venomology","Dash+1","Infinite Blades+1","Quick Slash+1","Leg Sweep","Catalyst","Calculated Gamble+1","Backflip","Footwork","Predator+1","Outmaneuver","PiercingWail","Slice+1","Catalyst","Deadly Poison+1","Deflect","Underhanded Strike+1","Wraith Form v2+1","Well Laid Plans","Blade Dance+1","Dodge and Roll+1","Deflect","Shame","Malaise","Footwork+1"],"special_seed":0,"relics":["Ring of the Snake","NeowsBlessing","Dream Catcher","Sundial","Blood Vial","Astrolabe","Snake Skull","Lantern","Nilry\u0027s Codex","Molten Egg 2","Shuriken","MutagenicStrength","Whetstone","Cursed Key","Nunchaku","Ninja Scroll","Omamori","Bag of Preparation"],"potions_floor_usage":[50],"damage_taken":[{"damage":0.0,"enemies":"Jaw Worm","floor":1.0,"turns":1.0},{"damage":0.0,"enemies":"2 Louse","floor":3.0,"turns":1.0},{"damage":0.0,"enemies":"3 Sentries","floor":6.0,"turns":1.0},{"damage":1.0,"enemies":"Cultist","floor":8.0,"turns":4.0},{"damage":3.0,"enemies":"Large Slime","floor":10.0,"turns":6.0},{"damage":25.0,"enemies":"Gremlin Nob","floor":11.0,"turns":6.0},{"damage":9.0,"enemies":"Exordium Thugs","floor":12.0,"turns":4.0},{"damage":4.0,"enemies":"Looter","floor":14.0,"turns":4.0},{"damage":17.0,"enemies":"The Guardian","floor":16.0,"turns":8.0},{"damage":4.0,"enemies":"Shell Parasite","floor":18.0,"turns":6.0},{"damage":9.0,"enemies":"Spheric Guardian","floor":20.0,"turns":5.0},{"damage":3.0,"enemies":"Snake Plant","floor":22.0,"turns":4.0},{"damage":25.0,"enemies":"Book of Stabbing","floor":23.0,"turns":6.0},{"damage":26.0,"enemies":"Slavers","floor":25.0,"turns":5.0},{"damage":11.0,"enemies":"Centurion and Healer","floor":27.0,"turns":7.0},{"damage":29.0,"enemies":"Book of Stabbing","floor":30.0,"turns":6.0},{"damage":1.0,"enemies":"Cultist and Chosen","floor":31.0,"turns":6.0},{"damage":25.0,"enemies":"Champ","floor":33.0,"turns":8.0},{"damage":25.0,"enemies":"3 Darklings","floor":35.0,"turns":7.0},{"damage":2.0,"enemies":"Mind Bloom Boss Battle","floor":37.0,"turns":4.0},{"damage":3.0,"enemies":"3 Shapes","floor":41.0,"turns":4.0},{"damage":0.0,"enemies":"Transient","floor":44.0,"turns":5.0},{"damage":6.0,"enemies":"Jaw Worm Horde","floor":45.0,"turns":5.0},{"damage":3.0,"enemies":"Writhing Mass","floor":47.0,"turns":5.0},{"damage":58,"enemies":"Donu and Deca","floor":50,"turns":8}],"seed_played":"6329533086653811829","potions_obtained":[{"floor":6.0,"key":"PowerPotion"},{"floor":8.0,"key":"SteroidPotion"},{"floor":12.0,"key":"SkillPotion"},{"floor":14.0,"key":"Regen Potion"},{"floor":16.0,"key":"Strength Potion"},{"floor":25.0,"key":"Swift Potion"},{"floor":27.0,"key":"SneckoOil"},{"floor":31.0,"key":"SneckoOil"},{"floor":47.0,"key":"Fire Potion"}],"is_trial":false,"path_per_floor":["M","?","M","?","?","E","R","M","T","M","E","M","?","M","R","B",null,"M","?","M","$","M","E","?","E","T","M","R","?","E","M","R","B",null,"M","?","?","$","?","R","M","$","T","M","M","R","M","T","R","B"],"character_chosen":"THE_SILENT","items_purchased":["Backflip","Snake Skull","Footwork","Ninja Scroll"],"campfire_rested":4,"item_purchase_floors":[21,21,21,38],"current_hp_per_floor":[63,63,63,63,63,63,63,62,62,59,34,27,27,25,46,31,60,70,70,61,61,60,52,36,12,12,3,24,24,11,12,33,10,55,32,32,32,32,32,53,52,52,52,54,50,50,49,49,49,1],"gold":118,"neow_bonus":"THREE_ENEMY_KILL","is_prod":false,"is_daily":false,"chose_seed":false,"campfire_upgraded":3,"win_rate":0,"timestamp":1554779722,"path_taken":["M","?","M","?","?","E","R","M","T","M","E","?","?","M","R","BOSS","M","?","M","$","M","E","?","E","T","M","R","?","E","M","R","BOSS","M","?","?","$","?","R","M","$","T","M","M","R","M","?","R","BOSS"],"build_version":"2019-01-23","purchased_purges":2,"victory":false,"max_hp_per_floor":[70,70,70,70,70,70,70,70,70,70,70,70,70,70,70,70,70,70,70,70,70,70,70,70,70,70,70,70,70,70,70,70,70,70,70,70,70,70,70,70,70,70,70,70,70,70,70,70,70,70],"card_choices":[{"not_picked":["Dodge and Roll","Prepared"],"picked":"Flying Knee","floor":1.0},{"not_picked":["Dagger Throw","Escape Plan"],"picked":"Bouncing Flask","floor":3.0},{"not_picked":["Backstab","Accuracy"],"picked":"Bullet Time","floor":6.0},{"not_picked":["Flying Knee","Cloak And Dagger"],"picked":"Noxious Fumes","floor":8.0},{"not_picked":["Flechettes","Predator"],"picked":"Dagger Spray","floor":10.0},{"not_picked":["Tools of the Trade","Dodge and Roll"],"picked":"Deadly Poison","floor":11.0},{"not_picked":["Deflect","Slice"],"picked":"Caltrops","floor":12.0},{"not_picked":["Heel Hook","Blade Dance"],"picked":"Bane","floor":14.0},{"not_picked":["Infinite Blades","Concentrate"],"picked":"Distraction","floor":15.0},{"not_picked":["A Thousand Cuts","Doppelganger"],"picked":"Venomology","floor":16.0},{"not_picked":["Flying Knee","Concentrate"],"picked":"Leg Sweep","floor":18.0},{"not_picked":["Underhanded Strike","Finisher+1"],"picked":"Calculated Gamble+1","floor":20.0},{"not_picked":["Calculated Gamble","Terror"],"picked":"Predator+1","floor":22.0},{"not_picked":["Prepared","Choke"],"picked":"Outmaneuver","floor":23.0},{"not_picked":["Dagger Throw","Calculated Gamble"],"picked":"PiercingWail","floor":25.0},{"not_picked":["Endless Agony+1","Prepared"],"picked":"Slice+1","floor":27.0},{"not_picked":["Cloak And Dagger","Tactician"],"picked":"Catalyst","floor":28.0},{"not_picked":["Poisoned Stab+1","PiercingWail"],"picked":"Deadly Poison+1","floor":30.0},{"not_picked":["Accuracy","Deadly Poison"],"picked":"Deflect","floor":31.0},{"not_picked":["Cloak And Dagger+1","Slice+1"],"picked":"Underhanded Strike+1","floor":32.0},{"not_picked":["Glass Knife+1","Grand Finale+1"],"picked":"Wraith Form v2","floor":33.0},{"not_picked":["Dagger Throw+1","Blade Dance+1"],"picked":"Well Laid Plans","floor":35.0},{"not_picked":["Finisher+1","Flechettes+1"],"picked":"Blade Dance+1","floor":37.0},{"not_picked":["Underhanded Strike+1","Dagger Spray+1"],"picked":"Dodge and Roll+1","floor":40.0},{"not_picked":["Outmaneuver+1","Heel Hook+1"],"picked":"Deflect","floor":41.0},{"not_picked":["Cloak And Dagger","Acrobatics"],"picked":"Malaise","floor":44.0},{"not_picked":["Eviscerate+1","PiercingWail"],"picked":"Footwork+1","floor":45.0},{"not_picked":["Sucker Punch+1","All Out Attack+1","Cloak And Dagger+1"],"picked":"SKIP","floor":47.0}],"player_experience":295217,"relics_obtained":[{"floor":6.0,"key":"Dream Catcher"},{"floor":9.0,"key":"Sundial"},{"floor":11.0,"key":"Blood Vial"},{"floor":23.0,"key":"Lantern"},{"floor":24.0,"key":"Nilry\u0027s Codex"},{"floor":25.0,"key":"Molten Egg 2"},{"floor":26.0,"key":"Shuriken"},{"floor":30.0,"key":"Whetstone"},{"floor":37.0,"key":"Nunchaku"},{"floor":43.0,"key":"Omamori"},{"floor":48.0,"key":"Bag of Preparation"}],"event_choices":[{"damage_healed":0.0,"max_hp_gain":0.0,"max_hp_loss":0.0,"gold_gain":0.0,"event_name":"Living Wall","player_choice":"Grow","floor":2.0,"gold_loss":0.0,"damage_taken":0.0,"cards_upgraded":["Neutralize"]},{"damage_healed":0.0,"max_hp_gain":0.0,"max_hp_loss":0.0,"gold_gain":0.0,"event_name":"Liars Game","player_choice":"Ignored","floor":4.0,"gold_loss":0.0,"damage_taken":0.0},{"damage_healed":0.0,"max_hp_gain":0.0,"max_hp_loss":0.0,"gold_gain":0.0,"event_name":"Match and Keep!","player_choice":"1 cards matched","floor":5.0,"gold_loss":0.0,"damage_taken":0.0,"cards_obtained":["Malaise"]},{"damage_healed":0.0,"max_hp_gain":0.0,"max_hp_loss":0.0,"gold_gain":0.0,"event_name":"Accursed Blacksmith","player_choice":"Forge","floor":13.0,"gold_loss":0.0,"damage_taken":0.0,"cards_upgraded":["Noxious Fumes"]},{"damage_healed":0.0,"max_hp_gain":0.0,"max_hp_loss":0.0,"gold_gain":0.0,"event_name":"The Library","player_choice":"Read","floor":19.0,"gold_loss":0.0,"damage_taken":0.0,"cards_obtained":["Catalyst"]},{"damage_healed":0.0,"max_hp_gain":0.0,"max_hp_loss":0.0,"gold_gain":0.0,"event_name":"Cursed Tome","player_choice":"Obtained Book","floor":24.0,"gold_loss":0.0,"damage_taken":16.0},{"damage_healed":0.0,"max_hp_gain":0.0,"max_hp_loss":0.0,"gold_gain":0.0,"event_name":"Drug Dealer","player_choice":"Inject Mutagens","floor":29.0,"gold_loss":0.0,"damage_taken":0.0,"relics_obtained":["MutagenicStrength"]},{"damage_healed":0.0,"max_hp_gain":0.0,"max_hp_loss":0.0,"gold_gain":0.0,"event_name":"Mysterious Sphere","player_choice":"Ignored","floor":36.0,"gold_loss":0.0,"damage_taken":0.0},{"damage_healed":0.0,"max_hp_gain":0.0,"max_hp_loss":0.0,"gold_gain":0.0,"event_name":"MindBloom","player_choice":"Fight","floor":37.0,"gold_loss":0.0,"damage_taken":0.0},{"damage_healed":0.0,"max_hp_gain":0.0,"max_hp_loss":0.0,"gold_gain":0.0,"event_name":"SensoryStone","player_choice":"Memory 1","floor":39.0,"gold_loss":0.0,"damage_taken":0.0}],"is_beta":false,"boss_relics":[{"not_picked":["Tiny House","Empty Cage"],"picked":"Astrolabe"},{"not_picked":["Runic Pyramid","Busted Crown"],"picked":"Cursed Key"}],"items_purged_floors":[21,38],"is_endless":false,"potions_floor_spawned":[6,8,12,14,16,20,25,27,31,35,47],"killed_by":"Donu and Deca","ascension_level":9}