{"gold_per_floor":[112,132,132,132,146,186,186,217,242,280,56,80,80,80,80,80],"floor_reached":16,"playtime":513,"items_purged":["Strike_B"],"score":207,"play_id":"7f7c95eb-fa9c-4e5d-8c44-d5874276c555","local_time":"20190504153634","is_ascension_mode":true,"campfire_choices":[{"floor":7,"key":"REST"},{"data":"Defragment","floor":13,"key":"SMITH"},{"data":"Coolheaded","floor":15,"key":"SMITH"}],"neow_cost":"NONE","seed_source_timestamp":604771941462404,"circlet_count":0,"master_deck":["AscendersBane","Strike_B","Strike_B","Defend_B","Defend_B","Defend_B","Defend_B","Zap+1","Dualcast","Melter","Coolheaded+1","Hologram","Defragment+1","Biased Cognition","Double Energy","Streamline","Hologram","Conserve Battery"],"relics":["Cracked Core","Golden Idol","Omamori","Happy Flower","Vajra","Ancient Tea Set"],"potions_floor_usage":[12,12,16],"damage_taken":[{"damage":2,"enemies":"Jaw Worm","floor":1,"turns":3},{"damage":7,"enemies":"2 Louse","floor":2,"turns":2},{"damage":0,"enemies":"Small Slimes","floor":5,"turns":3},{"damage":29,"enemies":"3 Sentries","floor":6,"turns":9},{"damage":22,"enemies":"Gremlin Nob","floor":8,"turns":4},{"damage":11,"enemies":"Lagavulin","floor":10,"turns":6},{"damage":1,"enemies":"Exordium Thugs","floor":12,"turns":4},{"damage":14,"enemies":"Hexaghost","floor":16,"turns":9}],"seed_played":"-7551587875402562029","potions_obtained":[{"floor":6,"key":"GamblersBrew"},{"floor":8,"key":"Energy Potion"},{"floor":12,"key":"Explosive Potion"}],"is_trial":false,"path_per_floor":["M","M","?","?","M","E","R","E","T","E","$","M","R","?","R","B"],"character_chosen":"DEFECT","items_purchased":["Streamline","Hologram","Conserve Battery"],"campfire_rested":1,"item_purchase_floors":[11,11,11],"current_hp_per_floor":[62,55,55,55,55,26,45,23,23,12,12,11,11,11,11,0],"gold":80,"neow_bonus":"TRANSFORM_CARD","is_prod":false,"is_daily":false,"chose_seed":false,"campfire_upgraded":2,"win_rate":0,"timestamp":1557002194,"path_taken":["M","M","?","?","M","E","R","E","T","E","$","M","R","?","R","BOSS"],"build_version":"2019-01-23","purchased_purges":1,"victory":false,"max_hp_per_floor":[71,71,71,64,64,64,64,64,64,64,64,64,64,64,64,64],"card_choices":[{"not_picked":["Hologram","Go for the Eyes"],"picked":"Coolheaded","floor":1},{"not_picked":["Gash","Melter"],"picked":"Hologram","floor":2},{"not_picked":["Rebound","Darkness"],"picked":"Defragment","floor":5},{"not_picked":["Reprogram","Chill"],"picked":"Biased Cognition","floor":6},{"not_picked":["Go for the Eyes","Gash"],"picked":"Double Energy","floor":8},{"not_picked":["Compile Driver","Recycle","Skim"],"picked":"SKIP","floor":10},{"not_picked":["Lockon","Go for the Eyes","Rebound"],"picked":"SKIP","floor":12}],"player_experience":380296,"relics_obtained":[{"floor":6,"key":"Omamori"},{"floor":8,"key":"Happy Flower"},{"floor":9,"key":"Vajra"},{"floor":10,"key":"Ancient Tea Set"}],"event_choices":[{"damage_healed":0,"gold_gain":0,"player_choice":"Grow","damage_taken":0,"max_hp_gain":0,"max_hp_loss":0,"event_name":"Living Wall","floor":3,"gold_loss":0,"cards_upgraded":["Zap"]},{"damage_healed":0,"gold_gain":0,"player_choice":"Lose Max HP","damage_taken":0,"relics_obtained":["Golden Idol"],"max_hp_gain":0,"max_hp_loss":7,"event_name":"Golden Idol","floor":4,"gold_loss":0},{"damage_healed":0,"gold_gain":0,"player_choice":"Searched \u00270\u0027 times","damage_taken":0,"max_hp_gain":0,"max_hp_loss":0,"event_name":"Dead Adventurer","floor":14,"gold_loss":0}],"is_beta":false,"boss_relics":[],"items_purged_floors":[11],"is_endless":false,"potions_floor_spawned":[6,8,12],"killed_by":"Hexaghost","ascension_level":15}