{"gold_per_floor":[113,62,81,81,55,55,85,85,111,142,154,174,124,139,139,238,288,305,395,306,317,335,335,345,345,420,420,480,430,430,445,445,541,541,553,569,105,115,134,134],"floor_reached":40,"playtime":2468,"items_purged":["Strike_R","Strike_R","Strike_R","Strike_R"],"score":443,"play_id":"fc754c3a-5924-4cfa-acb3-3497e53fa4e8","local_time":"20190517024543","is_ascension_mode":false,"campfire_choices":[{"data":"Body Slam","floor":6,"key":"SMITH"},{"data":"Body Slam","floor":15,"key":"SMITH"},{"floor":23,"key":"REST"},{"floor":25,"key":"REST"},{"data":"Juggernaut","floor":27,"key":"SMITH"},{"data":"True Grit","floor":30,"key":"SMITH"},{"data":"Evolve","floor":32,"key":"SMITH"}],"neow_cost":"NONE","seed_source_timestamp":143527902901861,"circlet_count":0,"master_deck":["Strike_R","Defend_R","Defend_R","Defend_R","Defend_R","Bash+1","True Grit","Body Slam+1","Metallicize","Shrug It Off","Cleave","Iron Wave","Body Slam+1","Shrug It Off","Juggernaut+1","True Grit+1","Rage","Evolve+1","Flame Barrier+1","Immolate","Shrug It Off","Entrench","Ghostly Armor","Sentinel+1","Spot Weakness"],"relics":["Burning Blood","Orichalcum","Anchor","Smiling Mask","Lantern","Pear","Tiny House","Frozen Egg 2","Tiny Chest","Fusion Hammer","Bag of Preparation","ClockworkSouvenir"],"potions_floor_usage":[],"damage_taken":[{"damage":5,"enemies":"2 Louse","floor":1,"turns":3},{"damage":5,"enemies":"Jaw Worm","floor":3,"turns":4},{"damage":4,"enemies":"3 Sentries","floor":7,"turns":11},{"damage":24,"enemies":"Gremlin Nob","floor":10,"turns":5},{"damage":0,"enemies":"Cultist","floor":11,"turns":2},{"damage":0,"enemies":"Blue Slaver","floor":12,"turns":4},{"damage":0,"enemies":"Red Slaver","floor":14,"turns":2},{"damage":77,"enemies":"Slime Boss","floor":16,"turns":18},{"damage":23,"enemies":"Spheric Guardian","floor":18,"turns":8},{"damage":16,"enemies":"3 Byrds","floor":21,"turns":4},{"damage":13,"enemies":"Snake Plant","floor":22,"turns":4},{"damage":27,"enemies":"Cultist and Chosen","floor":24,"turns":6},{"damage":11,"enemies":"Book of Stabbing","floor":28,"turns":6},{"damage":1,"enemies":"Chosen and Byrds","floor":31,"turns":4},{"damage":72,"enemies":"Collector","floor":33,"turns":15},{"damage":44,"enemies":"3 Darklings","floor":35,"turns":5},{"damage":11,"enemies":"Orb Walker","floor":36,"turns":4},{"damage":1,"enemies":"Transient","floor":38,"turns":5},{"damage":23,"enemies":"3 Darklings","floor":39,"turns":5},{"damage":42,"enemies":"Nemesis","floor":40,"turns":3}],"seed_played":"1953636334310635215","potions_obtained":[{"floor":7,"key":"FearPotion"},{"floor":11,"key":"Strength Potion"},{"floor":16,"key":"LiquidBronze"},{"floor":18,"key":"Poison Potion"}],"is_trial":false,"path_per_floor":["M","$","M","?","$","R","E","?","T","E","M","M","$","M","R","B",null,"M","?","$","M","M","R","M","R","T","R","E","$","R","M","R","B",null,"M","M","$","M","M","E"],"character_chosen":"IRONCLAD","items_purchased":["Body Slam","Shrug It Off","Evolve","Bag of Preparation","Ghostly Armor","ClockworkSouvenir"],"campfire_rested":2,"item_purchase_floors":[2,5,20,37,37,37],"current_hp_per_floor":[80,80,80,77,77,77,79,79,79,71,77,83,83,89,89,18,95,78,60,60,50,43,71,50,78,78,78,73,73,73,78,78,12,95,57,52,52,57,40,0],"gold":134,"neow_bonus":"RANDOM_COMMON_RELIC","is_prod":false,"is_daily":false,"chose_seed":false,"campfire_upgraded":5,"win_rate":0,"timestamp":1558086343,"path_taken":["M","$","M","?","$","R","E","?","T","E","?","M","$","M","R","BOSS","M","?","$","M","?","R","M","R","T","R","E","$","R","M","R","BOSS","M","M","$","M","M","E"],"build_version":"2019-01-23","purchased_purges":4,"victory":false,"max_hp_per_floor":[80,80,80,80,80,80,80,80,80,90,90,90,90,90,90,90,95,95,95,95,95,95,95,95,95,95,95,95,95,95,95,95,95,95,95,95,95,95,95,95],"card_choices":[{"not_picked":["Infernal Blade","Second Wind"],"picked":"True Grit","floor":1},{"not_picked":["Iron Wave","Perfected Strike"],"picked":"Metallicize","floor":3},{"not_picked":["Warcry","Clothesline"],"picked":"Cleave","floor":7},{"not_picked":["Sentinel","Body Slam"],"picked":"Iron Wave","floor":10},{"not_picked":["Flex","Wild Strike","Headbutt"],"picked":"SKIP","floor":11},{"not_picked":["Flex","Wild Strike","Headbutt"],"picked":"SKIP","floor":11},{"not_picked":["Headbutt","Infernal Blade"],"picked":"Body Slam","floor":12},{"not_picked":["Rage","Second Wind"],"picked":"Shrug It Off","floor":14},{"not_picked":["Double Tap","Dark Embrace"],"picked":"Juggernaut","floor":16},{"not_picked":["Shockwave","Heavy Blade"],"picked":"True Grit","floor":17},{"not_picked":["Perfected Strike","Metallicize"],"picked":"Rage","floor":18},{"not_picked":["Clash","Perfected Strike"],"picked":"Flame Barrier+1","floor":21},{"not_picked":["Iron Wave","Reckless Charge","Pommel Strike"],"picked":"SKIP","floor":22},{"not_picked":["Wild Strike","Flex","Reckless Charge"],"picked":"SKIP","floor":24},{"not_picked":["Thunderclap","Anger+1","Flex"],"picked":"SKIP","floor":28},{"not_picked":["Heavy Blade+1","Fire Breathing+1","Cleave"],"picked":"SKIP","floor":31},{"not_picked":["Demon Form+1","Feed"],"picked":"Immolate","floor":33},{"not_picked":["Sever Soul","Rupture+1"],"picked":"Shrug It Off","floor":35},{"not_picked":["Wild Strike","Burning Pact+1"],"picked":"Entrench","floor":36},{"not_picked":["Clothesline","Armaments"],"picked":"Sentinel+1","floor":38},{"not_picked":["Clothesline+1","Armaments"],"picked":"Spot Weakness","floor":39}],"player_experience":109354,"relics_obtained":[{"floor":7,"key":"Smiling Mask"},{"floor":9,"key":"Lantern"},{"floor":10,"key":"Pear"},{"floor":26,"key":"Frozen Egg 2"},{"floor":28,"key":"Tiny Chest"}],"event_choices":[{"damage_healed":0,"gold_gain":0,"player_choice":"Success","damage_taken":3,"relics_obtained":["Anchor"],"max_hp_gain":0,"max_hp_loss":0,"event_name":"Scrap Ooze","floor":4,"gold_loss":0},{"cards_removed":["Go for the Eyes"],"damage_healed":0,"gold_gain":0,"player_choice":"Took Card","damage_taken":0,"max_hp_gain":0,"max_hp_loss":0,"event_name":"NoteForYourself","floor":8,"gold_loss":0,"cards_obtained":["Go for the Eyes"]},{"damage_healed":0,"gold_gain":90,"player_choice":"GOLD ","damage_taken":18,"max_hp_gain":0,"max_hp_loss":0,"event_name":"Knowing Skull","floor":19,"potions_obtained":[],"gold_loss":0,"cards_obtained":[]}],"is_beta":false,"boss_relics":[{"not_picked":["Cursed Key","Eternal Feather"],"picked":"Tiny House"},{"not_picked":["Empty Cage","Black Star"],"picked":"Fusion Hammer"}],"items_purged_floors":[13,20,29,37],"is_endless":false,"potions_floor_spawned":[7,11,12,16,18,22],"killed_by":"Nemesis","ascension_level":0}