{"gold_per_floor":[116,127,15,84,84,123,123,147,170,186,207,207,28,63,63,157,457,476,396],"floor_reached":19,"playtime":434,"items_purged":["Strike_R"],"score":394,"play_id":"48f1e919-3645-47eb-903d-bcd154cbc2f8","local_time":"20190523034653","is_ascension_mode":true,"campfire_choices":[{"data":"Clothesline","floor":7.0,"key":"SMITH"},{"data":"True Grit","floor":12.0,"key":"SMITH"},{"data":"Sword Boomerang","floor":15.0,"key":"SMITH"}],"neow_cost":"NONE","seed_source_timestamp":164393864619220,"circlet_count":0,"master_deck":["AscendersBane","Strike_R","Strike_R","Strike_R","Strike_R","Defend_R","Defend_R","Defend_R","Defend_R","Bash","Clothesline+1","Intimidate","Inflame","Inflame","Shrug It Off","Sword Boomerang+1","True Grit+1","Immolate","Feel No Pain","Feed","Regret","Decay","Shame","Pummel"],"special_seed":0,"relics":["Burning Blood","NeowsBlessing","Letter Opener","Golden Idol","Blood Vial","Lantern","Smiling Mask","Calling Bell","Centennial Puzzle","Ornamental Fan","Old Coin"],"potions_floor_usage":[19],"damage_taken":[{"damage":0.0,"enemies":"Cultist","floor":1.0,"turns":1.0},{"damage":0.0,"enemies":"Jaw Worm","floor":2.0,"turns":1.0},{"damage":0.0,"enemies":"3 Sentries","floor":6.0,"turns":2.0},{"damage":15.0,"enemies":"Small Slimes","floor":8.0,"turns":5.0},{"damage":3.0,"enemies":"Looter","floor":10.0,"turns":4.0},{"damage":1.0,"enemies":"Blue Slaver","floor":11.0,"turns":4.0},{"damage":24.0,"enemies":"Gremlin Nob","floor":14.0,"turns":4.0},{"damage":25,"enemies":"Slime Boss","floor":16,"turns":7},{"damage":54,"enemies":"Shell Parasite","floor":18,"turns":8},{"damage":22,"enemies":"2 Thieves","floor":19,"turns":2}],"seed_played":"-2810724518461465129","potions_obtained":[{"floor":6.0,"key":"GamblersBrew"},{"floor":8.0,"key":"Swift Potion"},{"floor":18,"key":"SkillPotion"}],"is_trial":false,"path_per_floor":["M","M","$","T","?","E","R","M","T","M","M","R","$","E","R","B",null,"M","M"],"character_chosen":"IRONCLAD","items_purchased":["Inflame","Immolate"],"campfire_rested":0,"item_purchase_floors":[3,13],"current_hp_per_floor":[74,75,75,75,49,55,55,48,48,53,60,60,60,44,44,27,63,17,0],"gold":396,"neow_bonus":"THREE_ENEMY_KILL","is_prod":false,"is_daily":false,"chose_seed":false,"campfire_upgraded":3,"win_rate":0,"timestamp":1558601213,"path_taken":["M","M","?","?","?","E","R","M","T","M","M","R","$","E","R","BOSS","M","M"],"build_version":"2019-01-23","purchased_purges":1,"victory":false,"max_hp_per_floor":[75,75,75,75,75,75,75,75,75,75,75,75,75,75,75,75,75,75,75],"card_choices":[{"not_picked":["Perfected Strike","True Grit"],"picked":"Clothesline","floor":1.0},{"not_picked":["True Grit","Flex"],"picked":"Intimidate","floor":2.0},{"not_picked":["Perfected Strike","Armaments"],"picked":"Inflame","floor":6.0},{"not_picked":["Body Slam","Sword Boomerang"],"picked":"Shrug It Off","floor":8.0},{"not_picked":["Wild Strike","Searing Blow"],"picked":"Sword Boomerang","floor":10.0},{"not_picked":["Combust","Sentinel"],"picked":"True Grit","floor":11.0},{"not_picked":["Carnage","Evolve"],"picked":"Feel No Pain","floor":14.0},{"not_picked":["Double Tap","Fiend Fire"],"picked":"Feed","floor":16},{"not_picked":["Rampage","Evolve+1"],"picked":"Pummel","floor":18}],"player_experience":449089,"relics_obtained":[{"floor":4.0,"key":"Letter Opener"},{"floor":6.0,"key":"Blood Vial"},{"floor":9.0,"key":"Lantern"},{"floor":14.0,"key":"Smiling Mask"},{"floor":17,"key":"Centennial Puzzle"},{"floor":17,"key":"Ornamental Fan"},{"floor":17,"key":"Old Coin"}],"event_choices":[{"damage_healed":0.0,"max_hp_gain":0.0,"max_hp_loss":0.0,"gold_gain":0.0,"event_name":"Golden Idol","player_choice":"Take Damage","floor":5.0,"gold_loss":0.0,"damage_taken":26.0,"relics_obtained":["Golden Idol"]}],"is_beta":false,"boss_relics":[{"not_picked":["Runic Cube","Snecko Eye"],"picked":"Calling Bell"}],"items_purged_floors":[3],"is_endless":false,"potions_floor_spawned":[6,8,10,18],"killed_by":"2 Thieves","ascension_level":19}