{"gold_per_floor":[116,126,137,137,137,167,185,185,263,263,263,282,308,328,328,328],"floor_reached":16,"playtime":411,"items_purged":[],"score":202,"play_id":"f6d4e1f5-cd5a-4bdd-96e8-de42b887e8da","local_time":"20190512185328","is_ascension_mode":true,"campfire_choices":[{"floor":8,"key":"REST"},{"data":"Streamline","floor":10,"key":"SMITH"},{"data":"Defragment","floor":15,"key":"SMITH"}],"neow_cost":"NONE","seed_source_timestamp":1307899111759202,"circlet_count":0,"master_deck":["AscendersBane","Strike_B","Strike_B","Strike_B","Strike_B","Defend_B","Defend_B","Defend_B","Defend_B","Zap+1","Dualcast","Sweeping Beam","Cold Snap","Genetic Algorithm","Streamline+1","Pain","Leap","Coolheaded","Defragment+1"],"relics":["Cracked Core","Oddly Smooth Stone","Ice Cream","Kunai","WarpedTongs","Centennial Puzzle"],"potions_floor_usage":[13,13],"damage_taken":[{"damage":0,"enemies":"Cultist","floor":1,"turns":4},{"damage":0,"enemies":"Small Slimes","floor":2,"turns":4},{"damage":0,"enemies":"2 Louse","floor":3,"turns":3},{"damage":24,"enemies":"Lagavulin","floor":6,"turns":9},{"damage":6,"enemies":"Large Slime","floor":7,"turns":6},{"damage":7,"enemies":"Exordium Thugs","floor":12,"turns":4},{"damage":10,"enemies":"Gremlin Nob","floor":13,"turns":3},{"damage":0,"enemies":"2 Fungi Beasts","floor":14,"turns":2},{"damage":43,"enemies":"Slime Boss","floor":16,"turns":9}],"seed_played":"4018009040241137351","potions_obtained":[{"floor":1,"key":"Fire Potion"},{"floor":2,"key":"Energy Potion"},{"floor":7,"key":"Regen Potion"}],"is_trial":false,"path_per_floor":["M","M","M","?","?","E","M","R","T","R","?","M","E","M","R","B"],"character_chosen":"DEFECT","items_purchased":[],"campfire_rested":1,"item_purchase_floors":[],"current_hp_per_floor":[64,64,64,64,53,29,23,44,44,44,44,37,36,36,36,0],"gold":328,"neow_bonus":"RANDOM_COMMON_RELIC","is_prod":false,"is_daily":false,"chose_seed":false,"campfire_upgraded":2,"win_rate":0,"timestamp":1557705208,"path_taken":["M","M","?","?","?","E","M","R","T","R","?","?","E","M","R","BOSS"],"build_version":"2019-01-23","purchased_purges":0,"victory":false,"max_hp_per_floor":[71,71,71,71,71,71,71,71,71,71,71,71,71,71,71,71],"card_choices":[{"not_picked":["Storm","Stack","Recycle"],"picked":"SKIP","floor":1},{"not_picked":["Leap","Conserve Battery"],"picked":"Sweeping Beam","floor":2},{"not_picked":["Force Field","Redo"],"picked":"Cold Snap","floor":3},{"not_picked":["Blizzard","Multi-Cast"],"picked":"Genetic Algorithm","floor":6},{"not_picked":["Cold Snap","Steam"],"picked":"Streamline","floor":7},{"not_picked":["Cold Snap","Heatsinks"],"picked":"Leap","floor":12},{"not_picked":["Cold Snap","Fission"],"picked":"Coolheaded","floor":13},{"not_picked":["Barrage","Go for the Eyes"],"picked":"Defragment","floor":14}],"player_experience":405633,"relics_obtained":[{"floor":6,"key":"Ice Cream"},{"floor":9,"key":"Kunai"},{"floor":13,"key":"Centennial Puzzle"}],"event_choices":[{"damage_healed":0,"gold_gain":0,"player_choice":"Grow","damage_taken":0,"max_hp_gain":0,"max_hp_loss":0,"event_name":"Living Wall","floor":4,"gold_loss":0,"cards_upgraded":["Zap"]},{"damage_healed":0,"gold_gain":0,"player_choice":"Fled","damage_taken":11,"max_hp_gain":0,"max_hp_loss":0,"event_name":"Scrap Ooze","floor":5,"gold_loss":0},{"damage_healed":0,"gold_gain":0,"player_choice":"Rummage","damage_taken":0,"relics_obtained":["WarpedTongs"],"max_hp_gain":0,"max_hp_loss":0,"event_name":"Accursed Blacksmith","floor":11,"gold_loss":0,"cards_obtained":["Pain"]}],"is_beta":false,"boss_relics":[],"items_purged_floors":[],"is_endless":false,"potions_floor_spawned":[1,2,7,12],"killed_by":"Slime Boss","ascension_level":16}