{"gold_per_floor":[116,17,28,47,64,95,95,127,154,154,154,179,191,207,207,305,305,315,415,150,163,163],"floor_reached":22,"playtime":881,"items_purged":["Strike_G"],"score":278,"play_id":"766c0d6c-d2d0-48ec-bdaa-0dcd1cd8d7b7","local_time":"20190322021203","is_ascension_mode":true,"campfire_choices":[{"floor":7,"key":"REST"},{"floor":10,"key":"REST"},{"floor":15,"key":"REST"}],"neow_cost":"NONE","seed_source_timestamp":438508815284031,"circlet_count":0,"master_deck":["Defend_G","Defend_G","Defend_G","Defend_G","Defend_G","Strike_G","Strike_G","Strike_G","Strike_G","Survivor","Neutralize","Footwork","Noxious Fumes","Backflip","Sucker Punch","PiercingWail","Noxious Fumes","Bane","Backstab","Cloak And Dagger","Leg Sweep","Dagger Spray","Wraith Form v2","Catalyst","Sucker Punch+1","Bouncing Flask","Outmaneuver+1"],"relics":["Ring of the Snake","NeowsBlessing","Vajra","Lantern","Anchor","Centennial Puzzle","Philosopher\u0027s Stone","Gambling Chip","Question Card","Juzu Bracelet"],"potions_floor_usage":[6,19,19],"damage_taken":[{"damage":0,"enemies":"Cultist","floor":1,"turns":1},{"damage":0,"enemies":"Small Slimes","floor":3,"turns":1},{"damage":0,"enemies":"2 Louse","floor":4,"turns":1},{"damage":0,"enemies":"Blue Slaver","floor":5,"turns":8},{"damage":61,"enemies":"Gremlin Nob","floor":6,"turns":7},{"damage":2,"enemies":"Lagavulin","floor":8,"turns":7},{"damage":20,"enemies":"Gremlin Nob","floor":12,"turns":4},{"damage":0,"enemies":"Looter","floor":13,"turns":3},{"damage":0,"enemies":"Gremlin Gang","floor":14,"turns":5},{"damage":27,"enemies":"The Guardian","floor":16,"turns":11},{"damage":16,"enemies":"Chosen","floor":18,"turns":7},{"damage":6,"enemies":"Colosseum Slavers","floor":19,"turns":4},{"damage":5,"enemies":"Colosseum Nobs","floor":19,"turns":5},{"damage":3,"enemies":"Spheric Guardian","floor":21,"turns":5},{"damage":43,"enemies":"Masked Bandits","floor":22,"turns":5}],"seed_played":"-564039930933362111","potions_obtained":[{"floor":5,"key":"Weak Potion"},{"floor":8,"key":"Dexterity Potion"},{"floor":12,"key":"Ancient Potion"},{"floor":13,"key":"EssenceOfSteel"}],"is_trial":false,"path_per_floor":["M","$","M","M","M","E","R","E","T","R","?","E","M","M","R","B",null,"M","?","$","M","?"],"character_chosen":"THE_SILENT","items_purchased":["Noxious Fumes","Backflip","Juzu Bracelet","Bouncing Flask"],"campfire_rested":3,"item_purchase_floors":[2,2,20,20],"current_hp_per_floor":[63,63,63,63,63,2,23,21,21,42,42,22,22,22,43,16,57,41,30,30,27,0],"gold":163,"neow_bonus":"THREE_ENEMY_KILL","is_prod":false,"is_daily":false,"chose_seed":false,"campfire_upgraded":0,"win_rate":0,"timestamp":1553238723,"path_taken":["M","$","?","M","M","E","R","E","T","R","?","E","M","?","R","BOSS","M","?","$","M","?"],"build_version":"2019-01-23","purchased_purges":1,"victory":false,"max_hp_per_floor":[70,70,70,70,70,70,70,70,70,70,70,70,70,70,70,70,70,70,70,70,70,70],"card_choices":[{"not_picked":["Acrobatics","Deflect"],"picked":"Footwork","floor":1},{"not_picked":["Choke","Acrobatics"],"picked":"Sucker Punch","floor":3},{"not_picked":["Eviscerate","Underhanded Strike"],"picked":"PiercingWail","floor":4},{"not_picked":["Deadly Poison","Bane"],"picked":"Noxious Fumes","floor":5},{"not_picked":["Malaise","Underhanded Strike"],"picked":"Bane","floor":6},{"not_picked":["Malaise","Dagger Throw"],"picked":"Backstab","floor":8},{"not_picked":["Masterful Stab","Bane"],"picked":"Cloak And Dagger","floor":12},{"not_picked":["Bane","Underhanded Strike"],"picked":"Leg Sweep","floor":13},{"not_picked":["Backflip","Predator"],"picked":"Dagger Spray","floor":14},{"not_picked":["Grand Finale","Malaise"],"picked":"Wraith Form v2","floor":16},{"not_picked":["PiercingWail","Poisoned Stab"],"picked":"Catalyst","floor":18},{"not_picked":["Heel Hook","Quick Slash"],"picked":"Sucker Punch+1","floor":19},{"not_picked":["Sucker Punch","Flying Knee+1","Underhanded Strike"],"picked":"Outmaneuver+1","floor":21}],"player_experience":253754,"relics_obtained":[{"floor":6,"key":"Vajra"},{"floor":8,"key":"Lantern"},{"floor":9,"key":"Anchor"},{"floor":12,"key":"Centennial Puzzle"},{"floor":19,"key":"Gambling Chip"},{"floor":19,"key":"Question Card"}],"event_choices":[{"damage_healed":0,"gold_gain":0,"player_choice":"Bought 0 Potions","damage_taken":0,"max_hp_gain":0,"max_hp_loss":0,"event_name":"The Woman in Blue","floor":11,"gold_loss":0},{"damage_healed":0,"gold_gain":0,"player_choice":"Fight","damage_taken":0,"max_hp_gain":0,"max_hp_loss":0,"event_name":"Colosseum","floor":19,"gold_loss":0},{"damage_healed":0,"gold_gain":0,"player_choice":"Fought Nobs","damage_taken":0,"max_hp_gain":0,"max_hp_loss":0,"event_name":"Colosseum","floor":19,"gold_loss":0},{"damage_healed":0,"gold_gain":0,"player_choice":"Fought Bandits","damage_taken":0,"max_hp_gain":0,"max_hp_loss":0,"event_name":"Masked Bandits","floor":22,"gold_loss":0}],"is_beta":false,"boss_relics":[{"not_picked":["Orrery","Pandora\u0027s Box"],"picked":"Philosopher\u0027s Stone"}],"items_purged_floors":[20],"is_endless":false,"potions_floor_spawned":[5,8,12,13,18],"killed_by":"Masked Bandits","ascension_level":7}