{"gold_per_floor":[112,112,132,132,150,150,176,188,266,266,281,254,286,303,303,380,380,320,2,19,19,37,37,1,29,29,41,71,85,105,105,105,182,182,194,204,304,304,204,234,234,266,266,266,266,311,325,337,337,337],"floor_reached":51,"playtime":2999,"items_purged":["Strike_G","Defend_G"],"score":1351,"play_id":"f63c4382-98b0-4fa6-9af0-7cb428808d51","local_time":"20190503175606","is_ascension_mode":true,"campfire_choices":[{"data":"Skewer","floor":6.0,"key":"SMITH"},{"data":"Tools of the Trade","floor":10.0,"key":"SMITH"},{"floor":15.0,"key":"REST"},{"data":"Noxious Fumes","floor":23.0,"key":"SMITH"},{"floor":32.0,"key":"REST"},{"data":"1","floor":41.0,"key":"LIFT"},{"data":"2","floor":44.0,"key":"LIFT"},{"data":"3","floor":45.0,"key":"LIFT"},{"floor":49,"key":"REST"}],"neow_cost":"NONE","seed_source_timestamp":524172900713700,"circlet_count":0,"master_deck":["AscendersBane","Defend_G+1","Defend_G+1","Defend_G","Defend_G","Survivor","Neutralize","Tools of the Trade+1","Backstab","Backflip","Skewer+1","Cloak And Dagger","Footwork","Backstab","Distraction+1","Dodge and Roll+1","Burst+1","Deflect+1","Phantasmal Killer+1","After Image+1","Noxious Fumes+1","Apotheosis+1","Catalyst+1","Cloak And Dagger+1","Accuracy","Dodge and Roll+1","Calculated Gamble+1","Concentrate+1","PiercingWail+1","After Image","Escape Plan+1","Accuracy","Footwork","Envenom"],"special_seed":0,"relics":["Ring of the Snake","Gremlin Horn","Question Card","Mango","Toxic Egg 2","Thread and Needle","Astrolabe","War Paint","Pantograph","Bottled Lightning","Black Star","Girya","WingedGreaves","Du-Vu Doll","The Courier","Vajra","Peace Pipe","Gambling Chip"],"potions_floor_usage":[46,50,50],"damage_taken":[{"damage":2.0,"enemies":"Cultist","floor":1.0,"turns":6.0},{"damage":0.0,"enemies":"Jaw Worm","floor":3.0,"turns":3.0},{"damage":0.0,"enemies":"2 Louse","floor":5.0,"turns":3.0},{"damage":36.0,"enemies":"Lagavulin","floor":7.0,"turns":10.0},{"damage":0.0,"enemies":"Exordium Wildlife","floor":8.0,"turns":2.0},{"damage":0.0,"enemies":"Gremlin Gang","floor":11.0,"turns":4.0},{"damage":8.0,"enemies":"3 Sentries","floor":13.0,"turns":8.0},{"damage":0.0,"enemies":"Blue Slaver","floor":14.0,"turns":2.0},{"damage":0.0,"enemies":"The Guardian","floor":16.0,"turns":17.0},{"damage":0.0,"enemies":"2 Thieves","floor":18.0,"turns":4.0},{"damage":0.0,"enemies":"Shell Parasite","floor":20.0,"turns":9.0},{"damage":2.0,"enemies":"Centurion and Healer","floor":22.0,"turns":6.0},{"damage":5.0,"enemies":"Slavers","floor":25.0,"turns":6.0},{"damage":0.0,"enemies":"Shelled Parasite and Fungi","floor":27.0,"turns":6.0},{"damage":8.0,"enemies":"Gremlin Leader","floor":28.0,"turns":8.0},{"damage":24.0,"enemies":"Snake Plant","floor":29.0,"turns":6.0},{"damage":0.0,"enemies":"Sentry and Sphere","floor":30.0,"turns":5.0},{"damage":24.0,"enemies":"Collector","floor":33.0,"turns":14.0},{"damage":1.0,"enemies":"Orb Walker","floor":35.0,"turns":5.0},{"damage":0.0,"enemies":"3 Shapes","floor":36.0,"turns":6.0},{"damage":0.0,"enemies":"Mind Bloom Boss Battle","floor":37.0,"turns":7.0},{"damage":5.0,"enemies":"Giant Head","floor":40.0,"turns":10.0},{"damage":0.0,"enemies":"Nemesis","floor":42.0,"turns":13.0},{"damage":22,"enemies":"2 Orb Walkers","floor":46,"turns":7},{"damage":0,"enemies":"3 Darklings","floor":47,"turns":6},{"damage":0,"enemies":"Jaw Worm Horde","floor":48,"turns":5},{"damage":59,"enemies":"Time Eater","floor":50,"turns":22}],"seed_played":"-8709928704641136335","potions_obtained":[{"floor":7.0,"key":"Weak Potion"},{"floor":14.0,"key":"Dexterity Potion"},{"floor":25.0,"key":"Energy Potion"},{"floor":33.0,"key":"AttackPotion"},{"floor":35.0,"key":"PowerPotion"},{"floor":48,"key":"Fire Potion"}],"is_trial":false,"path_per_floor":["M","T","M","?","M","R","E","M","T","R","M","?","E","M","R","B",null,"M","$","M","?","M","R","$","E","T","M","E","M","M","?","R","B",null,"M","M","?","?","$","E","R","E","T","R","R","?","M","M","R","B",null],"character_chosen":"THE_SILENT","items_purchased":["Noxious Fumes","Apotheosis+1","Accuracy"],"campfire_rested":3,"item_purchase_floors":[19,19,24],"current_hp_per_floor":[57,57,57,39,39,39,17,17,17,17,17,17,9,9,33,33,68,68,68,68,68,66,66,66,61,61,61,53,29,29,55,79,56,74,73,73,80,76,76,71,71,71,71,71,71,49,49,49,71,17],"gold":337,"neow_bonus":"ONE_RANDOM_RARE_CARD","is_prod":false,"is_daily":false,"chose_seed":false,"campfire_upgraded":3,"win_rate":0,"timestamp":1556924166,"path_taken":["M","?","M","?","M","R","E","M","T","R","M","?","E","M","R","BOSS","M","$","M","?","M","R","$","E","T","M","E","?","?","?","R","BOSS","M","M","?","?","$","E","R","E","T","R","R","?","?","?","R","BOSS"],"build_version":"2019-01-23","purchased_purges":2,"victory":true,"max_hp_per_floor":[66,66,66,66,66,66,80,80,80,80,80,80,80,80,80,80,80,80,80,80,80,80,80,80,80,80,80,80,80,80,80,80,80,80,80,80,80,76,76,76,76,76,76,76,76,76,76,76,76,76],"card_choices":[{"not_picked":["Cloak And Dagger","Blade Dance"],"picked":"Backstab","floor":1.0},{"not_picked":["Deflect","Setup"],"picked":"Backflip","floor":3.0},{"not_picked":["Masterful Stab","Prepared","Outmaneuver"],"picked":"Skewer","floor":5.0},{"not_picked":["Distraction","Blade Dance","Skewer"],"picked":"Cloak And Dagger","floor":7.0},{"not_picked":["Flying Knee","Endless Agony","PiercingWail"],"picked":"Footwork","floor":8.0},{"not_picked":["Flying Knee","Poisoned Stab","Masterful Stab"],"picked":"Backstab","floor":11.0},{"not_picked":["Slice","Envenom","Tools of the Trade"],"picked":"Distraction+1","floor":13.0},{"not_picked":["Dagger Spray","Endless Agony","Distraction+1"],"picked":"Dodge and Roll+1","floor":14.0},{"not_picked":["Venomology+1","After Image","Unload"],"picked":"Burst+1","floor":16.0},{"not_picked":["Finisher","Predator","Dodge and Roll+1","Poisoned Stab"],"picked":"SKIP","floor":18.0},{"not_picked":["Endless Agony","Blur+1","Finisher"],"picked":"Catalyst+1","floor":20.0},{"not_picked":["Blade Dance+1","Reflex+1","Sucker Punch","Choke"],"picked":"SKIP","floor":22.0},{"not_picked":["Dagger Throw","Outmaneuver+1","Underhanded Strike"],"picked":"Dodge and Roll+1","floor":25.0},{"not_picked":["Outmaneuver+1","Bane","Underhanded Strike+1"],"picked":"Calculated Gamble+1","floor":27.0},{"not_picked":["Cloak And Dagger+1","Endless Agony","Dash"],"picked":"Concentrate+1","floor":28.0},{"not_picked":["Cloak And Dagger+1","Storm of Steel+1","Deflect+1"],"picked":"PiercingWail+1","floor":29.0},{"not_picked":["Finisher+1","Calculated Gamble+1","All Out Attack","Poisoned Stab"],"picked":"SKIP","floor":30.0},{"not_picked":["Phantasmal Killer+1","Glass Knife","Envenom"],"picked":"After Image","floor":33.0},{"not_picked":["Bouncing Flask+1","Expertise+1","Sucker Punch+1","Choke"],"picked":"SKIP","floor":35.0},{"not_picked":["Endless Agony","Blade Dance+1","Prepared+1"],"picked":"Escape Plan+1","floor":36.0},{"not_picked":["Setup+1","Cloak And Dagger+1","Glass Knife"],"picked":"Accuracy","floor":40.0},{"not_picked":["Dash","Slice","Poisoned Stab","Infinite Blades"],"picked":"SKIP","floor":42.0},{"not_picked":["Eviscerate","Bane","Dagger Throw"],"picked":"Footwork","floor":46},{"not_picked":["Bane","Deadly Poison+1","Caltrops","Slice"],"picked":"SKIP","floor":47},{"not_picked":["Tactician+1","Finisher","Accuracy"],"picked":"Envenom","floor":48}],"player_experience":369942,"relics_obtained":[{"floor":2.0,"key":"Gremlin Horn"},{"floor":7.0,"key":"Mango"},{"floor":9.0,"key":"Toxic Egg 2"},{"floor":13.0,"key":"Thread and Needle"},{"floor":25.0,"key":"War Paint"},{"floor":26.0,"key":"Pantograph"},{"floor":28.0,"key":"Bottled Lightning"},{"floor":37.0,"key":"Girya"},{"floor":40.0,"key":"WingedGreaves"},{"floor":40.0,"key":"Du-Vu Doll"},{"floor":42.0,"key":"The Courier"},{"floor":42.0,"key":"Vajra"},{"floor":43.0,"key":"Peace Pipe"},{"floor":46,"key":"Gambling Chip"}],"event_choices":[{"damage_healed":0.0,"max_hp_gain":0.0,"max_hp_loss":0.0,"gold_gain":0.0,"event_name":"Scrap Ooze","player_choice":"Success","floor":4.0,"gold_loss":0.0,"damage_taken":18.0,"relics_obtained":["Question Card"]},{"damage_healed":0.0,"max_hp_gain":0.0,"max_hp_loss":0.0,"gold_gain":0.0,"event_name":"World of Goop","player_choice":"Left Gold","floor":12.0,"gold_loss":27.0,"damage_taken":0.0},{"damage_healed":0.0,"max_hp_gain":0.0,"max_hp_loss":0.0,"gold_gain":0.0,"cards_transformed":["Strike_G"],"event_name":"Transmorgrifier","player_choice":"Transformed","floor":21.0,"gold_loss":0.0,"damage_taken":0.0,"cards_obtained":["Cloak And Dagger"]},{"damage_healed":26.0,"max_hp_gain":0.0,"max_hp_loss":0.0,"gold_gain":0.0,"event_name":"The Library","player_choice":"Heal","floor":31.0,"gold_loss":0.0,"damage_taken":0.0},{"damage_healed":0.0,"max_hp_gain":0.0,"max_hp_loss":0.0,"gold_gain":0.0,"event_name":"MindBloom","player_choice":"Fight","floor":37.0,"gold_loss":0.0,"damage_taken":0.0},{"damage_healed":0.0,"max_hp_gain":0.0,"max_hp_loss":4.0,"gold_gain":0.0,"event_name":"Winding Halls","player_choice":"Max HP","floor":38.0,"gold_loss":0.0,"damage_taken":0.0},{"damage_healed":0,"gold_gain":0,"player_choice":"Fight","damage_taken":0,"max_hp_gain":0,"max_hp_loss":0,"event_name":"Mysterious Sphere","floor":46,"gold_loss":0}],"is_beta":false,"boss_relics":[{"not_picked":["Pandora\u0027s Box","Lizard Tail"],"picked":"Astrolabe"},{"not_picked":["Calling Bell","Tiny House"],"picked":"Black Star"}],"items_purged_floors":[19,39],"is_endless":false,"potions_floor_spawned":[7,14,16,20,25,27,33,35,36,37,48],"ascension_level":14}