{"gold_per_floor":[117,131,145,145,47,47,76,95,95,108,124,124,138,138,138,242,242,242,92,92,92,92,92,92,92],"floor_reached":25,"playtime":1105,"items_purged":["Strike_G"],"score":223,"play_id":"4fdff6b0-169a-4381-8109-b35f4776c11d","local_time":"20190526005449","is_ascension_mode":false,"campfire_choices":[{"data":"Sucker Punch","floor":6,"key":"SMITH"},{"data":"Flying Knee","floor":12,"key":"SMITH"},{"floor":15,"key":"REST"},{"data":"Noxious Fumes","floor":23,"key":"SMITH"}],"neow_cost":"NONE","seed_source_timestamp":59683520229112,"circlet_count":0,"master_deck":["Defend_G","Defend_G","Defend_G","Defend_G","Defend_G","Strike_G","Strike_G","Survivor","Neutralize","Dagger Throw","Well Laid Plans","Dagger Spray","Poisoned Stab","Sucker Punch+1","Bullet Time","Acrobatics","Flying Knee+1","Noxious Fumes+1","Burst","Backflip","Leg Sweep","Noxious Fumes","Distraction+1","Concentrate","Bane","Bouncing Flask+1"],"relics":["Ring of the Snake","Question Card","Mercury Hourglass","StoneCalendar","Ectoplasm","Matryoshka"],"potions_floor_usage":[],"damage_taken":[{"damage":0,"enemies":"Jaw Worm","floor":1,"turns":4},{"damage":0,"enemies":"Cultist","floor":2,"turns":3},{"damage":0,"enemies":"2 Louse","floor":3,"turns":2},{"damage":26,"enemies":"Lagavulin","floor":7,"turns":6},{"damage":0,"enemies":"Looter","floor":8,"turns":3},{"damage":0,"enemies":"Large Slime","floor":10,"turns":5},{"damage":2,"enemies":"3 Louse","floor":11,"turns":2},{"damage":2,"enemies":"Exordium Wildlife","floor":13,"turns":3},{"damage":38,"enemies":"The Guardian","floor":16,"turns":9},{"damage":5,"enemies":"3 Byrds","floor":18,"turns":4},{"damage":12,"enemies":"Chosen","floor":20,"turns":5},{"damage":39,"enemies":"Book of Stabbing","floor":24,"turns":6},{"damage":15,"enemies":"Colosseum Slavers","floor":25,"turns":2}],"seed_played":"-7105936316021315990","potions_obtained":[{"floor":3,"key":"LiquidBronze"},{"floor":7,"key":"SteroidPotion"},{"floor":8,"key":"Block Potion"}],"is_trial":false,"path_per_floor":["M","M","M","?","$","R","E","M","T","M","M","R","M","?","R","B",null,"M","$","M","?","?","R","E","?"],"character_chosen":"THE_SILENT","items_purchased":["Sucker Punch","Leg Sweep","Noxious Fumes"],"campfire_rested":1,"item_purchase_floors":[5,19,19],"current_hp_per_floor":[70,70,70,70,70,70,44,44,44,44,42,42,40,33,54,16,70,65,65,53,53,53,53,14,0],"gold":92,"neow_bonus":"THREE_CARDS","is_prod":false,"is_daily":false,"chose_seed":false,"campfire_upgraded":3,"win_rate":0,"timestamp":1558857289,"path_taken":["M","M","M","?","$","R","E","M","T","?","M","R","M","?","R","BOSS","M","$","M","?","?","R","E","?"],"build_version":"2019-01-23","purchased_purges":1,"victory":false,"max_hp_per_floor":[70,70,70,70,70,70,70,70,70,70,70,70,70,70,70,70,70,70,70,70,70,70,70,70,70],"card_choices":[{"not_picked":["Deflect","Caltrops"],"picked":"Dagger Throw","floor":0},{"not_picked":["Cloak And Dagger","Prepared"],"picked":"Well Laid Plans","floor":1},{"not_picked":["Setup","Escape Plan"],"picked":"Dagger Spray","floor":2},{"not_picked":["Blade Dance","Dagger Spray"],"picked":"Poisoned Stab","floor":3},{"not_picked":["Underhanded Strike","Prepared","Cloak And Dagger"],"picked":"SKIP","floor":7},{"not_picked":["Bane","Concentrate","Deflect"],"picked":"Bullet Time","floor":8},{"not_picked":["Slice","Setup","Backflip"],"picked":"Acrobatics","floor":10},{"not_picked":["Poisoned Stab","Finisher","Outmaneuver"],"picked":"Flying Knee","floor":11},{"not_picked":["Storm of Steel","PiercingWail","Deadly Poison"],"picked":"Noxious Fumes","floor":13},{"not_picked":["Wraith Form v2","Venomology","Grand Finale"],"picked":"Burst","floor":16},{"not_picked":["Prepared","Tactician","Dagger Spray"],"picked":"Backflip","floor":18},{"not_picked":["Dagger Spray+1","Cloak And Dagger","Deadly Poison"],"picked":"Distraction+1","floor":20},{"not_picked":["Acrobatics","Poisoned Stab","Die Die Die"],"picked":"Bouncing Flask+1","floor":24}],"player_experience":326818,"relics_obtained":[{"floor":7,"key":"Question Card"},{"floor":9,"key":"Mercury Hourglass"},{"floor":24,"key":"Matryoshka"}],"event_choices":[{"damage_healed":0,"gold_gain":0,"player_choice":"Full Heal","damage_taken":0,"max_hp_gain":0,"max_hp_loss":0,"event_name":"Wheel of Change","floor":4,"gold_loss":0},{"damage_healed":0,"gold_gain":0,"player_choice":"Success","damage_taken":7,"relics_obtained":["StoneCalendar"],"max_hp_gain":0,"max_hp_loss":0,"event_name":"Scrap Ooze","floor":14,"gold_loss":0},{"damage_healed":0,"gold_gain":0,"cards_transformed":["Strike_G","Strike_G"],"player_choice":"Became Test Subject","damage_taken":0,"max_hp_gain":0,"max_hp_loss":0,"event_name":"Drug Dealer","floor":21,"gold_loss":0,"cards_obtained":["Concentrate","Bane"]},{"damage_healed":0,"gold_gain":0,"player_choice":"Ignored","damage_taken":0,"max_hp_gain":0,"max_hp_loss":0,"event_name":"Vampires","floor":22,"gold_loss":0},{"damage_healed":0,"gold_gain":0,"player_choice":"Fight","damage_taken":0,"max_hp_gain":0,"max_hp_loss":0,"event_name":"Colosseum","floor":25,"gold_loss":0}],"is_beta":false,"boss_relics":[{"not_picked":["Cursed Key","HoveringKite"],"picked":"Ectoplasm"}],"items_purged_floors":[5],"is_endless":false,"potions_floor_spawned":[3,7,8,10,11,13,24],"killed_by":"Colosseum Slavers","ascension_level":0}