{"gold_per_floor":[113,123,21,21,21,21,50,50,73,23,52,52,83,101,101,224,224,240,255,76,76,96,96],"floor_reached":23,"playtime":1456,"items_purged":["Strike_G","Defend_G"],"score":238,"play_id":"a8f052d9-15f7-4aec-8811-78436cd8d1bb","local_time":"20190528221256","is_ascension_mode":true,"campfire_choices":[{"data":"Footwork","floor":6,"key":"SMITH"},{"data":"After Image","floor":8,"key":"SMITH"},{"floor":15,"key":"REST"}],"neow_cost":"NONE","seed_source_timestamp":1048777865816281,"circlet_count":0,"master_deck":["Defend_G","Defend_G","Defend_G","Defend_G","Strike_G","Strike_G","Strike_G","Strike_G","Survivor","Neutralize","After Image+1","Caltrops+1","Deflect","Footwork+1","Quick Slash","Endless Agony","Blade Dance","Envenom","Caltrops","Footwork","Dodge and Roll","Quick Slash"],"relics":["Ring of the Snake","Bag of Preparation","Smiling Mask","Gremlin Horn","Golden Idol","Pocketwatch","Cursed Key"],"potions_floor_usage":[7,7,16,16,23],"damage_taken":[{"damage":3,"enemies":"Jaw Worm","floor":1,"turns":6},{"damage":0,"enemies":"Cultist","floor":2,"turns":4},{"damage":7,"enemies":"Gremlin Nob","floor":7,"turns":4},{"damage":8,"enemies":"3 Sentries","floor":11,"turns":10},{"damage":10,"enemies":"Lagavulin","floor":13,"turns":9},{"damage":0,"enemies":"2 Louse","floor":14,"turns":2},{"damage":35,"enemies":"Slime Boss","floor":16,"turns":16},{"damage":1,"enemies":"Shell Parasite","floor":18,"turns":7},{"damage":7,"enemies":"Spheric Guardian","floor":19,"turns":5},{"damage":55,"enemies":"Cultist and Chosen","floor":22,"turns":8},{"damage":8,"enemies":"Slavers","floor":23,"turns":3}],"seed_played":"-6962117334616622760","potions_obtained":[{"floor":1,"key":"SteroidPotion"},{"floor":2,"key":"AttackPotion"},{"floor":11,"key":"Block Potion"},{"floor":14,"key":"LiquidBronze"},{"floor":22,"key":"Dexterity Potion"}],"is_trial":false,"path_per_floor":["M","M","$","?","$","R","E","R","T","$","E","?","E","M","R","B",null,"M","M","$","?","M","E"],"character_chosen":"THE_SILENT","items_purchased":["Deflect","Footwork","Footwork","Dodge and Roll"],"campfire_rested":1,"item_purchase_floors":[3,3,20,20],"current_hp_per_floor":[67,67,67,67,67,67,60,60,60,60,52,52,42,42,61,26,65,64,57,57,57,2,0],"gold":96,"neow_bonus":"ONE_RANDOM_RARE_CARD","is_prod":false,"is_daily":false,"chose_seed":false,"campfire_upgraded":2,"win_rate":0,"timestamp":1559095976,"path_taken":["M","M","$","?","?","R","E","R","T","$","E","?","E","M","R","BOSS","M","M","$","?","M","E"],"build_version":"2019-01-23","purchased_purges":2,"victory":false,"max_hp_per_floor":[70,70,70,70,70,70,70,70,70,70,70,65,65,65,65,65,65,65,65,65,65,65,65],"card_choices":[{"not_picked":["Dash","Dagger Throw"],"picked":"Caltrops","floor":1},{"not_picked":["Catalyst","Outmaneuver","Bouncing Flask"],"picked":"SKIP","floor":2},{"not_picked":["Prepared","Dagger Throw"],"picked":"Quick Slash","floor":7},{"not_picked":["Bouncing Flask","Leg Sweep"],"picked":"Endless Agony","floor":11},{"not_picked":["Finisher","Catalyst","Unload"],"picked":"SKIP","floor":13},{"not_picked":["Sucker Punch","Finisher"],"picked":"Blade Dance","floor":14},{"not_picked":["Wraith Form v2","Corpse Explosion"],"picked":"Envenom","floor":16},{"not_picked":["Underhanded Strike","Calculated Gamble","Setup"],"picked":"SKIP","floor":18},{"not_picked":["Calculated Gamble","Quick Slash"],"picked":"Caltrops","floor":19},{"not_picked":["Expertise","PiercingWail"],"picked":"Quick Slash","floor":22}],"player_experience":325307,"relics_obtained":[{"floor":7,"key":"Bag of Preparation"},{"floor":9,"key":"Smiling Mask"},{"floor":11,"key":"Gremlin Horn"},{"floor":13,"key":"Pocketwatch"}],"event_choices":[{"damage_healed":0,"gold_gain":0,"player_choice":"Upgraded","damage_taken":0,"max_hp_gain":0,"max_hp_loss":0,"event_name":"Upgrade Shrine","floor":4,"gold_loss":0,"cards_upgraded":["Caltrops"]},{"damage_healed":0,"gold_gain":0,"player_choice":"Lose Max HP","damage_taken":0,"relics_obtained":["Golden Idol"],"max_hp_gain":0,"max_hp_loss":5,"event_name":"Golden Idol","floor":12,"gold_loss":0},{"damage_healed":0,"gold_gain":0,"player_choice":"Ignored","damage_taken":0,"max_hp_gain":0,"max_hp_loss":0,"event_name":"Vampires","floor":21,"gold_loss":0}],"is_beta":false,"boss_relics":[{"not_picked":["Fusion Hammer","Empty Cage"],"picked":"Cursed Key"}],"items_purged_floors":[10,20],"is_endless":false,"potions_floor_spawned":[1,2,11,14,22],"killed_by":"Slavers","ascension_level":3}