{"gold_per_floor":[115,128,128,139,156,191,191,218,272,333,349,349,349,349,349,349],"floor_reached":16,"playtime":939,"items_purged":[],"score":120,"play_id":"d5a2e6ae-0a4d-48d4-9706-f871c1f5861a","local_time":"20190213154114","is_ascension_mode":false,"campfire_choices":[{"data":"Deadly Poison","floor":7,"key":"SMITH"},{"data":"Backflip","floor":15,"key":"SMITH"}],"neow_cost":"NONE","seed_source_timestamp":3759717614525,"circlet_count":0,"master_deck":["Defend_G","Defend_G","Defend_G","Defend_G+1","Defend_G","Strike_G","Strike_G","Strike_G+1","Strike_G","Survivor","Neutralize+1","Deadly Poison","Deadly Poison+1","Escape Plan","Flying Knee+1","Backflip+1","Deflect","Acrobatics","Injury"],"relics":["Ring of the Snake","NeowsBlessing","Whetstone","Molten Egg 2","Orichalcum","Tiny Chest","Golden Idol"],"potions_floor_usage":[6,6,10,16],"damage_taken":[{"damage":0,"enemies":"2 Louse","floor":1,"turns":1},{"damage":0,"enemies":"Small Slimes","floor":2,"turns":1},{"damage":0,"enemies":"Cultist","floor":4,"turns":1},{"damage":0,"enemies":"3 Louse","floor":5,"turns":4},{"damage":20,"enemies":"3 Sentries","floor":6,"turns":10},{"damage":10,"enemies":"Lagavulin","floor":8,"turns":5},{"damage":7,"enemies":"3 Sentries","floor":10,"turns":9},{"damage":2,"enemies":"Blue Slaver","floor":11,"turns":4},{"damage":40,"enemies":"Slime Boss","floor":16,"turns":12}],"seed_played":"-1192813969764546274","potions_obtained":[{"floor":4,"key":"AttackPotion"},{"floor":5,"key":"GhostInAJar"},{"floor":8,"key":"GhostInAJar"},{"floor":11,"key":"Block Potion"}],"is_trial":false,"path_per_floor":["M","M","?","M","M","E","R","E","T","E","M","?","?","?","R","B"],"character_chosen":"THE_SILENT","items_purchased":[],"campfire_rested":0,"item_purchase_floors":[],"current_hp_per_floor":[70,70,56,56,56,36,36,26,26,19,17,17,40,40,40,0],"gold":349,"neow_bonus":"THREE_ENEMY_KILL","is_prod":false,"is_daily":false,"chose_seed":false,"campfire_upgraded":2,"win_rate":0.0,"timestamp":1550094074,"path_taken":["M","M","?","M","M","E","R","E","T","E","M","?","?","?","R","BOSS"],"build_version":"2019-01-23","purchased_purges":0,"victory":false,"max_hp_per_floor":[70,70,70,70,70,70,70,70,70,70,70,70,70,70,70,70],"card_choices":[{"not_picked":["Dodge and Roll","Prepared"],"picked":"Deadly Poison","floor":1},{"not_picked":["Slice","Dodge and Roll"],"picked":"Deadly Poison","floor":2},{"not_picked":["Slice","Dagger Throw"],"picked":"Escape Plan","floor":4},{"not_picked":["Underhanded Strike","Reflex"],"picked":"Flying Knee","floor":5},{"not_picked":["Finisher","All Out Attack","Night Terror"],"picked":"SKIP","floor":6},{"not_picked":["Sucker Punch","Adrenaline"],"picked":"Backflip","floor":8},{"not_picked":["Endless Agony+1","Finisher+1"],"picked":"Deflect","floor":10},{"not_picked":["Endless Agony+1","Dagger Throw+1"],"picked":"Acrobatics","floor":11}],"player_experience":55773,"relics_obtained":[{"floor":6,"key":"Whetstone"},{"floor":8,"key":"Molten Egg 2"},{"floor":9,"key":"Orichalcum"},{"floor":10,"key":"Tiny Chest"}],"event_choices":[{"damage_healed":0,"gold_gain":0,"player_choice":"Entered Light","damage_taken":14,"max_hp_gain":0,"max_hp_loss":0,"event_name":"Shining Light","floor":3,"gold_loss":0,"cards_upgraded":["Strike_G","Defend_G"]},{"damage_healed":0,"gold_gain":0,"player_choice":"Take Wound","damage_taken":0,"relics_obtained":["Golden Idol"],"max_hp_gain":0,"max_hp_loss":0,"event_name":"Golden Idol","floor":12,"gold_loss":0,"cards_obtained":["Injury"]},{"damage_healed":23,"gold_gain":0,"player_choice":"Banana","damage_taken":0,"max_hp_gain":0,"max_hp_loss":0,"event_name":"Big Fish","floor":13,"gold_loss":0},{"cards_removed":["Strike_G"],"damage_healed":0,"gold_gain":0,"player_choice":"Forget","damage_taken":0,"max_hp_gain":0,"max_hp_loss":0,"event_name":"Living Wall","floor":14,"gold_loss":0}],"is_beta":false,"boss_relics":[],"items_purged_floors":[],"is_endless":false,"potions_floor_spawned":[4,5,8,11],"killed_by":"Slime Boss","ascension_level":0}