{"gold_per_floor":[109,109,123,32,45,45,65,100,100,100,125,125,155,26,26,26],"floor_reached":16,"playtime":737,"items_purged":[],"score":130,"play_id":"958067c6-2019-4c61-b6c3-eacf3aa55d5d","local_time":"20190314202720","is_ascension_mode":true,"campfire_choices":[{"data":"Catalyst","floor":6,"key":"SMITH"},{"data":"Crippling Poison","floor":10,"key":"SMITH"},{"data":"Backflip","floor":12,"key":"SMITH"},{"floor":15,"key":"REST"}],"neow_cost":"NONE","seed_source_timestamp":111178138195744,"circlet_count":0,"master_deck":["Defend_G","Defend_G","Defend_G","Defend_G","Defend_G","Strike_G","Strike_G","Strike_G","Strike_G","Strike_G","Survivor","Neutralize","Poisoned Stab","Panacea","Catalyst+1","Deadly Poison","Flying Knee","Acrobatics","Backstab","Crippling Poison+1","Backflip+1","Well Laid Plans","Burst"],"relics":["Ring of the Snake","NeowsBlessing","Pear","Ninja Scroll","Blue Candle","The Courier"],"potions_floor_usage":[16],"damage_taken":[{"damage":0,"enemies":"Cultist","floor":1,"turns":1},{"damage":0,"enemies":"2 Louse","floor":3,"turns":1},{"damage":0,"enemies":"Jaw Worm","floor":5,"turns":1},{"damage":0,"enemies":"Blue Slaver","floor":7,"turns":3},{"damage":14,"enemies":"3 Sentries","floor":8,"turns":10},{"damage":16,"enemies":"Lagavulin","floor":11,"turns":4},{"damage":20,"enemies":"Gremlin Nob","floor":13,"turns":4},{"damage":47,"enemies":"Slime Boss","floor":16,"turns":9}],"seed_played":"1763339495040355695","potions_obtained":[{"floor":3,"key":"Swift Potion"},{"floor":5,"key":"SpeedPotion"},{"floor":7,"key":"GamblersBrew"}],"is_trial":false,"path_per_floor":["M","?","M","$","M","R","M","E","T","R","E","R","E","$","R","B"],"character_chosen":"THE_SILENT","items_purchased":["Deadly Poison","Flying Knee","Burst"],"campfire_rested":1,"item_purchase_floors":[4,4,14],"current_hp_per_floor":[70,70,70,70,70,70,70,66,66,66,50,50,30,30,54,7],"gold":26,"neow_bonus":"THREE_ENEMY_KILL","is_prod":false,"is_daily":false,"chose_seed":false,"campfire_upgraded":3,"win_rate":0,"timestamp":1552613240,"path_taken":["M","?","M","$","M","R","?","E","T","R","E","R","E","$","R","BOSS"],"build_version":"2019-01-23","purchased_purges":0,"victory":false,"max_hp_per_floor":[70,70,70,70,70,70,70,80,80,80,80,80,80,80,80,80],"card_choices":[{"not_picked":["Eviscerate","Endless Agony"],"picked":"Poisoned Stab","floor":1},{"not_picked":["Leg Sweep","Footwork"],"picked":"Catalyst","floor":3},{"not_picked":["Tactician","Flying Knee"],"picked":"Acrobatics","floor":5},{"not_picked":["Underhanded Strike","Dodge and Roll"],"picked":"Backstab","floor":7},{"not_picked":["Acrobatics","Slice"],"picked":"Crippling Poison","floor":8},{"not_picked":["Slice","Blur"],"picked":"Backflip","floor":11},{"not_picked":["Sucker Punch","Masterful Stab"],"picked":"Well Laid Plans","floor":13}],"player_experience":207075,"relics_obtained":[{"floor":8,"key":"Pear"},{"floor":9,"key":"Ninja Scroll"},{"floor":11,"key":"Blue Candle"},{"floor":13,"key":"The Courier"}],"event_choices":[{"damage_healed":0,"gold_gain":0,"player_choice":"1 cards matched","damage_taken":0,"max_hp_gain":0,"max_hp_loss":0,"event_name":"Match and Keep!","floor":2,"gold_loss":0,"cards_obtained":["Panacea"]}],"is_beta":false,"boss_relics":[],"items_purged_floors":[],"is_endless":false,"potions_floor_spawned":[3,5,7],"killed_by":"Slime Boss","ascension_level":2}