{"gold_per_floor":[119,119,133,208,308,308,323,323,323,248,248,267,63,76,76,207,207,207,122,122,22,0,0,0,0,0,0,0,0,0,0,0,0,0,0,0,0,0,0,0,0,0,0,0,0,0,0,0,0,0],"floor_reached":51,"playtime":2136,"items_purged":["Injury","Strike_G"],"score":733,"play_id":"0c91fb70-c8ba-423a-ad86-c19ccb190a2a","local_time":"20190523161614","is_ascension_mode":false,"campfire_choices":[{"data":"Skewer","floor":6,"key":"SMITH"},{"data":"Quick Slash","floor":8,"key":"SMITH"},{"data":"Neutralize","floor":11,"key":"SMITH"},{"data":"Sucker Punch","floor":15,"key":"SMITH"},{"floor":25,"key":"REST"},{"floor":29,"key":"REST"},{"floor":32,"key":"REST"},{"data":"Phantasmal Killer","floor":40,"key":"SMITH"},{"floor":42,"key":"REST"},{"floor":47,"key":"REST"},{"data":"Writhe","floor":49,"key":"PURGE"}],"neow_cost":"NONE","seed_source_timestamp":9797864154369,"circlet_count":0,"master_deck":["Defend_G+1","Defend_G","Defend_G","Defend_G","Defend_G","Strike_G","Strike_G","Strike_G","Survivor","Neutralize+1","Quick Slash+1","Skewer+1","Sucker Punch+1","After Image","Phantasmal Killer+1","Leg Sweep+1","Distraction+1","Skewer+1","Footwork","A Thousand Cuts","Skewer+1","Backflip","Escape Plan+1"],"relics":["Ring of the Serpent","NeowsBlessing","Golden Idol","Ninja Scroll","Chemical X","Ectoplasm","Peace Pipe","Red Mask","Matryoshka","Blood Vial","Singing Bowl","Gremlin Horn","Pen Nib","Pantograph","PreservedInsect","War Paint"],"potions_floor_usage":[30],"damage_taken":[{"damage":0,"enemies":"2 Louse","floor":1,"turns":1},{"damage":0,"enemies":"Cultist","floor":3,"turns":1},{"damage":0,"enemies":"Jaw Worm","floor":7,"turns":1},{"damage":0,"enemies":"3 Louse","floor":12,"turns":2},{"damage":2,"enemies":"Looter","floor":14,"turns":3},{"damage":11,"enemies":"The Guardian","floor":16,"turns":10},{"damage":12,"enemies":"Shell Parasite","floor":18,"turns":3},{"damage":13,"enemies":"Masked Bandits","floor":20,"turns":6},{"damage":9,"enemies":"2 Thieves","floor":22,"turns":4},{"damage":6,"enemies":"Book of Stabbing","floor":23,"turns":5},{"damage":0,"enemies":"Cultist and Chosen","floor":24,"turns":2},{"damage":26,"enemies":"Slavers","floor":27,"turns":4},{"damage":2,"enemies":"Snecko","floor":30,"turns":3},{"damage":42,"enemies":"Automaton","floor":33,"turns":10},{"damage":27,"enemies":"3 Shapes","floor":35,"turns":4},{"damage":7,"enemies":"Orb Walker","floor":36,"turns":2},{"damage":0,"enemies":"Spire Growth","floor":38,"turns":3},{"damage":23,"enemies":"Giant Head","floor":41,"turns":7},{"damage":28,"enemies":"Reptomancer","floor":44,"turns":5},{"damage":0,"enemies":"Sphere and 2 Shapes","floor":45,"turns":3},{"damage":5,"enemies":"Maw","floor":46,"turns":6},{"damage":70,"enemies":"Donu and Deca","floor":50,"turns":9}],"seed_played":"-8940965768711904505","potions_obtained":[{"floor":3,"key":"PowerPotion"},{"floor":12,"key":"SkillPotion"},{"floor":14,"key":"FearPotion"},{"floor":30,"key":"GamblersBrew"}],"is_trial":false,"path_per_floor":["M","?","M","?","?","R","M","R","T","$","R","M","$","M","R","B",null,"M","?","?","$","M","E","M","R","T","E","?","R","M","?","R","B",null,"M","M","?","M","$","R","E","R","T","E","M","M","R","?","R","B",null],"character_chosen":"THE_SILENT","items_purchased":["Chemical X"],"campfire_rested":5,"item_purchase_floors":[13],"current_hp_per_floor":[70,70,70,59,59,59,59,59,59,59,59,59,59,57,57,46,70,58,58,45,45,36,30,30,51,51,29,29,50,50,50,71,30,72,45,42,42,44,44,44,25,47,47,23,27,24,48,68,68,10],"gold":0,"neow_bonus":"THREE_ENEMY_KILL","is_prod":false,"is_daily":false,"chose_seed":false,"campfire_upgraded":5,"win_rate":0,"timestamp":1558653374,"path_taken":["M","?","M","?","?","R","M","R","T","$","R","?","?","M","R","BOSS","M","?","?","$","M","E","M","R","T","E","?","R","M","?","R","BOSS","M","M","?","M","$","R","E","R","T","E","M","M","R","?","R","BOSS"],"build_version":"2019-01-23","purchased_purges":2,"victory":true,"max_hp_per_floor":[70,70,70,70,70,70,70,70,70,70,70,70,70,70,70,70,70,70,70,70,70,70,70,70,70,70,72,72,72,72,72,72,72,72,72,74,74,74,74,74,76,76,76,78,80,80,80,80,80,80],"card_choices":[{"not_picked":["All Out Attack","Deflect"],"picked":"Quick Slash","floor":1},{"not_picked":["Deflect","Blade Dance"],"picked":"Skewer","floor":3},{"not_picked":["Choke","Dodge and Roll","Riddle With Holes"],"picked":"SKIP","floor":7},{"not_picked":["Skewer","PiercingWail"],"picked":"Sucker Punch","floor":12},{"not_picked":["Deadly Poison","Bouncing Flask"],"picked":"After Image","floor":14},{"not_picked":["Envenom","Doppelganger"],"picked":"Phantasmal Killer","floor":16},{"not_picked":["Masterful Stab","Underhanded Strike","Cloak And Dagger"],"picked":"SKIP","floor":18},{"not_picked":["Deflect","Backflip"],"picked":"Leg Sweep","floor":20},{"not_picked":["Blade Dance+1","Concentrate"],"picked":"Distraction+1","floor":22},{"not_picked":["Flechettes","Terror"],"picked":"Skewer+1","floor":23},{"not_picked":["Blade Dance","Slice","Sucker Punch"],"picked":"SKIP","floor":24},{"not_picked":["Dagger Spray","Die Die Die","Flying Knee"],"picked":"Singing Bowl","floor":27},{"not_picked":["Dagger Spray","Outmaneuver+1"],"picked":"Footwork","floor":30},{"not_picked":["Die Die Die","Envenom"],"picked":"A Thousand Cuts","floor":33},{"not_picked":["Accuracy+1","Dagger Throw+1"],"picked":"Skewer+1","floor":35},{"not_picked":["PiercingWail","Terror","Acrobatics+1"],"picked":"Singing Bowl","floor":36},{"not_picked":["Slice+1","PiercingWail"],"picked":"Backflip","floor":38},{"not_picked":["Cloak And Dagger","Calculated Gamble","Heel Hook+1"],"picked":"Singing Bowl","floor":41},{"not_picked":["Reflex","All Out Attack","Bane+1"],"picked":"Singing Bowl","floor":44},{"not_picked":["Infinite Blades","Outmaneuver+1","Concentrate+1"],"picked":"Singing Bowl","floor":45},{"not_picked":["Underhanded Strike+1","Slice+1"],"picked":"Escape Plan+1","floor":46}],"player_experience":245338,"relics_obtained":[{"floor":9,"key":"Ninja Scroll"},{"floor":20,"key":"Red Mask"},{"floor":23,"key":"Matryoshka"},{"floor":26,"key":"Blood Vial"},{"floor":27,"key":"Singing Bowl"},{"floor":41,"key":"Pen Nib"},{"floor":43,"key":"Pantograph"},{"floor":43,"key":"PreservedInsect"},{"floor":44,"key":"War Paint"}],"event_choices":[{"damage_healed":0,"gold_gain":0,"player_choice":"Take Wound","damage_taken":0,"relics_obtained":["Golden Idol"],"max_hp_gain":0,"max_hp_loss":0,"event_name":"Golden Idol","floor":2,"gold_loss":0,"cards_obtained":["Injury"]},{"damage_healed":0,"gold_gain":75,"player_choice":"Gather Gold","damage_taken":11,"max_hp_gain":0,"max_hp_loss":0,"event_name":"World of Goop","floor":4,"gold_loss":0},{"damage_healed":0,"gold_gain":100,"player_choice":"Pray","damage_taken":0,"max_hp_gain":0,"max_hp_loss":0,"event_name":"Golden Shrine","floor":5,"gold_loss":0},{"damage_healed":0,"gold_gain":0,"player_choice":"Obtained Relic","damage_taken":0,"relics_obtained":["Peace Pipe"],"max_hp_gain":0,"max_hp_loss":0,"event_name":"Addict","floor":19,"gold_loss":85},{"damage_healed":0,"gold_gain":0,"player_choice":"Fought Bandits","damage_taken":0,"max_hp_gain":0,"max_hp_loss":0,"event_name":"Masked Bandits","floor":20,"gold_loss":0},{"damage_healed":0,"gold_gain":0,"player_choice":"Opened","damage_taken":0,"relics_obtained":["Gremlin Horn"],"max_hp_gain":0,"max_hp_loss":0,"event_name":"The Mausoleum","floor":28,"gold_loss":0},{"damage_healed":0,"gold_gain":0,"player_choice":"Ignored","damage_taken":0,"max_hp_gain":0,"max_hp_loss":0,"event_name":"Beggar","floor":31,"gold_loss":0},{"cards_removed":["Strike_G"],"damage_healed":0,"gold_gain":0,"player_choice":"Removed Attack","damage_taken":0,"max_hp_gain":0,"max_hp_loss":0,"event_name":"Falling","floor":37,"gold_loss":0},{"damage_healed":20,"gold_gain":0,"player_choice":"Writhe","damage_taken":0,"max_hp_gain":0,"max_hp_loss":0,"event_name":"Winding Halls","floor":48,"gold_loss":0,"cards_obtained":["Writhe"]}],"is_beta":false,"boss_relics":[{"not_picked":["White Beast Statue","Orrery"],"picked":"Ectoplasm"},{"not_picked":["Pandora\u0027s Box","Busted Crown"],"picked":"Ring of the Serpent"}],"items_purged_floors":[10,21],"is_endless":false,"potions_floor_spawned":[3,12,14,23,24,30,33,38,41,46],"ascension_level":0}