{"gold_per_floor":[113,129,146,158,169,169,197,197,197,256,256,276,295,56,56,56],"floor_reached":16,"playtime":1111,"items_purged":[],"score":114,"play_id":"8590767f-b8e6-4899-aed0-a00a6aef379a","local_time":"20190527135820","is_ascension_mode":false,"campfire_choices":[{"data":"Pommel Strike","floor":6,"key":"SMITH"},{"floor":8,"key":"REST"},{"floor":15,"key":"REST"}],"neow_cost":"NONE","seed_source_timestamp":58402118759883,"circlet_count":0,"master_deck":["Strike_R","Strike_R","Strike_R","Defend_R","Defend_R","Defend_R","Defend_R","Bash","Second Wind","Rupture","Pommel Strike+1","Iron Wave","Iron Wave","Sentinel","Feed","Rampage","Uppercut"],"relics":["Burning Blood","Du-Vu Doll","Bag of Marbles","Tiny Chest","Blue Candle"],"potions_floor_usage":[],"damage_taken":[{"damage":4,"enemies":"2 Louse","floor":1,"turns":4},{"damage":1,"enemies":"Cultist","floor":2,"turns":4},{"damage":0,"enemies":"Small Slimes","floor":3,"turns":5},{"damage":27,"enemies":"Exordium Thugs","floor":4,"turns":6},{"damage":6,"enemies":"Blue Slaver","floor":5,"turns":4},{"damage":48,"enemies":"Lagavulin","floor":7,"turns":10},{"damage":10,"enemies":"Gremlin Nob","floor":10,"turns":4},{"damage":15,"enemies":"Gremlin Gang","floor":12,"turns":4},{"damage":5,"enemies":"Looter","floor":13,"turns":3},{"damage":63,"enemies":"The Guardian","floor":16,"turns":9}],"seed_played":"-3345061807542333856","potions_obtained":[{"floor":3,"key":"PowerPotion"},{"floor":5,"key":"SneckoOil"},{"floor":12,"key":"LiquidBronze"}],"is_trial":false,"path_per_floor":["M","M","M","M","M","R","E","R","T","E","?","M","M","$","R","B"],"character_chosen":"IRONCLAD","items_purchased":["Blue Candle"],"campfire_rested":2,"item_purchase_floors":[14],"current_hp_per_floor":[80,80,80,59,59,59,17,41,41,37,37,31,35,35,60,0],"gold":56,"neow_bonus":"TRANSFORM_CARD","is_prod":false,"is_daily":false,"chose_seed":false,"campfire_upgraded":1,"win_rate":0,"timestamp":1558990700,"path_taken":["M","M","M","M","M","R","E","R","T","E","?","M","M","$","R","BOSS"],"build_version":"2019-01-23","purchased_purges":0,"victory":false,"max_hp_per_floor":[80,80,80,80,80,80,80,80,80,80,80,83,86,86,86,86],"card_choices":[{"not_picked":["Warcry","Second Wind"],"picked":"Rupture","floor":1},{"not_picked":["Twin Strike","Warcry"],"picked":"Pommel Strike","floor":2},{"not_picked":["Warcry","Rage","Perfected Strike"],"picked":"SKIP","floor":3},{"not_picked":["Pummel","Blood for Blood"],"picked":"Iron Wave","floor":4},{"not_picked":["Heavy Blade","Anger"],"picked":"Iron Wave","floor":5},{"not_picked":["Pommel Strike","Cleave"],"picked":"Sentinel","floor":7},{"not_picked":["Cleave","Sentinel","Intimidate"],"picked":"SKIP","floor":10},{"not_picked":["Armaments","Feel No Pain"],"picked":"Rampage","floor":12},{"not_picked":["Clash","Seeing Red"],"picked":"Uppercut","floor":13}],"player_experience":334858,"relics_obtained":[{"floor":7,"key":"Du-Vu Doll"},{"floor":9,"key":"Bag of Marbles"},{"floor":10,"key":"Tiny Chest"}],"event_choices":[{"damage_healed":0,"gold_gain":0,"cards_transformed":["Strike_R"],"player_choice":"Transformed","damage_taken":0,"max_hp_gain":0,"max_hp_loss":0,"event_name":"Transmorgrifier","floor":11,"gold_loss":0,"cards_obtained":["Feed"]}],"is_beta":false,"boss_relics":[],"items_purged_floors":[],"is_endless":false,"potions_floor_spawned":[3,5,12,13],"killed_by":"The Guardian","ascension_level":0}