{"gold_per_floor":[116,127,139,155,155,155,166,226,271,271,282,282,313,324,324,420,420,431,445,445],"floor_reached":20,"playtime":2493,"items_purged":[],"score":178,"play_id":"2cf2d6c2-1e00-450b-95b4-7db8d02a5a74","local_time":"20190211005827","is_ascension_mode":false,"campfire_choices":[{"data":"Perfected Strike","floor":6.0,"key":"SMITH"},{"data":"Bash","floor":12.0,"key":"SMITH"},{"data":"Seeing Red","floor":15.0,"key":"SMITH"}],"neow_cost":"NONE","seed_source_timestamp":0,"circlet_count":0,"master_deck":["Strike_R","Strike_R","Strike_R","Strike_R","Strike_R","Defend_R","Defend_R","Defend_R","Bash+1","Warcry","Shrug It Off","Shockwave","Perfected Strike+1","Cleave","Wild Strike","Thunderclap","Pommel Strike","Seeing Red+1","Brutality","Entrench+1","Twin Strike"],"special_seed":0,"relics":["Black Blood","Pantograph","Juzu Bracelet","Happy Flower"],"potions_floor_usage":[],"damage_taken":[{"damage":8.0,"enemies":"2 Louse","floor":1.0,"turns":3.0},{"damage":7.0,"enemies":"Jaw Worm","floor":2.0,"turns":4.0},{"damage":14.0,"enemies":"Small Slimes","floor":3.0,"turns":4.0},{"damage":4.0,"enemies":"Exordium Wildlife","floor":4.0,"turns":4.0},{"damage":0.0,"enemies":"Large Slime","floor":7.0,"turns":5.0},{"damage":20.0,"enemies":"3 Sentries","floor":8.0,"turns":8.0},{"damage":19.0,"enemies":"Exordium Thugs","floor":11.0,"turns":4.0},{"damage":21.0,"enemies":"Lagavulin","floor":13.0,"turns":6.0},{"damage":0.0,"enemies":"Gremlin Gang","floor":14.0,"turns":3.0},{"damage":51,"enemies":"The Guardian","floor":16,"turns":9},{"damage":30,"enemies":"Spheric Guardian","floor":18,"turns":4},{"damage":20,"enemies":"2 Thieves","floor":19,"turns":4},{"damage":60,"enemies":"Shelled Parasite and Fungi","floor":20,"turns":6}],"seed_played":"-8087106293531549852","potions_obtained":[{"floor":3.0,"key":"Weak Potion"},{"floor":7.0,"key":"Swift Potion"},{"floor":8.0,"key":"LiquidBronze"}],"is_trial":false,"path_per_floor":["M","M","M","M","$","R","M","?","T","?","M","R","E","M","R","B",null,"M","M","M"],"character_chosen":"IRONCLAD","items_purchased":[],"campfire_rested":0,"item_purchase_floors":[],"current_hp_per_floor":[78,77,69,71,71,71,77,63,63,68,55,55,40,46,46,26,85,65,55,0],"gold":445,"neow_bonus":"TRANSFORM_CARD","is_prod":false,"is_daily":false,"chose_seed":false,"campfire_upgraded":3,"win_rate":0,"timestamp":1549871907,"path_taken":["M","M","M","M","$","R","M","?","T","?","M","R","E","M","R","BOSS","M","M","M"],"build_version":"2019-01-23","purchased_purges":0,"victory":false,"max_hp_per_floor":[80,80,80,80,80,80,80,80,80,85,85,85,85,85,85,85,85,85,85,85],"card_choices":[{"not_picked":["Fire Breathing","Power Through"],"picked":"Shrug It Off","floor":1.0},{"not_picked":["Carnage","Havoc"],"picked":"Shockwave","floor":2.0},{"not_picked":["Flex","Armaments"],"picked":"Perfected Strike","floor":3.0},{"not_picked":["True Grit","Carnage"],"picked":"Cleave","floor":4.0},{"not_picked":["Shrug It Off","Metallicize"],"picked":"Wild Strike","floor":7.0},{"not_picked":["Armaments","Warcry"],"picked":"Thunderclap","floor":8.0},{"not_picked":["Juggernaut","Clash"],"picked":"Pommel Strike","floor":11.0},{"not_picked":["Flex","Twin Strike"],"picked":"Seeing Red","floor":13.0},{"not_picked":["Anger","Blood for Blood","Metallicize"],"picked":"SKIP","floor":14.0},{"not_picked":["Fiend Fire","Berserk"],"picked":"Brutality","floor":16},{"not_picked":["Headbutt","Battle Trance"],"picked":"Entrench+1","floor":18},{"not_picked":["Carnage+1","Clash"],"picked":"Twin Strike","floor":19}],"player_experience":12475,"relics_obtained":[{"floor":8.0,"key":"Pantograph"},{"floor":9.0,"key":"Juzu Bracelet"},{"floor":13.0,"key":"Happy Flower"}],"event_choices":[{"damage_healed":0.0,"max_hp_gain":0.0,"max_hp_loss":0.0,"gold_gain":0.0,"event_name":"Dead Adventurer","player_choice":"Searched \u00272\u0027 times","floor":8.0,"gold_loss":0.0,"damage_taken":0.0},{"damage_healed":0.0,"max_hp_gain":5.0,"max_hp_loss":0.0,"gold_gain":0.0,"event_name":"Big Fish","player_choice":"Donut","floor":10.0,"gold_loss":0.0,"damage_taken":0.0}],"is_beta":false,"boss_relics":[{"not_picked":["Fusion Hammer","Runic Dome"],"picked":"Black Blood"}],"items_purged_floors":[],"is_endless":false,"potions_floor_spawned":[3,7,8,11,13],"killed_by":"Shelled Parasite and Fungi","ascension_level":0}