{"gold_per_floor":[109,126,137,137,148,148,182,182,182,212,212,212,212,82,82,82],"floor_reached":16,"playtime":623,"items_purged":["Strike_R"],"score":261,"play_id":"3729c269-550e-4e7e-bf3b-12ef1e1b565f","local_time":"20190501215851","is_ascension_mode":true,"campfire_choices":[{"data":"Exhume","floor":6,"key":"SMITH"},{"data":"True Grit","floor":8,"key":"SMITH"},{"floor":13,"key":"REST"},{"data":"Twin Strike","floor":15,"key":"SMITH"}],"neow_cost":"NONE","seed_source_timestamp":0,"circlet_count":0,"master_deck":["AscendersBane","Strike_R","Strike_R","Strike_R+1","Defend_R","Defend_R+1","Defend_R","Defend_R","Bash+1","Exhume+1","Sword Boomerang","Headbutt","Twin Strike+1","Reaper+1","True Grit+1","Shrug It Off","Battle Trance"],"special_seed":0,"relics":["Burning Blood","Whetstone","Smiling Mask","Blue Candle"],"potions_floor_usage":[7,16,16],"damage_taken":[{"damage":17,"enemies":"Jaw Worm","floor":1,"turns":8},{"damage":10,"enemies":"2 Louse","floor":2,"turns":3},{"damage":0,"enemies":"Small Slimes","floor":3,"turns":3},{"damage":16,"enemies":"Blue Slaver","floor":5,"turns":4},{"damage":25,"enemies":"Lagavulin","floor":7,"turns":6},{"damage":47,"enemies":"3 Sentries","floor":10,"turns":12},{"damage":61,"enemies":"Slime Boss","floor":16,"turns":13}],"seed_played":"-7435088077733931022","potions_obtained":[{"floor":1,"key":"PowerPotion"},{"floor":5,"key":"GamblersBrew"},{"floor":10,"key":"Poison Potion"}],"is_trial":false,"path_per_floor":["M","M","M","?","M","R","E","R","T","E","?","?","R","$","R","B"],"character_chosen":"IRONCLAD","items_purchased":["Battle Trance"],"campfire_rested":1,"item_purchase_floors":[14],"current_hp_per_floor":[61,57,63,56,46,46,49,49,49,33,17,17,41,41,41,0],"gold":82,"neow_bonus":"ONE_RANDOM_RARE_CARD","is_prod":false,"is_daily":false,"chose_seed":false,"campfire_upgraded":3,"win_rate":0,"timestamp":1556765931,"path_taken":["M","M","M","?","M","R","E","R","T","E","?","?","R","?","R","BOSS"],"build_version":"2019-01-23","purchased_purges":1,"victory":false,"max_hp_per_floor":[80,80,80,80,80,80,80,80,80,80,80,80,80,80,80,80],"card_choices":[{"not_picked":["Inflame","Warcry"],"picked":"Sword Boomerang","floor":1},{"not_picked":["Perfected Strike","Ghostly Armor"],"picked":"Headbutt","floor":2},{"not_picked":["Bloodletting","Sentinel"],"picked":"Twin Strike","floor":3},{"not_picked":["Combust","Whirlwind"],"picked":"Reaper","floor":5},{"not_picked":["Infernal Blade","Twin Strike"],"picked":"True Grit","floor":7},{"not_picked":["Blood for Blood","Sentinel"],"picked":"Shrug It Off","floor":10}],"player_experience":358729,"relics_obtained":[{"floor":7,"key":"Whetstone"},{"floor":9,"key":"Smiling Mask"},{"floor":10,"key":"Blue Candle"}],"event_choices":[{"cards_removed":["Strike_R"],"damage_healed":0,"gold_gain":0,"player_choice":"Card Removal","damage_taken":7,"max_hp_gain":0,"max_hp_loss":0,"event_name":"Golden Wing","floor":4,"gold_loss":0},{"damage_healed":0,"gold_gain":0,"player_choice":"Entered Light","damage_taken":16,"max_hp_gain":0,"max_hp_loss":0,"event_name":"Shining Light","floor":11,"gold_loss":0,"cards_upgraded":["Defend_R","Bash"]},{"damage_healed":0,"gold_gain":0,"player_choice":"Ignored","damage_taken":0,"max_hp_gain":0,"max_hp_loss":0,"event_name":"Liars Game","floor":12,"gold_loss":0}],"is_beta":false,"boss_relics":[],"items_purged_floors":[14],"is_endless":false,"potions_floor_spawned":[1,5,10],"killed_by":"Slime Boss","ascension_level":13}