{"gold_per_floor":[119,69,0,13,13,48,48,64,64,64,93,93,93,106,106,106],"floor_reached":16,"playtime":546,"items_purged":[],"score":167,"play_id":"ec4798b7-09ca-4774-a43a-f4e8818a14df","local_time":"20190426135120","is_ascension_mode":true,"campfire_choices":[{"floor":7,"key":"REST"},{"data":"Finisher","floor":10,"key":"SMITH"},{"data":"Poisoned Stab","floor":15,"key":"SMITH"}],"neow_cost":"NONE","seed_source_timestamp":1384117025785749,"circlet_count":0,"master_deck":["AscendersBane","Defend_G","Defend_G","Defend_G","Defend_G","Defend_G","Strike_G","Strike_G","Strike_G","Survivor+1","Neutralize","Finisher+1","Well Laid Plans+1","Dagger Spray","All Out Attack","Escape Plan+1","Poisoned Stab+1","Bullet Time"],"relics":["Ring of the Snake","Bottled Tornado","The Courier","Orichalcum"],"potions_floor_usage":[6,16],"damage_taken":[{"damage":0,"enemies":"2 Louse","floor":1,"turns":3},{"damage":11,"enemies":"Small Slimes","floor":4,"turns":6},{"damage":27,"enemies":"Lagavulin","floor":6,"turns":10},{"damage":1,"enemies":"Cultist","floor":8,"turns":3},{"damage":22,"enemies":"3 Sentries","floor":11,"turns":7},{"damage":0,"enemies":"Red Slaver","floor":14,"turns":3},{"damage":16,"enemies":"Hexaghost","floor":16,"turns":10}],"seed_played":"2162739893722498488","potions_obtained":[{"floor":1,"key":"FearPotion"},{"floor":11,"key":"PowerPotion"},{"floor":14,"key":"Explosive Potion"}],"is_trial":false,"path_per_floor":["M","?","$","M","?","E","R","M","T","R","E","?","?","M","R","B"],"character_chosen":"THE_SILENT","items_purchased":["Well Laid Plans"],"campfire_rested":1,"item_purchase_floors":[3],"current_hp_per_floor":[63,63,63,52,45,18,39,38,38,38,16,16,16,16,16,0],"gold":106,"neow_bonus":"UPGRADE_CARD","is_prod":false,"is_daily":false,"chose_seed":false,"campfire_upgraded":2,"win_rate":0,"timestamp":1556304680,"path_taken":["M","?","$","M","?","E","R","M","T","R","E","?","?","M","R","BOSS"],"build_version":"2019-01-23","purchased_purges":0,"victory":false,"max_hp_per_floor":[70,70,70,70,70,70,70,70,70,70,70,70,70,70,70,70],"card_choices":[{"not_picked":["Outmaneuver","Bane"],"picked":"Finisher","floor":1},{"not_picked":["Setup","Slice"],"picked":"Dagger Spray","floor":4},{"not_picked":["Finisher","Concentrate"],"picked":"All Out Attack","floor":6},{"not_picked":["Expertise","Endless Agony"],"picked":"Escape Plan","floor":8},{"not_picked":["Quick Slash","Dagger Throw"],"picked":"Poisoned Stab","floor":11},{"not_picked":["Riddle With Holes","Dash"],"picked":"Bullet Time","floor":14}],"player_experience":326948,"relics_obtained":[{"floor":6,"key":"Bottled Tornado"},{"floor":9,"key":"The Courier"},{"floor":11,"key":"Orichalcum"}],"event_choices":[{"cards_removed":["Strike_G"],"damage_healed":0,"gold_gain":0,"player_choice":"Card Removal","damage_taken":0,"max_hp_gain":0,"max_hp_loss":0,"event_name":"The Cleric","floor":2,"gold_loss":50},{"cards_removed":["Strike_G"],"damage_healed":0,"gold_gain":0,"player_choice":"Card Removal","damage_taken":7,"max_hp_gain":0,"max_hp_loss":0,"event_name":"Golden Wing","floor":5,"gold_loss":0},{"damage_healed":0,"gold_gain":0,"player_choice":"Grow","damage_taken":0,"max_hp_gain":0,"max_hp_loss":0,"event_name":"Living Wall","floor":12,"gold_loss":0,"cards_upgraded":["Well Laid Plans"]},{"damage_healed":0,"gold_gain":0,"player_choice":"Forge","damage_taken":0,"max_hp_gain":0,"max_hp_loss":0,"event_name":"Accursed Blacksmith","floor":13,"gold_loss":0,"cards_upgraded":["Escape Plan"]}],"is_beta":false,"boss_relics":[],"items_purged_floors":[],"is_endless":false,"potions_floor_spawned":[1,11,14],"killed_by":"Hexaghost","ascension_level":11}