{"gold_per_floor":[369,386,57,57,70,70,102,102,126,146,146,146,146,111,111,212,212,230,242,242,256,171,197,197,208,208,208,208,239,189,35,35,35],"floor_reached":33,"playtime":1093,"items_purged":["Regret","Well Laid Plans+1"],"score":311,"play_id":"00ca7adf-ab16-485a-8b47-6e2f3bd90301","local_time":"20190318022713","is_ascension_mode":true,"campfire_choices":[{"data":"Crippling Poison","floor":6,"key":"SMITH"},{"data":"Well Laid Plans","floor":8,"key":"SMITH"},{"floor":11,"key":"REST"},{"data":"Bouncing Flask","floor":15,"key":"SMITH"},{"floor":27,"key":"REST"},{"floor":32,"key":"REST"}],"neow_cost":"CURSE","seed_source_timestamp":93591597286688,"circlet_count":0,"master_deck":["Defend_G","Defend_G","Defend_G","Defend_G","Defend_G","Strike_G","Strike_G","Strike_G","Strike_G","Survivor","Neutralize","Deadly Poison","Crippling Poison+1","Flying Knee","Bouncing Flask+1","Backflip+1","Corpse Explosion","Dodge and Roll+1","PiercingWail","Acrobatics"],"relics":["Ring of the Snake","OrangePellets","Juzu Bracelet","PreservedInsect","Blood Vial","Runic Pyramid","Bronze Scales","Calipers","Dodecahedron","Regal Pillow"],"potions_floor_usage":[24,33],"damage_taken":[{"damage":13,"enemies":"2 Louse","floor":1,"turns":4},{"damage":4,"enemies":"Cultist","floor":2,"turns":3},{"damage":4,"enemies":"Jaw Worm","floor":5,"turns":4},{"damage":25,"enemies":"3 Sentries","floor":7,"turns":9},{"damage":9,"enemies":"Blue Slaver","floor":10,"turns":4},{"damage":7,"enemies":"The Guardian","floor":16,"turns":7},{"damage":0,"enemies":"Chosen","floor":18,"turns":4},{"damage":4,"enemies":"Shell Parasite","floor":19,"turns":5},{"damage":48,"enemies":"Sentry and Sphere","floor":21,"turns":6},{"damage":6,"enemies":"Gremlin Leader","floor":23,"turns":5},{"damage":0,"enemies":"Centurion and Healer","floor":24,"turns":1},{"damage":14,"enemies":"Snake Plant","floor":25,"turns":4},{"damage":16,"enemies":"Book of Stabbing","floor":29,"turns":5},{"damage":64,"enemies":"Automaton","floor":33,"turns":12}],"seed_played":"-6882670677716652791","potions_obtained":[{"floor":1,"key":"Poison Potion"},{"floor":7,"key":"Ancient Potion"},{"floor":19,"key":"EssenceOfSteel"},{"floor":21,"key":"FearPotion"},{"floor":23,"key":"SmokeBomb"},{"floor":25,"key":"GhostInAJar"}],"is_trial":false,"path_per_floor":["M","M","$","?","M","R","E","R","T","M","R","?","?","?","R","B",null,"M","M","?","M","?","E","M","M","T","R","?","E","?","$","R","B"],"character_chosen":"THE_SILENT","items_purchased":["OrangePellets","Flying Knee","Acrobatics"],"campfire_rested":3,"item_purchase_floors":[3,3,31],"current_hp_per_floor":[57,53,53,53,49,49,24,24,24,17,38,38,31,48,48,43,70,70,66,66,20,20,16,18,6,6,27,27,13,13,13,49,0],"gold":35,"neow_bonus":"TWO_FIFTY_GOLD","is_prod":false,"is_daily":false,"chose_seed":false,"campfire_upgraded":3,"win_rate":0,"timestamp":1552894033,"path_taken":["M","M","$","?","M","R","E","R","T","M","R","?","?","?","R","BOSS","M","M","?","M","?","E","M","M","T","R","?","E","?","$","R","BOSS"],"build_version":"2019-01-23","purchased_purges":2,"victory":false,"max_hp_per_floor":[70,70,70,70,70,70,70,70,70,70,70,70,70,70,70,70,70,70,70,70,70,70,70,70,70,70,70,70,70,70,70,70,70],"card_choices":[{"not_picked":["Acrobatics","Slice"],"picked":"Deadly Poison","floor":1},{"not_picked":["Backstab","Blade Dance"],"picked":"Crippling Poison","floor":2},{"not_picked":["Masterful Stab","Deadly Poison"],"picked":"Bouncing Flask","floor":5},{"not_picked":["Outmaneuver","Leg Sweep"],"picked":"Well Laid Plans","floor":7},{"not_picked":["Outmaneuver","Flying Knee"],"picked":"Backflip","floor":10},{"not_picked":["Adrenaline","Glass Knife"],"picked":"Corpse Explosion","floor":16},{"not_picked":["Leg Sweep","Underhanded Strike"],"picked":"Dodge and Roll+1","floor":18},{"not_picked":["Dodge and Roll+1","Skewer","All Out Attack"],"picked":"SKIP","floor":19},{"not_picked":["Masterful Stab","Dagger Spray","Reflex+1"],"picked":"SKIP","floor":21},{"not_picked":["Flying Knee","Phantasmal Killer","Prepared"],"picked":"SKIP","floor":23},{"not_picked":["Blade Dance","Expertise","Quick Slash"],"picked":"SKIP","floor":25},{"not_picked":["Envenom","Masterful Stab","Dagger Spray"],"picked":"SKIP","floor":29}],"player_experience":217122,"relics_obtained":[{"floor":7,"key":"PreservedInsect"},{"floor":9,"key":"Blood Vial"},{"floor":23,"key":"Calipers"},{"floor":26,"key":"Dodecahedron"},{"floor":29,"key":"Regal Pillow"}],"event_choices":[{"damage_healed":0,"gold_gain":0,"player_choice":"Gave Potion","damage_taken":0,"relics_obtained":["Juzu Bracelet"],"max_hp_gain":0,"max_hp_loss":0,"event_name":"WeMeetAgain","floor":4,"gold_loss":0},{"damage_healed":0,"gold_gain":0,"player_choice":"Grow","damage_taken":0,"max_hp_gain":0,"max_hp_loss":0,"event_name":"Living Wall","floor":12,"gold_loss":0,"cards_upgraded":["Backflip"]},{"cards_removed":["Strike_G"],"damage_healed":0,"gold_gain":0,"player_choice":"Card Removal","damage_taken":7,"max_hp_gain":0,"max_hp_loss":0,"event_name":"Golden Wing","floor":13,"gold_loss":0},{"damage_healed":17,"gold_gain":0,"player_choice":"Healed","damage_taken":0,"max_hp_gain":0,"max_hp_loss":0,"event_name":"The Cleric","floor":14,"gold_loss":35},{"damage_healed":0,"gold_gain":0,"player_choice":"Ignored","damage_taken":0,"max_hp_gain":0,"max_hp_loss":0,"event_name":"N\u0027loth","floor":20,"gold_loss":0},{"damage_healed":0,"gold_gain":0,"player_choice":"Obtained Relic","damage_taken":0,"relics_obtained":["Bronze Scales"],"max_hp_gain":0,"max_hp_loss":0,"event_name":"Addict","floor":22,"gold_loss":85},{"damage_healed":0,"gold_gain":0,"player_choice":"1 cards matched","damage_taken":0,"max_hp_gain":0,"max_hp_loss":0,"event_name":"Match and Keep!","floor":28,"gold_loss":0,"cards_obtained":["PiercingWail"]},{"damage_healed":0,"gold_gain":0,"player_choice":"Bet on Owner","damage_taken":0,"max_hp_gain":0,"max_hp_loss":0,"event_name":"The Joust","floor":30,"gold_loss":50}],"is_beta":false,"boss_relics":[{"not_picked":["White Beast Statue","Runic Dome"],"picked":"Runic Pyramid"}],"items_purged_floors":[3,31],"is_endless":false,"potions_floor_spawned":[1,7,19,21,23,25,29],"killed_by":"Automaton","ascension_level":2}