{"gold_per_floor":[109,129,2,12,31,65,83,83,132,132,161,171,171,187,187,266,266,286,300,324,324,38,38,71,171,201,201,201,201],"floor_reached":29,"playtime":961,"items_purged":["Strike_B","Strike_B+1"],"score":606,"play_id":"5cc91918-0cb9-4c96-a8b2-b1664b7a99ec","local_time":"20190526233121","is_ascension_mode":true,"campfire_choices":[{"floor":10,"key":"REST"},{"data":"Zap","floor":15,"key":"SMITH"},{"floor":23,"key":"REST"},{"floor":27,"key":"REST"}],"neow_cost":"NONE","seed_source_timestamp":494273620113254,"circlet_count":0,"master_deck":["AscendersBane","Strike_B+1","Defend_B+1","Defend_B+1","Defend_B+1","Defend_B+1","Zap+1","Dualcast+1","Gash","Beam Cell","Hologram+1","Cold Snap","Go for the Eyes","Self Repair+1","All For One","Clumsy","Leap","FTL","Parasite","Beam Cell","Fission+1","Hologram+1","Conserve Battery+1","Doubt","Good Instincts+1","Steam+1","Conserve Battery+1","Gash","Redo+1","Doubt","Injury"],"relics":["Cursed Key","Frozen Egg 2","War Paint","Bottled Tornado","Toxic Egg 2","Runic Pyramid","Blood Vial","Juzu Bracelet","Torii","Blue Candle","Tiny Chest","Meat on the Bone"],"potions_floor_usage":[11,16,19,24],"damage_taken":[{"damage":0,"enemies":"2 Louse","floor":1,"turns":2},{"damage":1,"enemies":"Cultist","floor":2,"turns":4},{"damage":4,"enemies":"Jaw Worm","floor":4,"turns":3},{"damage":4,"enemies":"Blue Slaver","floor":5,"turns":5},{"damage":37,"enemies":"3 Sentries","floor":6,"turns":12},{"damage":3,"enemies":"Looter","floor":7,"turns":3},{"damage":33,"enemies":"Gremlin Nob","floor":11,"turns":4},{"damage":9,"enemies":"Red Slaver","floor":12,"turns":4},{"damage":0,"enemies":"2 Fungi Beasts","floor":14,"turns":3},{"damage":31,"enemies":"Slime Boss","floor":16,"turns":12},{"damage":26,"enemies":"Spheric Guardian","floor":18,"turns":6},{"damage":15,"enemies":"2 Thieves","floor":19,"turns":3},{"damage":10,"enemies":"Slavers","floor":24,"turns":4},{"damage":22,"enemies":"Colosseum Slavers","floor":25,"turns":5},{"damage":43,"enemies":"Colosseum Nobs","floor":25,"turns":5},{"damage":46,"enemies":"Chosen and Byrds","floor":29,"turns":9}],"seed_played":"28576374813451152","potions_obtained":[{"floor":6,"key":"SkillPotion"},{"floor":7,"key":"SneckoOil"},{"floor":11,"key":"Poison Potion"},{"floor":16,"key":"Ancient Potion"},{"floor":19,"key":"PowerPotion"}],"is_trial":false,"path_per_floor":["M","M","$","M","M","E","M","?","T","R","E","M","T","M","R","B",null,"M","M","T","?","$","R","E","?","T","R","T","M"],"character_chosen":"DEFECT","items_purchased":["Hologram","Good Instincts+1","Steam+1","Conserve Battery+1"],"campfire_rested":3,"item_purchase_floors":[3,22,22,22],"current_hp_per_floor":[64,63,63,59,55,18,25,25,25,46,23,24,24,34,34,13,57,41,36,36,36,36,57,59,18,18,39,39,0],"gold":201,"neow_bonus":"BOSS_RELIC","is_prod":false,"is_daily":false,"chose_seed":false,"campfire_upgraded":1,"win_rate":0,"timestamp":1558931481,"path_taken":["M","M","$","M","M","E","M","?","T","R","E","?","?","M","R","BOSS","M","?","?","?","$","R","E","?","T","R","?","M"],"build_version":"2019-01-23","purchased_purges":2,"victory":false,"max_hp_per_floor":[71,71,71,71,71,71,71,71,71,71,71,71,71,71,71,71,71,71,71,71,71,71,71,71,71,71,71,71,71],"card_choices":[{"not_picked":["Static Discharge","Streamline"],"picked":"Gash","floor":1},{"not_picked":["Steam","Capacitor"],"picked":"Beam Cell","floor":2},{"not_picked":["Capacitor","Streamline"],"picked":"Cold Snap","floor":4},{"not_picked":["Compile Driver","Ball Lightning"],"picked":"Go for the Eyes","floor":5},{"not_picked":["Conserve Battery","Leap"],"picked":"Self Repair","floor":6},{"not_picked":["Beam Cell","Steam"],"picked":"All For One","floor":7},{"not_picked":["Lockon","Ball Lightning"],"picked":"Leap","floor":11},{"not_picked":["Conserve Battery","Chill"],"picked":"FTL","floor":12},{"not_picked":["Recycle+1","Heatsinks+1"],"picked":"Beam Cell","floor":14},{"not_picked":["Thunder Strike","Hyperbeam"],"picked":"Fission+1","floor":16},{"not_picked":["Cold Snap","FTL"],"picked":"Hologram+1","floor":18},{"not_picked":["Cold Snap","Ball Lightning+1"],"picked":"Conserve Battery+1","floor":19},{"not_picked":["Conserve Battery+1","BootSequence+1"],"picked":"Gash","floor":24},{"not_picked":["Conserve Battery+1","Loop+1"],"picked":"Redo+1","floor":25}],"player_experience":464288,"relics_obtained":[{"floor":6,"key":"Frozen Egg 2"},{"floor":9,"key":"War Paint"},{"floor":11,"key":"Bottled Tornado"},{"floor":13,"key":"Toxic Egg 2"},{"floor":20,"key":"Blood Vial"},{"floor":24,"key":"Juzu Bracelet"},{"floor":25,"key":"Torii"},{"floor":25,"key":"Blue Candle"},{"floor":26,"key":"Tiny Chest"},{"floor":28,"key":"Meat on the Bone"}],"event_choices":[{"cards_removed":["Strike_B"],"damage_healed":0,"gold_gain":0,"player_choice":"Offered Basic","damage_taken":0,"max_hp_gain":0,"max_hp_loss":0,"event_name":"Bonfire Elementals","floor":8,"gold_loss":0},{"damage_healed":0,"gold_gain":0,"player_choice":"Simplicity","damage_taken":0,"max_hp_gain":0,"max_hp_loss":0,"event_name":"Back to Basics","floor":21,"gold_loss":0,"cards_upgraded":["Strike_B","Strike_B","Defend_B","Defend_B","Defend_B","Defend_B"]},{"damage_healed":0,"gold_gain":0,"player_choice":"Fight","damage_taken":0,"max_hp_gain":0,"max_hp_loss":0,"event_name":"Colosseum","floor":25,"gold_loss":0},{"damage_healed":0,"gold_gain":0,"player_choice":"Fought Nobs","damage_taken":0,"max_hp_gain":0,"max_hp_loss":0,"event_name":"Colosseum","floor":25,"gold_loss":0}],"is_beta":false,"boss_relics":[{"not_picked":["Busted Crown","Ectoplasm"],"picked":"Runic Pyramid"}],"items_purged_floors":[3,22],"is_endless":false,"potions_floor_spawned":[6,7,11,16,19,25],"killed_by":"Chosen and Byrds","ascension_level":20}