{"gold_per_floor":[112,287,305,323,0,35,35,62,62,80,80,96,96,112,112,112],"floor_reached":16,"playtime":659,"items_purged":["Doubt"],"score":112,"play_id":"7fdc2814-1d37-4f80-aa1d-2f57d5d640e6","local_time":"20190528003832","is_ascension_mode":false,"campfire_choices":[{"floor":7,"key":"REST"},{"data":"Predator","floor":11,"key":"SMITH"},{"floor":15,"key":"REST"}],"neow_cost":"TEN_PERCENT_HP_LOSS","seed_source_timestamp":21318420119965,"circlet_count":0,"master_deck":["Defend_G","Defend_G","Defend_G","Defend_G","Defend_G","Strike_G","Strike_G","Strike_G","Strike_G","Strike_G","Survivor","Neutralize","After Image","Predator+1","Blade Dance","All Out Attack","Sucker Punch+1","Bullet Time","Terror","Accuracy","Dagger Throw+1"],"relics":["Ring of the Snake","Molten Egg 2","FossilizedHelix","Question Card","Gambling Chip"],"potions_floor_usage":[14],"damage_taken":[{"damage":4,"enemies":"Jaw Worm","floor":1,"turns":7},{"damage":2,"enemies":"Small Slimes","floor":3,"turns":4},{"damage":0,"enemies":"Cultist","floor":4,"turns":3},{"damage":35,"enemies":"3 Sentries","floor":6,"turns":6},{"damage":9,"enemies":"Gremlin Nob","floor":8,"turns":4},{"damage":0,"enemies":"Blue Slaver","floor":10,"turns":4},{"damage":0,"enemies":"Looter","floor":12,"turns":4},{"damage":0,"enemies":"Gremlin Gang","floor":14,"turns":3},{"damage":56,"enemies":"The Guardian","floor":16,"turns":10}],"seed_played":"-2194175571446594469","potions_obtained":[{"floor":3,"key":"Swift Potion"},{"floor":6,"key":"GhostInAJar"},{"floor":10,"key":"AttackPotion"},{"floor":12,"key":"Fruit Juice"},{"floor":13,"key":"Ancient Potion"},{"floor":14,"key":"Explosive Potion"}],"is_trial":false,"path_per_floor":["M","?","M","M","$","E","R","E","T","M","R","M","?","M","R","B"],"character_chosen":"THE_SILENT","items_purchased":["Molten Egg 2"],"campfire_rested":2,"item_purchase_floors":[5],"current_hp_per_floor":[59,59,57,57,57,22,40,31,31,31,31,31,31,36,56,0],"gold":112,"neow_bonus":"THREE_RARE_CARDS","is_prod":false,"is_daily":false,"chose_seed":false,"campfire_upgraded":1,"win_rate":0,"timestamp":1559029112,"path_taken":["M","?","M","M","$","E","R","E","T","M","R","M","?","M","R","BOSS"],"build_version":"2019-01-23","purchased_purges":1,"victory":false,"max_hp_per_floor":[63,63,63,63,63,63,63,63,63,63,63,63,63,68,68,68],"card_choices":[{"not_picked":["Adrenaline","Tools of the Trade"],"picked":"After Image","floor":0},{"not_picked":["Acrobatics","Slice"],"picked":"Predator","floor":1},{"not_picked":["Reflex","Backflip"],"picked":"Blade Dance","floor":3},{"not_picked":["Blade Dance","Acrobatics"],"picked":"All Out Attack","floor":4},{"not_picked":["Terror","Outmaneuver"],"picked":"Sucker Punch+1","floor":6},{"not_picked":["Concentrate","Doppelganger"],"picked":"Bullet Time","floor":8},{"not_picked":["Prepared","Underhanded Strike+1","Outmaneuver"],"picked":"Terror","floor":10},{"not_picked":["Underhanded Strike+1","Blade Dance","Acrobatics"],"picked":"Accuracy","floor":12},{"not_picked":["Acrobatics","Cloak And Dagger","Quick Slash+1"],"picked":"Dagger Throw+1","floor":14}],"player_experience":348871,"relics_obtained":[{"floor":6,"key":"FossilizedHelix"},{"floor":8,"key":"Question Card"},{"floor":9,"key":"Gambling Chip"}],"event_choices":[{"damage_healed":0,"gold_gain":175,"player_choice":"AGREE","damage_taken":0,"max_hp_gain":0,"max_hp_loss":0,"event_name":"Liars Game","floor":2,"gold_loss":0,"cards_obtained":["Doubt"]},{"damage_healed":0,"gold_gain":0,"player_choice":"Got Potions","damage_taken":0,"max_hp_gain":0,"max_hp_loss":0,"event_name":"Lab","floor":13,"gold_loss":0}],"is_beta":false,"boss_relics":[],"items_purged_floors":[5],"is_endless":false,"potions_floor_spawned":[3,6,10,12,14],"killed_by":"The Guardian","ascension_level":0}