{"gold_per_floor":[116,116,266,23,23,23,54,77,77,96,96,111,129,157,157,228,228,243,84,84,84,100,100,135,151,151,151,201,17,47,47,47,47],"floor_reached":33,"playtime":976,"items_purged":["Doubt","Strike_B"],"score":565,"play_id":"f983355e-3361-41de-bb7c-1754ce26afd3","local_time":"20190512190952","is_ascension_mode":true,"campfire_choices":[{"floor":6,"key":"REST"},{"data":"Zap","floor":11,"key":"SMITH"},{"data":"Loop","floor":15,"key":"SMITH"},{"floor":23,"key":"REST"},{"floor":27,"key":"REST"},{"floor":32,"key":"REST"}],"neow_cost":"NONE","seed_source_timestamp":1308318210152061,"circlet_count":0,"master_deck":["AscendersBane","Strike_B","Strike_B","Strike_B","Defend_B","Defend_B","Defend_B+1","Defend_B","Zap+1","Dualcast","Capacitor+1","Barrage","Loop+1","Hologram","Rebound","Coolheaded","Rainbow","Leap","Necronomicurse","Leap","Regret","Flash of Steel","Static Discharge","Cold Snap+1"],"relics":["Cracked Core","Vajra","DataDisk","Gambling Chip","Potion Belt","Mango","Torii","Cursed Key","Necronomicon","PreservedInsect","Blood Vial","Bag of Marbles"],"potions_floor_usage":[16,25,33],"damage_taken":[{"damage":0,"enemies":"Jaw Worm","floor":1,"turns":3},{"damage":24,"enemies":"3 Sentries","floor":7,"turns":7},{"damage":0,"enemies":"2 Louse","floor":10,"turns":3},{"damage":0,"enemies":"Cultist","floor":12,"turns":3},{"damage":6,"enemies":"3 Louse","floor":13,"turns":4},{"damage":17,"enemies":"Lagavulin","floor":14,"turns":5},{"damage":1,"enemies":"Slime Boss","floor":16,"turns":7},{"damage":2,"enemies":"3 Byrds","floor":18,"turns":4},{"damage":10,"enemies":"Shell Parasite","floor":22,"turns":6},{"damage":39,"enemies":"Slavers","floor":24,"turns":11},{"damage":1,"enemies":"3 Cultists","floor":25,"turns":5},{"damage":23,"enemies":"Book of Stabbing","floor":30,"turns":5},{"damage":63,"enemies":"Automaton","floor":33,"turns":10}],"seed_played":"-6452261501154322564","potions_obtained":[{"floor":7,"key":"Strength Potion"},{"floor":10,"key":"FearPotion"},{"floor":14,"key":"SpeedPotion"},{"floor":24,"key":"SkillPotion"}],"is_trial":false,"path_per_floor":["M","?","?","$","?","R","E","T","T","M","R","M","M","E","R","B",null,"M","$","?","?","M","R","E","M","T","R","?","$","E","$","R","B"],"character_chosen":"DEFECT","items_purchased":["DataDisk","Leap","Flash of Steel","Static Discharge"],"campfire_rested":4,"item_purchase_floors":[4,19,29,29],"current_hp_per_floor":[64,43,43,43,38,59,35,35,49,49,49,49,43,26,26,25,70,68,68,68,47,37,62,23,22,22,47,47,47,26,26,51,0],"gold":47,"neow_bonus":"RANDOM_COMMON_RELIC","is_prod":false,"is_daily":false,"chose_seed":false,"campfire_upgraded":2,"win_rate":0,"timestamp":1557706192,"path_taken":["M","?","?","$","?","R","E","?","T","?","R","M","M","E","R","BOSS","M","$","?","?","M","R","E","M","T","R","?","?","E","$","R","BOSS"],"build_version":"2019-01-23","purchased_purges":2,"victory":false,"max_hp_per_floor":[71,71,71,71,71,71,71,71,85,85,85,85,85,85,85,85,85,85,85,85,85,85,85,85,85,85,85,85,85,85,85,85,85],"card_choices":[{"not_picked":["Hologram","Genetic Algorithm"],"picked":"Capacitor","floor":1},{"not_picked":["Beam Cell","Gash"],"picked":"Barrage","floor":7},{"not_picked":["Steam","Redo"],"picked":"Loop","floor":10},{"not_picked":["Gash","Stack"],"picked":"Hologram","floor":12},{"not_picked":["Loop","Fission"],"picked":"Rebound","floor":13},{"not_picked":["Sunder","Melter"],"picked":"Coolheaded","floor":14},{"not_picked":["Fission","Reboot"],"picked":"Rainbow","floor":16},{"not_picked":["Barrage","Hologram","Streamline"],"picked":"SKIP","floor":18},{"not_picked":["Redo","Barrage","Compile Driver"],"picked":"SKIP","floor":22},{"not_picked":["Rainbow","Stack"],"picked":"Leap","floor":24},{"not_picked":["Stack","Undo","Gash"],"picked":"SKIP","floor":25},{"not_picked":["Coolheaded","Sunder"],"picked":"Cold Snap+1","floor":30}],"player_experience":406044,"relics_obtained":[{"floor":7,"key":"Gambling Chip"},{"floor":8,"key":"Potion Belt"},{"floor":9,"key":"Mango"},{"floor":14,"key":"Torii"},{"floor":21,"key":"Necronomicon"},{"floor":24,"key":"PreservedInsect"},{"floor":26,"key":"Blood Vial"},{"floor":30,"key":"Bag of Marbles"}],"event_choices":[{"damage_healed":0,"gold_gain":0,"player_choice":"Entered Light","damage_taken":21,"max_hp_gain":0,"max_hp_loss":0,"event_name":"Shining Light","floor":2,"gold_loss":0,"cards_upgraded":["Capacitor","Defend_B"]},{"damage_healed":0,"gold_gain":150,"player_choice":"AGREE","damage_taken":0,"max_hp_gain":0,"max_hp_loss":0,"event_name":"Liars Game","floor":3,"gold_loss":0,"cards_obtained":["Doubt"]},{"damage_healed":0,"gold_gain":0,"player_choice":"Fled","damage_taken":5,"max_hp_gain":0,"max_hp_loss":0,"event_name":"Scrap Ooze","floor":5,"gold_loss":0},{"damage_healed":0,"gold_gain":0,"player_choice":"Ignored","damage_taken":0,"max_hp_gain":0,"max_hp_loss":0,"event_name":"Vampires","floor":20,"gold_loss":0},{"damage_healed":0,"gold_gain":0,"player_choice":"Obtained Book","damage_taken":21,"max_hp_gain":0,"max_hp_loss":0,"event_name":"Cursed Tome","floor":21,"gold_loss":0},{"damage_healed":0,"gold_gain":50,"player_choice":"Stole From Cult","damage_taken":0,"max_hp_gain":0,"max_hp_loss":0,"event_name":"Nest","floor":28,"gold_loss":0}],"is_beta":false,"boss_relics":[{"not_picked":["Empty Cage","Pandora\u0027s Box"],"picked":"Cursed Key"}],"items_purged_floors":[4,19],"is_endless":false,"potions_floor_spawned":[7,10,14,24],"killed_by":"Automaton","ascension_level":16}