{"gold_per_floor":[113,127,147,147,159,159,84,84,84,118,135,135,163,181,181,181],"floor_reached":16,"playtime":582,"items_purged":["Strike_G"],"score":190,"play_id":"0e5301fc-dad0-4ba5-a1e9-8d4c3f3f76cd","local_time":"20190503145220","is_ascension_mode":true,"campfire_choices":[{"data":"Leg Sweep","floor":6,"key":"SMITH"},{"data":"Quick Slash","floor":8,"key":"SMITH"},{"data":"A Thousand Cuts","floor":12,"key":"SMITH"},{"data":"Predator","floor":15,"key":"SMITH"}],"neow_cost":"NONE","seed_source_timestamp":515646632606870,"circlet_count":0,"master_deck":["AscendersBane","Defend_G","Defend_G","Defend_G","Defend_G","Defend_G","Strike_G","Strike_G","Strike_G","Survivor","Neutralize","Quick Slash+1","Leg Sweep+1","Dagger Throw","Dodge and Roll","A Thousand Cuts+1","Predator+1","Adrenaline","PiercingWail"],"relics":["Ring of the Snake","Centennial Puzzle","Bag of Preparation","Bottled Flame","PreservedInsect"],"potions_floor_usage":[13,13],"damage_taken":[{"damage":0,"enemies":"Jaw Worm","floor":1,"turns":6},{"damage":3,"enemies":"Cultist","floor":2,"turns":5},{"damage":1,"enemies":"Small Slimes","floor":3,"turns":4},{"damage":1,"enemies":"3 Louse","floor":5,"turns":3},{"damage":20,"enemies":"Lagavulin","floor":10,"turns":10},{"damage":0,"enemies":"Blue Slaver","floor":11,"turns":6},{"damage":17,"enemies":"3 Sentries","floor":13,"turns":5},{"damage":0,"enemies":"Large Slime","floor":14,"turns":3},{"damage":31,"enemies":"Hexaghost","floor":16,"turns":14}],"seed_played":"-5054539910285249951","potions_obtained":[{"floor":1,"key":"Weak Potion"},{"floor":5,"key":"Explosive Potion"},{"floor":11,"key":"Regen Potion"},{"floor":14,"key":"Dexterity Potion"}],"is_trial":false,"path_per_floor":["M","M","M","?","M","R","$","R","T","E","M","R","E","M","R","B"],"character_chosen":"THE_SILENT","items_purchased":[],"campfire_rested":0,"item_purchase_floors":[],"current_hp_per_floor":[59,56,55,55,54,54,54,54,54,34,34,34,31,31,31,0],"gold":181,"neow_bonus":"RANDOM_COMMON_RELIC","is_prod":false,"is_daily":false,"chose_seed":false,"campfire_upgraded":4,"win_rate":0,"timestamp":1556913140,"path_taken":["M","M","M","?","M","R","$","R","T","E","M","R","E","?","R","BOSS"],"build_version":"2019-01-23","purchased_purges":1,"victory":false,"max_hp_per_floor":[66,66,66,66,66,66,66,66,66,66,66,66,66,66,66,66],"card_choices":[{"not_picked":["Expertise","Acrobatics"],"picked":"Quick Slash","floor":1},{"not_picked":["Prepared","Sucker Punch"],"picked":"Leg Sweep","floor":2},{"not_picked":["Quick Slash","Underhanded Strike"],"picked":"Dagger Throw","floor":3},{"not_picked":["Terror","Setup"],"picked":"Dodge and Roll","floor":5},{"not_picked":["Cloak And Dagger","Prepared"],"picked":"A Thousand Cuts","floor":10},{"not_picked":["Dagger Spray","Accuracy"],"picked":"Predator","floor":11},{"not_picked":["Cloak And Dagger","Finisher"],"picked":"Adrenaline","floor":13},{"not_picked":["Backflip","Acrobatics"],"picked":"PiercingWail","floor":14}],"player_experience":366585,"relics_obtained":[{"floor":9,"key":"Bag of Preparation"},{"floor":10,"key":"Bottled Flame"},{"floor":13,"key":"PreservedInsect"}],"event_choices":[{"cards_removed":["Strike_G"],"damage_healed":0,"gold_gain":0,"player_choice":"Purged","damage_taken":0,"max_hp_gain":0,"max_hp_loss":0,"event_name":"Purifier","floor":4,"gold_loss":0}],"is_beta":false,"boss_relics":[],"items_purged_floors":[7],"is_endless":false,"potions_floor_spawned":[1,5,11,14],"killed_by":"Hexaghost","ascension_level":14}