{"gold_per_floor":[116,66,66,81,81,81,116,46,46,65,91,91,91,117,117,215,215,225,225,242,242,242,277,277,306,386,386,45,61,11,111,111,209,209,219,245,245,161,176,207,207,207,258,275,69,69,102,118,118,118,118,118,18,52,52],"floor_reached":55,"playtime":3446,"items_purged":["Acrobatics","Strike_G","Parasite","Writhe","Strike_G"],"score":866,"play_id":"f47212f7-0657-4fb2-9893-dd28a98cf6dc","local_time":"20190221004622","is_ascension_mode":true,"campfire_choices":[{"data":"Cloak And Dagger","floor":6,"key":"SMITH"},{"data":"Infinite Blades","floor":12,"key":"SMITH"},{"data":"Distraction","floor":15,"key":"SMITH"},{"floor":24,"key":"REST"},{"floor":27,"key":"REST"},{"floor":32,"key":"RECALL"},{"data":"Reflex","floor":41,"key":"SMITH"},{"floor":46,"key":"REST"},{"data":"Footwork","floor":49,"key":"SMITH"},{"data":"Survivor","floor":52,"key":"SMITH"}],"neow_cost":"NONE","seed_source_timestamp":83582613639524,"circlet_count":0,"master_deck":["Defend_G","Defend_G","Defend_G","Defend_G","Defend_G","Strike_G","Survivor+1","Neutralize","Footwork+1","Noxious Fumes","Cloak And Dagger+1","Terror","Distraction+1","Reflex+1","Infinite Blades+1","Cloak And Dagger+1","Blur+1","Outmaneuver+1","Storm of Steel","Backstab","Noxious Fumes","Injury","Backstab+1","Footwork+1","Footwork+1"],"relics":["Ring of the Snake","NeowsBlessing","Shuriken","Smiling Mask","Bottled Lightning","Art of War","Kunai","Runic Pyramid","Nilry\u0027s Codex","Sundial","Calipers","Tiny Chest","Gambling Chip","Cursed Key","Juzu Bracelet","Bird Faced Urn","Frozen Egg 2","Ancient Tea Set","Bag of Preparation","Mercury Hourglass","Pantograph"],"potions_floor_usage":[14,14,14,16,25,40,50,54,55],"damage_taken":[{"damage":0,"enemies":"Cultist","floor":1,"turns":1},{"damage":0,"enemies":"Small Slimes","floor":4,"turns":1},{"damage":0,"enemies":"Gremlin Nob","floor":7,"turns":1},{"damage":3,"enemies":"Jaw Worm","floor":10,"turns":5},{"damage":8,"enemies":"Lagavulin","floor":11,"turns":6},{"damage":12,"enemies":"Gremlin Nob","floor":14,"turns":5},{"damage":8,"enemies":"The Guardian","floor":16,"turns":10},{"damage":7,"enemies":"3 Byrds","floor":18,"turns":6},{"damage":14,"enemies":"Spheric Guardian","floor":20,"turns":8},{"damage":6,"enemies":"Gremlin Leader","floor":23,"turns":10},{"damage":32,"enemies":"Slavers","floor":25,"turns":7},{"damage":1,"enemies":"Cultist and Chosen","floor":29,"turns":7},{"damage":0,"enemies":"Automaton","floor":33,"turns":11},{"damage":8,"enemies":"3 Shapes","floor":35,"turns":5},{"damage":8,"enemies":"3 Darklings","floor":39,"turns":5},{"damage":12,"enemies":"Reptomancer","floor":40,"turns":8},{"damage":7,"enemies":"Sphere and 2 Shapes","floor":44,"turns":6},{"damage":0,"enemies":"Giant Head","floor":47,"turns":8},{"damage":4,"enemies":"Maw","floor":48,"turns":7},{"damage":33,"enemies":"Time Eater","floor":50,"turns":13},{"damage":40,"enemies":"Shield and Spear","floor":54,"turns":9},{"damage":64,"enemies":"The Heart","floor":55,"turns":15}],"seed_played":"-4497930910947697249","potions_obtained":[{"floor":1,"key":"EssenceOfSteel"},{"floor":10,"key":"Weak Potion"},{"floor":11,"key":"Fire Potion"},{"floor":14,"key":"Regen Potion"},{"floor":18,"key":"GamblersBrew"},{"floor":23,"key":"SkillPotion"},{"floor":40,"key":"Explosive Potion"},{"floor":48,"key":"Ancient Potion"}],"is_trial":false,"path_per_floor":["M","?","?","M","T","R","E","$","T","M","E","R","?","E","R","B",null,"M","?","M","T","?","E","R","E","T","R","$","M","$","?","R","B",null,"M","T","?","$","M","E","R","T","T","M","$","R","E","M","R","B",null,"R","$","E","B"],"character_chosen":"THE_SILENT","items_purchased":["Distraction","Gambling Chip","Noxious Fumes","Bag of Preparation","Block Potion"],"campfire_rested":3,"item_purchase_floors":[8,28,38,45,53],"current_hp_per_floor":[70,70,70,70,70,70,70,70,70,67,59,59,52,40,40,47,70,63,47,33,33,33,27,48,16,16,37,37,36,36,36,36,36,70,62,62,62,62,54,42,42,42,42,43,43,61,63,63,63,38,63,63,63,25,0],"gold":52,"neow_bonus":"THREE_ENEMY_KILL","is_prod":false,"is_daily":false,"chose_seed":false,"campfire_upgraded":6,"win_rate":0,"timestamp":1550731582,"path_taken":["M","?","?","?","?","R","E","$","T","M","E","R","?","E","R","BOSS","M","?","M","?","?","E","R","E","T","R","$","M","$","?","R","BOSS","M","?","?","$","M","E","R","?","T","M","$","R","E","M","R","BOSS","R","$","E","BOSS"],"build_version":"2019-01-23","purchased_purges":5,"victory":false,"max_hp_per_floor":[70,70,70,70,70,70,70,70,70,70,70,70,70,70,70,70,70,70,70,70,70,70,70,70,70,70,70,70,70,70,70,70,70,70,70,70,66,63,63,63,63,63,63,63,63,63,63,63,63,63,63,63,63,63,63],"card_choices":[{"not_picked":["Leg Sweep","Heel Hook"],"picked":"Footwork","floor":1},{"not_picked":["Prepared","Deflect"],"picked":"Cloak And Dagger","floor":4},{"not_picked":["Bane","Finisher"],"picked":"Terror","floor":7},{"not_picked":["Terror","Cloak And Dagger"],"picked":"Reflex","floor":10},{"not_picked":["Bane","Caltrops"],"picked":"Infinite Blades","floor":11},{"not_picked":["Envenom","Masterful Stab"],"picked":"Acrobatics","floor":14},{"not_picked":["Tools of the Trade","Glass Knife"],"picked":"Malaise","floor":16},{"not_picked":["Dodge and Roll","Escape Plan"],"picked":"Cloak And Dagger+1","floor":18},{"not_picked":["Acrobatics","Flechettes"],"picked":"Blur+1","floor":20},{"not_picked":["Acrobatics","Sucker Punch"],"picked":"Outmaneuver+1","floor":23},{"not_picked":["Deadly Poison+1","Terror"],"picked":"Storm of Steel","floor":25},{"not_picked":["PiercingWail+1","Backflip"],"picked":"Backstab","floor":29},{"not_picked":["Choke+1","Prepared+1","Dodge and Roll"],"picked":"SKIP","floor":35},{"not_picked":["Slice","Dodge and Roll","Skewer+1"],"picked":"SKIP","floor":39},{"not_picked":["Skewer","Poisoned Stab+1","Catalyst"],"picked":"SKIP","floor":40},{"not_picked":["Masterful Stab+1","Backflip"],"picked":"Backstab+1","floor":44},{"not_picked":["Finisher","Quick Slash","Eviscerate+1"],"picked":"SKIP","floor":47},{"not_picked":["Slice+1","PiercingWail+1"],"picked":"Footwork+1","floor":48},{"not_picked":["Envenom+1","Expertise+1"],"picked":"Footwork+1","floor":54}],"player_experience":70525,"relics_obtained":[{"floor":5,"key":"Shuriken"},{"floor":7,"key":"Smiling Mask"},{"floor":11,"key":"Bottled Lightning"},{"floor":14,"key":"Kunai"},{"floor":19,"key":"Nilry\u0027s Codex"},{"floor":21,"key":"Sundial"},{"floor":23,"key":"Calipers"},{"floor":26,"key":"Tiny Chest"},{"floor":36,"key":"Juzu Bracelet"},{"floor":40,"key":"Bird Faced Urn"},{"floor":42,"key":"Frozen Egg 2"},{"floor":43,"key":"Ancient Tea Set"},{"floor":47,"key":"Mercury Hourglass"},{"floor":54,"key":"Pantograph"}],"event_choices":[{"cards_removed":["Strike_G"],"damage_healed":0,"gold_gain":0,"player_choice":"Card Removal","damage_taken":0,"max_hp_gain":0,"max_hp_loss":0,"event_name":"The Cleric","floor":2,"gold_loss":50},{"damage_healed":0,"gold_gain":0,"cards_transformed":["Strike_G"],"player_choice":"Transformed","damage_taken":0,"max_hp_gain":0,"max_hp_loss":0,"event_name":"Transmorgrifier","floor":3,"gold_loss":0,"cards_obtained":["Noxious Fumes"]},{"damage_healed":0,"gold_gain":0,"player_choice":"Success","damage_taken":7,"relics_obtained":["Art of War"],"max_hp_gain":0,"max_hp_loss":0,"event_name":"Scrap Ooze","floor":13,"gold_loss":0},{"damage_healed":0,"gold_gain":0,"player_choice":"Obtained Book","damage_taken":16,"max_hp_gain":0,"max_hp_loss":0,"event_name":"Cursed Tome","floor":19,"gold_loss":0},{"cards_removed":["Malaise"],"damage_healed":0,"gold_gain":0,"player_choice":"Elegance","damage_taken":0,"max_hp_gain":0,"max_hp_loss":0,"event_name":"Back to Basics","floor":22,"gold_loss":0},{"damage_healed":0,"gold_gain":100,"player_choice":"Pray","damage_taken":0,"max_hp_gain":0,"max_hp_loss":0,"event_name":"Golden Shrine","floor":31,"gold_loss":0},{"damage_healed":0,"gold_gain":0,"player_choice":"Max HP","damage_taken":0,"max_hp_gain":0,"max_hp_loss":4,"event_name":"Winding Halls","floor":37,"gold_loss":0}],"is_beta":false,"boss_relics":[{"not_picked":["Orrery","Sozu"],"picked":"Runic Pyramid"},{"not_picked":["Velvet Choker","Calling Bell"],"picked":"Cursed Key"}],"items_purged_floors":[28,30,38,45,53],"is_endless":false,"potions_floor_spawned":[1,10,11,14,18,23,40,48],"killed_by":"The Heart","ascension_level":1}