{"gold_per_floor":[119,133,153,12,25,55,55,88,88,121,121,121,162,178,178,303,303,287,3,22,40,59,59,39,77,77,77,98,121,136,180,180,308,308,328,328,328,60,79,79,112,125,125,50,50,73,92,113,113,113],"floor_reached":51,"playtime":2516,"items_purged":["Regret"],"score":1056,"play_id":"de18fff1-791d-47bd-97c0-186e0e8a5934","local_time":"20190406221809","is_ascension_mode":true,"campfire_choices":[{"data":"Blade Dance","floor":7,"key":"SMITH"},{"floor":12,"key":"REST"},{"floor":15,"key":"REST"},{"data":"Terror","floor":23,"key":"SMITH"},{"data":"Adrenaline","floor":27,"key":"SMITH"},{"data":"Malaise","floor":32,"key":"SMITH"},{"data":"Well Laid Plans","floor":40,"key":"SMITH"},{"data":"Accuracy","floor":45,"key":"SMITH"},{"floor":49,"key":"REST"}],"neow_cost":"NONE","seed_source_timestamp":1805263499277796,"circlet_count":0,"master_deck":["Defend_G","Defend_G","Defend_G","Defend_G","Defend_G","Strike_G","Strike_G","Strike_G","Strike_G","Strike_G","Survivor","Neutralize","Infinite Blades","Finisher","Infinite Blades","Accuracy+1","PiercingWail","Flying Knee","Blade Dance+1","Escape Plan","Well Laid Plans+1","Terror+1","Backstab","Slice+1","Adrenaline+1","Cloak And Dagger+1","Sucker Punch+1","Deflect","Malaise+1","Footwork+1","A Thousand Cuts+1","Dodge and Roll+1","Cloak And Dagger+1","Wraith Form v2+1","Blur","Footwork+1","Blade Dance","Acrobatics","Calculated Gamble+1","Blur"],"relics":["Ring of the Snake","NeowsBlessing","Turnip","Question Card","Frozen Egg 2","Letter Opener","Golden Idol","Singing Bowl","Black Star","Meat on the Bone","Bag of Marbles","Tough Bandages","Matryoshka","Dodecahedron","Whetstone","Cursed Key","Happy Flower","Ancient Tea Set","Pen Nib","Lantern","Anchor"],"potions_floor_usage":[8,13,20,25,25,25,31,31,33,50,50],"damage_taken":[{"damage":0,"enemies":"Cultist","floor":1,"turns":1},{"damage":0,"enemies":"Jaw Worm","floor":2,"turns":1},{"damage":0,"enemies":"Small Slimes","floor":3,"turns":1},{"damage":1,"enemies":"Red Slaver","floor":5,"turns":4},{"damage":19,"enemies":"Lagavulin","floor":6,"turns":6},{"damage":9,"enemies":"3 Sentries","floor":8,"turns":6},{"damage":6,"enemies":"Lagavulin","floor":10,"turns":5},{"damage":20,"enemies":"3 Sentries","floor":13,"turns":7},{"damage":7,"enemies":"Blue Slaver","floor":14,"turns":3},{"damage":18,"enemies":"Slime Boss","floor":16,"turns":8},{"damage":11,"enemies":"2 Thieves","floor":18,"turns":4},{"damage":0,"enemies":"3 Byrds","floor":20,"turns":5},{"damage":17,"enemies":"Centurion and Healer","floor":21,"turns":6},{"damage":10,"enemies":"Snake Plant","floor":22,"turns":5},{"damage":10,"enemies":"Slavers","floor":25,"turns":4},{"damage":4,"enemies":"3 Cultists","floor":28,"turns":5},{"damage":24,"enemies":"Cultist and Chosen","floor":29,"turns":7},{"damage":8,"enemies":"Snake Plant","floor":30,"turns":5},{"damage":11,"enemies":"Book of Stabbing","floor":31,"turns":6},{"damage":34,"enemies":"Collector","floor":33,"turns":11},{"damage":0,"enemies":"Orb Walker","floor":35,"turns":4},{"damage":0,"enemies":"3 Shapes","floor":39,"turns":9},{"damage":21,"enemies":"Giant Head","floor":41,"turns":8},{"damage":0,"enemies":"Maw","floor":42,"turns":7},{"damage":0,"enemies":"Sphere and 2 Shapes","floor":46,"turns":4},{"damage":0,"enemies":"Transient","floor":47,"turns":5},{"damage":0,"enemies":"Jaw Worm Horde","floor":48,"turns":4},{"damage":27,"enemies":"Donu and Deca","floor":50,"turns":10}],"seed_played":"449699083402504669","potions_obtained":[{"floor":3,"key":"LiquidBronze"},{"floor":5,"key":"Block Potion"},{"floor":8,"key":"SteroidPotion"},{"floor":13,"key":"Fruit Juice"},{"floor":14,"key":"Poison Potion"},{"floor":18,"key":"AttackPotion"},{"floor":24,"key":"SteroidPotion"},{"floor":25,"key":"GhostInAJar"},{"floor":29,"key":"PowerPotion"},{"floor":30,"key":"Weak Potion"},{"floor":33,"key":"FairyPotion"},{"floor":41,"key":"Block Potion"},{"floor":42,"key":"AttackPotion"},{"floor":47,"key":"GhostInAJar"}],"is_trial":false,"path_per_floor":["M","M","M","$","M","E","R","E","T","E","?","R","E","M","R","B",null,"M","$","M","M","M","R","?","E","T","R","M","M","M","E","R","B",null,"M","?","?","$","M","R","E","M","T","$","R","M","M","M","R","B",null],"character_chosen":"THE_SILENT","items_purchased":["Accuracy","PiercingWail","Flying Knee","Meat on the Bone","Sucker Punch","Happy Flower","Footwork+1","Blade Dance"],"campfire_rested":3,"item_purchase_floors":[4,4,4,19,19,38,38,38],"current_hp_per_floor":[63,63,63,63,62,43,43,34,34,28,28,47,32,25,46,28,60,49,49,49,44,46,46,46,36,36,36,46,36,40,41,41,19,60,60,60,60,60,60,60,41,41,41,41,41,43,43,45,69,42],"gold":113,"neow_bonus":"THREE_ENEMY_KILL","is_prod":false,"is_daily":false,"chose_seed":false,"campfire_upgraded":6,"win_rate":0,"timestamp":1554607089,"path_taken":["M","?","M","$","M","E","R","E","T","E","?","R","E","M","R","BOSS","M","$","M","M","M","R","?","E","T","R","M","?","M","E","R","BOSS","M","?","?","?","M","R","E","?","T","$","R","M","M","M","R","BOSS"],"build_version":"2019-01-23","purchased_purges":1,"victory":true,"max_hp_per_floor":[70,70,70,70,70,70,70,70,70,70,65,65,70,70,70,70,70,70,70,70,70,70,70,70,70,70,70,72,74,74,74,74,74,74,74,74,74,74,74,74,76,76,76,76,76,78,78,80,80,80],"card_choices":[{"not_picked":["Slice","Tactician"],"picked":"Infinite Blades","floor":1},{"not_picked":["PiercingWail","Masterful Stab"],"picked":"Finisher","floor":2},{"not_picked":["Dagger Throw","Sucker Punch"],"picked":"Infinite Blades","floor":3},{"not_picked":["Deflect","Accuracy"],"picked":"Blade Dance","floor":5},{"not_picked":["PiercingWail","Concentrate"],"picked":"Escape Plan","floor":6},{"not_picked":["Bane","Calculated Gamble"],"picked":"Well Laid Plans","floor":8},{"not_picked":["Masterful Stab","Catalyst","Eviscerate"],"picked":"Terror","floor":10},{"not_picked":["Footwork+1","Prepared","Quick Slash"],"picked":"Backstab","floor":13},{"not_picked":["Quick Slash","Blur","Acrobatics"],"picked":"Slice","floor":14},{"not_picked":["Burst","Grand Finale","Doppelganger"],"picked":"Adrenaline","floor":16},{"not_picked":["Sucker Punch","Caltrops+1","Slice"],"picked":"Cloak And Dagger+1","floor":18},{"not_picked":["Dodge and Roll","Dagger Throw","Heel Hook"],"picked":"Deflect","floor":20},{"not_picked":["Backflip","Underhanded Strike","Dagger Spray"],"picked":"Malaise","floor":21},{"not_picked":["Well Laid Plans+1","Underhanded Strike","Blur"],"picked":"Footwork+1","floor":22},{"not_picked":["Deadly Poison","Reflex","Finisher"],"picked":"A Thousand Cuts+1","floor":25},{"not_picked":["Eviscerate","Choke","Reflex+1","Acrobatics"],"picked":"Singing Bowl","floor":28},{"not_picked":["All Out Attack","Crippling Poison","Expertise","Slice"],"picked":"Singing Bowl","floor":29},{"not_picked":["Prepared","Choke","All Out Attack"],"picked":"Dodge and Roll+1","floor":30},{"not_picked":["Prepared","Caltrops+1","Blade Dance"],"picked":"Cloak And Dagger+1","floor":31},{"not_picked":["Doppelganger","Unload","Malaise"],"picked":"Wraith Form v2+1","floor":33},{"not_picked":["PiercingWail","Deadly Poison+1","Sucker Punch"],"picked":"Blur","floor":35},{"not_picked":["Quick Slash","Backstab","Bane"],"picked":"Acrobatics","floor":39},{"not_picked":["Dodge and Roll","Endless Agony","Deadly Poison","Masterful Stab"],"picked":"Singing Bowl","floor":41},{"not_picked":["Outmaneuver+1","Finisher","Slice"],"picked":"Calculated Gamble+1","floor":42},{"not_picked":["Sucker Punch","Slice","Prepared+1","Venomology"],"picked":"Singing Bowl","floor":46},{"not_picked":["Prepared+1","Deadly Poison+1","Acrobatics"],"picked":"Blur","floor":47},{"not_picked":["Quick Slash+1","Noxious Fumes+1","Sucker Punch+1","Dagger Spray"],"picked":"Singing Bowl","floor":48}],"player_experience":291246,"relics_obtained":[{"floor":6,"key":"Turnip"},{"floor":8,"key":"Question Card"},{"floor":9,"key":"Frozen Egg 2"},{"floor":10,"key":"Letter Opener"},{"floor":13,"key":"Singing Bowl"},{"floor":25,"key":"Bag of Marbles"},{"floor":25,"key":"Tough Bandages"},{"floor":26,"key":"Matryoshka"},{"floor":31,"key":"Dodecahedron"},{"floor":31,"key":"Whetstone"},{"floor":41,"key":"Ancient Tea Set"},{"floor":41,"key":"Pen Nib"},{"floor":43,"key":"Lantern"},{"floor":43,"key":"Anchor"}],"event_choices":[{"damage_healed":0,"gold_gain":0,"player_choice":"Lose Max HP","damage_taken":0,"relics_obtained":["Golden Idol"],"max_hp_gain":0,"max_hp_loss":5,"event_name":"Golden Idol","floor":11,"gold_loss":0},{"damage_healed":0,"gold_gain":0,"player_choice":"Bought 1 Potion","damage_taken":0,"max_hp_gain":0,"max_hp_loss":0,"event_name":"The Woman in Blue","floor":24,"gold_loss":0},{"damage_healed":0,"gold_gain":0,"player_choice":"Ignored","damage_taken":0,"max_hp_gain":0,"max_hp_loss":0,"event_name":"Mysterious Sphere","floor":36,"gold_loss":0},{"damage_healed":0,"gold_gain":0,"player_choice":"Ignored","damage_taken":0,"max_hp_gain":0,"max_hp_loss":0,"event_name":"The Moai Head","floor":37,"gold_loss":0}],"is_beta":false,"boss_relics":[{"not_picked":["Astrolabe","Ring of the Serpent"],"picked":"Black Star"},{"not_picked":["Eternal Feather","Coffee Dripper"],"picked":"Cursed Key"}],"items_purged_floors":[44],"is_endless":false,"potions_floor_spawned":[3,5,8,13,14,18,25,29,30,33,41,42,47],"ascension_level":8}