{"gold_per_floor":[118,132,142,107,123,155,155,173,247,277,294,328,11,30,30,132,132,150,1,17,27,27,27],"floor_reached":23,"playtime":1012,"items_purged":["Strike_B","Strike_B"],"score":344,"play_id":"8acee6aa-8e95-4efb-89d1-e3fc0dd542a0","local_time":"20190426181445","is_ascension_mode":true,"campfire_choices":[{"data":"Doom and Gloom","floor":7,"key":"SMITH"},{"data":"Loop","floor":15,"key":"SMITH"}],"neow_cost":"NONE","seed_source_timestamp":1399432893998618,"circlet_count":0,"master_deck":["AscendersBane","Strike_B","Strike_B+1","Defend_B","Defend_B","Defend_B","Defend_B","Zap","Dualcast","Loop","Cold Snap+1","Compile Driver","Doom and Gloom+1","Rainbow","Steam","Glacier","Self Repair","Recycle","Barrage","Loop+1","Coolheaded","Fission","Redo","Leap","Defragment"],"special_seed":0,"relics":["Inserter","Letter Opener","Meat on the Bone","Nunchaku","Happy Flower","Whetstone","Nuclear Battery"],"potions_floor_usage":[10,16,20,23],"damage_taken":[{"damage":1,"enemies":"2 Louse","floor":1,"turns":4},{"damage":18,"enemies":"Small Slimes","floor":2,"turns":4},{"damage":3,"enemies":"Cultist","floor":3,"turns":5},{"damage":6,"enemies":"3 Louse","floor":5,"turns":6},{"damage":19,"enemies":"Lagavulin","floor":6,"turns":6},{"damage":12,"enemies":"Blue Slaver","floor":8,"turns":6},{"damage":16,"enemies":"3 Sentries","floor":10,"turns":5},{"damage":9,"enemies":"Looter","floor":11,"turns":4},{"damage":19,"enemies":"Gremlin Nob","floor":12,"turns":4},{"damage":6,"enemies":"3 Louse","floor":14,"turns":4},{"damage":8,"enemies":"The Guardian","floor":16,"turns":10},{"damage":5,"enemies":"Shell Parasite","floor":18,"turns":5},{"damage":7,"enemies":"Chosen","floor":20,"turns":5},{"damage":36,"enemies":"Snake Plant","floor":21,"turns":7},{"damage":60,"enemies":"Book of Stabbing","floor":23,"turns":7}],"seed_played":"980479776928039899","potions_obtained":[{"floor":3,"key":"Swift Potion"},{"floor":5,"key":"Strength Potion"},{"floor":14,"key":"Fire Potion"},{"floor":16,"key":"Dexterity Potion"},{"floor":20,"key":"FearPotion"},{"floor":21,"key":"SteroidPotion"}],"is_trial":false,"path_per_floor":["M","M","M","?","M","E","R","M","T","E","M","E","$","M","R","B",null,"M","$","M","M","?","E"],"character_chosen":"DEFECT","items_purchased":["Barrage","Loop","Whetstone","Redo"],"campfire_rested":0,"item_purchase_floors":[13,13,13,19],"current_hp_per_floor":[67,49,46,64,58,39,39,27,27,23,26,26,26,39,39,50,69,71,71,71,54,54,0],"gold":27,"neow_bonus":"BOSS_RELIC","is_prod":false,"is_daily":false,"chose_seed":false,"campfire_upgraded":2,"win_rate":0,"timestamp":1556320485,"path_taken":["M","M","M","?","M","E","R","M","T","E","M","E","$","M","R","BOSS","M","$","M","M","?","E"],"build_version":"2019-01-23","purchased_purges":2,"victory":false,"max_hp_per_floor":[75,75,75,75,75,75,75,75,75,75,75,75,75,75,75,75,75,75,75,75,75,75,75],"card_choices":[{"not_picked":["Go for the Eyes","Hologram"],"picked":"Loop","floor":1},{"not_picked":["Stack","Sweeping Beam"],"picked":"Cold Snap","floor":2},{"not_picked":["Rebound","Go for the Eyes"],"picked":"Compile Driver","floor":3},{"not_picked":["White Noise","Barrage"],"picked":"Doom and Gloom","floor":5},{"not_picked":["Turbo","Hello World"],"picked":"Rainbow","floor":6},{"not_picked":["Melter","Streamline"],"picked":"Steam","floor":8},{"not_picked":["White Noise","Ball Lightning"],"picked":"Glacier","floor":10},{"not_picked":["Sunder","Barrage"],"picked":"Self Repair","floor":11},{"not_picked":["Turbo","Force Field"],"picked":"Recycle","floor":12},{"not_picked":["Compile Driver","Stack"],"picked":"Coolheaded","floor":14},{"not_picked":["Reboot","Electrodynamics"],"picked":"Fission","floor":16},{"not_picked":["Sweeping Beam","Auto Shields","Rebound"],"picked":"SKIP","floor":18},{"not_picked":["Turbo","Rebound","Streamline"],"picked":"SKIP","floor":20},{"not_picked":["Steam Power","Rip and Tear"],"picked":"Leap","floor":21}],"player_experience":330512,"relics_obtained":[{"floor":6,"key":"Letter Opener"},{"floor":9,"key":"Meat on the Bone"},{"floor":10,"key":"Nunchaku"},{"floor":12,"key":"Happy Flower"}],"event_choices":[{"damage_healed":18,"gold_gain":0,"player_choice":"Healed","damage_taken":0,"max_hp_gain":0,"max_hp_loss":0,"event_name":"The Cleric","floor":4,"gold_loss":35},{"damage_healed":0,"gold_gain":0,"player_choice":"Read","damage_taken":0,"max_hp_gain":0,"max_hp_loss":0,"event_name":"The Library","floor":22,"gold_loss":0,"cards_obtained":["Defragment"]}],"is_beta":false,"boss_relics":[{"not_picked":["Ectoplasm","Empty Cage"],"picked":"Nuclear Battery"}],"items_purged_floors":[13,19],"is_endless":false,"potions_floor_spawned":[3,5,6,14,16,20,21],"killed_by":"Book of Stabbing","ascension_level":12}