{"gold_per_floor":[115,115,76,41,64,64,102,122,122,156,174,194,217,260,260,391,391,409,409,11,110,134,134,168,181,181,181,91,91],"floor_reached":29,"playtime":759,"items_purged":[],"score":389,"play_id":"67d7dc6b-20df-4ca2-b5bb-c01c20cfa205","local_time":"20190403144641","is_ascension_mode":true,"campfire_choices":[{"data":"Combust","floor":6.0,"key":"SMITH"},{"data":"Rampage","floor":15.0,"key":"SMITH"},{"floor":23,"key":"REST"},{"data":"Armaments","floor":27,"key":"SMITH"}],"neow_cost":"NONE","seed_source_timestamp":0,"circlet_count":0,"master_deck":["Strike_R+1","Strike_R","Strike_R","Strike_R","Defend_R","Defend_R","Defend_R","Defend_R","Bash","Cleave","Combust+1","Pommel Strike","Flex","Inflame+1","Warcry","Seeing Red","Sword Boomerang","Rampage+1","Thunderclap","Limit Break","Flex+1","Corruption+1","Shrug It Off","Armaments+1","Rupture+1","Dual Wield","Feel No Pain+1"],"special_seed":0,"relics":["Black Blood","NeowsBlessing","Golden Idol","Frozen Egg 2","Smiling Mask","Odd Mushroom","Singing Bowl","Letter Opener","Anchor","Bottled Tornado"],"potions_floor_usage":[24,24,29],"damage_taken":[{"damage":0.0,"enemies":"Jaw Worm","floor":1.0,"turns":1.0},{"damage":0.0,"enemies":"Small Slimes","floor":5.0,"turns":1.0},{"damage":0.0,"enemies":"Lagavulin","floor":7.0,"turns":1.0},{"damage":2.0,"enemies":"Cultist","floor":8.0,"turns":3.0},{"damage":14.0,"enemies":"The Mushroom Lair","floor":10.0,"turns":3.0},{"damage":6.0,"enemies":"2 Fungi Beasts","floor":11.0,"turns":3.0},{"damage":24.0,"enemies":"Large Slime","floor":12.0,"turns":5.0},{"damage":14.0,"enemies":"Exordium Wildlife","floor":13.0,"turns":3.0},{"damage":24.0,"enemies":"3 Sentries","floor":14.0,"turns":5.0},{"damage":31.0,"enemies":"Slime Boss","floor":16.0,"turns":8.0},{"damage":10,"enemies":"Chosen","floor":18,"turns":4},{"damage":31,"enemies":"3 Byrds","floor":22,"turns":4},{"damage":15,"enemies":"Gremlin Leader","floor":24,"turns":6},{"damage":32,"enemies":"Centurion and Healer","floor":25,"turns":6},{"damage":52,"enemies":"Snake Plant","floor":29,"turns":4}],"seed_played":"-8328605332006907172","potions_obtained":[{"floor":1.0,"key":"Weak Potion"},{"floor":5.0,"key":"Fruit Juice"},{"floor":7.0,"key":"Dexterity Potion"},{"floor":12.0,"key":"AttackPotion"},{"floor":22,"key":"Block Potion"}],"is_trial":false,"path_per_floor":["M","?","$","?","M","R","E","M","T","?","M","M","M","E","R","B",null,"M","?","$","?","M","R","E","M","T","R","?","M"],"character_chosen":"IRONCLAD","items_purchased":["Combust","Shrug It Off","Armaments","Rupture+1","Letter Opener"],"campfire_rested":1,"item_purchase_floors":[3,20,20,20,20],"current_hp_per_floor":[78,58,58,78,85,85,85,85,85,77,77,59,51,33,33,8,66,66,66,66,66,47,73,68,46,46,46,46,0],"gold":91,"neow_bonus":"THREE_ENEMY_KILL","is_prod":false,"is_daily":false,"chose_seed":false,"campfire_upgraded":3,"win_rate":0,"timestamp":1554320801,"path_taken":["M","?","$","?","M","R","E","M","T","?","?","M","M","E","R","BOSS","BOSS","M","?","$","?","M","R","E","M","T","R","?","M"],"build_version":"2019-01-23","purchased_purges":0,"victory":false,"max_hp_per_floor":[80,80,80,80,85,85,85,85,85,85,85,85,85,85,85,85,85,85,85,85,85,87,87,87,87,87,87,87,87],"card_choices":[{"not_picked":["Fire Breathing","Carnage"],"picked":"Cleave","floor":1.0},{"not_picked":["Combust","Clash"],"picked":"Pommel Strike","floor":5.0},{"not_picked":["Evolve","Heavy Blade"],"picked":"Flex","floor":7.0},{"not_picked":["Reckless Charge","Body Slam"],"picked":"Inflame+1","floor":8.0},{"not_picked":["Iron Wave","Fire Breathing+1"],"picked":"Warcry","floor":10.0},{"not_picked":["Twin Strike","Clash"],"picked":"Seeing Red","floor":11.0},{"not_picked":["Clothesline","Cleave"],"picked":"Sword Boomerang","floor":12.0},{"not_picked":["Offering","Searing Blow"],"picked":"Rampage","floor":13.0},{"not_picked":["Dropkick","Clothesline"],"picked":"Thunderclap","floor":14.0},{"not_picked":["Impervious","Bludgeon"],"picked":"Limit Break","floor":16},{"not_picked":["Clothesline","Searing Blow"],"picked":"Flex+1","floor":18},{"not_picked":["Power Through+1","Thunderclap","Armaments"],"picked":"Singing Bowl","floor":22},{"not_picked":["Flame Barrier","Warcry"],"picked":"Dual Wield","floor":24},{"not_picked":["Rampage","Flex+1"],"picked":"Feel No Pain+1","floor":25}],"player_experience":280665,"relics_obtained":[{"floor":7.0,"key":"Frozen Egg 2"},{"floor":9.0,"key":"Smiling Mask"},{"floor":10.0,"key":"Odd Mushroom"},{"floor":14.0,"key":"Singing Bowl"},{"floor":24,"key":"Anchor"},{"floor":26,"key":"Bottled Tornado"}],"event_choices":[{"damage_healed":0.0,"max_hp_gain":0.0,"max_hp_loss":0.0,"gold_gain":0.0,"event_name":"Golden Idol","player_choice":"Take Damage","floor":2.0,"gold_loss":0.0,"damage_taken":20.0,"relics_obtained":["Golden Idol"]},{"damage_healed":20.0,"max_hp_gain":0.0,"max_hp_loss":0.0,"gold_gain":0.0,"event_name":"The Cleric","player_choice":"Healed","floor":4.0,"gold_loss":35.0,"damage_taken":0.0},{"damage_healed":0.0,"max_hp_gain":0.0,"max_hp_loss":0.0,"gold_gain":0.0,"event_name":"Mushrooms","player_choice":"Fought Mushrooms","floor":10.0,"gold_loss":0.0,"damage_taken":0.0},{"damage_healed":0,"gold_gain":0,"player_choice":"Read","damage_taken":0,"max_hp_gain":0,"max_hp_loss":0,"event_name":"The Library","floor":19,"gold_loss":0,"cards_obtained":["Corruption"]},{"damage_healed":0,"gold_gain":99,"player_choice":"Stole From Cult","damage_taken":0,"max_hp_gain":0,"max_hp_loss":0,"event_name":"Nest","floor":21,"gold_loss":0},{"cards_removed":["Strike_R"],"damage_healed":0,"gold_gain":0,"player_choice":"Upgrade and Remove","damage_taken":0,"max_hp_gain":0,"max_hp_loss":0,"event_name":"Designer","floor":28,"gold_loss":90,"cards_upgraded":["Strike_R"]}],"is_beta":false,"boss_relics":[{"not_picked":["Orrery","Astrolabe"],"picked":"Black Blood"}],"items_purged_floors":[],"is_endless":false,"potions_floor_spawned":[1,5,7,12,13,22],"killed_by":"Snake Plant","ascension_level":8}