{"gold_per_floor":[119,17,17,17,32,32,67,179,238,250,13,23,23,54,54,54],"floor_reached":16,"playtime":273,"items_purged":[],"score":210,"play_id":"782d61e8-ace2-41cf-882b-0d10172569cc","local_time":"20190501144700","is_ascension_mode":true,"campfire_choices":[{"data":"Bouncing Flask","floor":6.0,"key":"SMITH"},{"data":"Blade Dance","floor":10.0,"key":"SMITH"},{"data":"Dagger Throw","floor":13.0,"key":"SMITH"},{"floor":15.0,"key":"REST"}],"neow_cost":"NONE","seed_source_timestamp":342769445483742,"circlet_count":0,"master_deck":["AscendersBane","Defend_G","Defend_G","Defend_G","Defend_G","Defend_G","Strike_G","Strike_G+1","Strike_G","Strike_G","Strike_G","Survivor","Neutralize","Blade Dance+1","Bouncing Flask+1","Dagger Throw+1","Dodge and Roll+1","Poisoned Stab+1","Night Terror+1","Blur+1"],"special_seed":0,"relics":["Ring of the Snake","NeowsBlessing","Toxic Egg 2","Juzu Bracelet","MawBank","Whetstone","Singing Bowl","Anchor"],"potions_floor_usage":[],"damage_taken":[{"damage":0.0,"enemies":"Jaw Worm","floor":1.0,"turns":1.0},{"damage":0.0,"enemies":"Small Slimes","floor":5.0,"turns":1.0},{"damage":0.0,"enemies":"Gremlin Nob","floor":7.0,"turns":1.0},{"damage":0.0,"enemies":"Cultist","floor":12.0,"turns":3.0},{"damage":22.0,"enemies":"Lagavulin","floor":14.0,"turns":7.0},{"damage":51,"enemies":"Slime Boss","floor":16,"turns":7}],"seed_played":"-6262059686061766904","potions_obtained":[{"floor":5.0,"key":"SmokeBomb"},{"floor":12.0,"key":"GamblersBrew"}],"is_trial":false,"path_per_floor":["M","$","?","T","M","R","E","?","T","R","$","M","R","E","R","B"],"character_chosen":"THE_SILENT","items_purchased":["Bouncing Flask","Dagger Throw","Singing Bowl"],"campfire_rested":1,"item_purchase_floors":[2,2,11],"current_hp_per_floor":[63,63,45,45,45,45,45,45,45,45,45,45,45,23,44,0],"gold":54,"neow_bonus":"THREE_ENEMY_KILL","is_prod":false,"is_daily":false,"chose_seed":false,"campfire_upgraded":3,"win_rate":0,"timestamp":1556740020,"path_taken":["M","$","?","?","M","R","E","?","T","R","$","M","R","E","R","BOSS"],"build_version":"2019-01-23","purchased_purges":0,"victory":false,"max_hp_per_floor":[70,70,70,70,70,70,70,70,70,70,70,70,70,70,70,70],"card_choices":[{"not_picked":["Quick Slash","Slice"],"picked":"Blade Dance","floor":1.0},{"not_picked":["Finisher","Acrobatics+1"],"picked":"Dodge and Roll+1","floor":5.0},{"not_picked":["Underhanded Strike","Endless Agony"],"picked":"Poisoned Stab","floor":7.0},{"not_picked":["Cloak And Dagger+1","Eviscerate"],"picked":"Night Terror+1","floor":12.0},{"not_picked":["Acrobatics+1","Flying Knee"],"picked":"Blur+1","floor":14.0}],"player_experience":355801,"relics_obtained":[{"floor":4.0,"key":"Juzu Bracelet"},{"floor":7.0,"key":"MawBank"},{"floor":9.0,"key":"Whetstone"},{"floor":14.0,"key":"Anchor"}],"event_choices":[{"damage_healed":0.0,"max_hp_gain":0.0,"max_hp_loss":0.0,"gold_gain":0.0,"event_name":"Scrap Ooze","player_choice":"Success","floor":3.0,"gold_loss":0.0,"damage_taken":18.0,"relics_obtained":["Toxic Egg 2"]},{"damage_healed":0.0,"max_hp_gain":0.0,"max_hp_loss":0.0,"gold_gain":100.0,"event_name":"Golden Shrine","player_choice":"Pray","floor":8.0,"gold_loss":0.0,"damage_taken":0.0}],"is_beta":false,"boss_relics":[],"items_purged_floors":[],"is_endless":false,"potions_floor_spawned":[5,12],"killed_by":"Slime Boss","ascension_level":12}