{"gold_per_floor":[114,126,141,151,169,200,200,275,298,317,317],"floor_reached":11,"playtime":823,"items_purged":[],"score":108,"play_id":"04bb65a5-4809-4abe-b00c-e5f79138fb6f","local_time":"20190527235402","is_ascension_mode":true,"campfire_choices":[{"data":"Armaments","floor":7,"key":"SMITH"}],"neow_cost":"NONE","seed_source_timestamp":303114954854788,"circlet_count":0,"master_deck":["Strike_R","Strike_R","Strike_R","Strike_R","Defend_R","Defend_R","Defend_R","Defend_R","Bash","Corruption","Uppercut","Armaments+1","Cleave","Sword Boomerang","Inflame","Headbutt"],"relics":["Burning Blood","Dodecahedron","Juzu Bracelet"],"potions_floor_usage":[6,10],"damage_taken":[{"damage":14,"enemies":"Jaw Worm","floor":1,"turns":5},{"damage":0,"enemies":"Small Slimes","floor":2,"turns":4},{"damage":12,"enemies":"2 Louse","floor":3,"turns":3},{"damage":8,"enemies":"Looter","floor":4,"turns":3},{"damage":9,"enemies":"Exordium Thugs","floor":5,"turns":4},{"damage":35,"enemies":"3 Sentries","floor":6,"turns":7},{"damage":0,"enemies":"Lots of Slimes","floor":10,"turns":1},{"damage":26,"enemies":"Gremlin Gang","floor":11,"turns":3}],"seed_played":"3623987775218461500","potions_obtained":[{"floor":1,"key":"SteroidPotion"},{"floor":3,"key":"LiquidBronze"},{"floor":5,"key":"PowerPotion"},{"floor":6,"key":"FearPotion"}],"is_trial":false,"path_per_floor":["M","M","M","M","M","E","R","?","T","M","M"],"character_chosen":"IRONCLAD","items_purchased":[],"campfire_rested":0,"item_purchase_floors":[],"current_hp_per_floor":[64,70,64,62,59,30,30,19,19,25,0],"gold":317,"neow_bonus":"TRANSFORM_CARD","is_prod":false,"is_daily":false,"chose_seed":false,"campfire_upgraded":1,"win_rate":0,"timestamp":1559015642,"path_taken":["M","M","M","M","M","E","R","?","T","M","M"],"build_version":"2019-01-23","purchased_purges":0,"victory":false,"max_hp_per_floor":[80,80,80,80,80,80,80,80,80,80,80],"card_choices":[{"not_picked":["Combust","Wild Strike"],"picked":"Uppercut","floor":1},{"not_picked":["Clash","Thunderclap"],"picked":"Armaments","floor":2},{"not_picked":["Seeing Red","Headbutt"],"picked":"Cleave","floor":3},{"not_picked":["Armaments","Rupture","Body Slam"],"picked":"SKIP","floor":4},{"not_picked":["Shrug It Off","Headbutt"],"picked":"Sword Boomerang","floor":5},{"not_picked":["Burning Pact","Cleave"],"picked":"Inflame","floor":6},{"not_picked":["Iron Wave","Warcry"],"picked":"Headbutt","floor":10}],"player_experience":165533,"relics_obtained":[{"floor":6,"key":"Dodecahedron"},{"floor":9,"key":"Juzu Bracelet"}],"event_choices":[{"damage_healed":0,"gold_gain":75,"player_choice":"Gather Gold","damage_taken":11,"max_hp_gain":0,"max_hp_loss":0,"event_name":"World of Goop","floor":8,"gold_loss":0}],"is_beta":false,"boss_relics":[],"items_purged_floors":[],"is_endless":false,"potions_floor_spawned":[1,3,5,6],"killed_by":"Gremlin Gang","ascension_level":8}