{"gold_per_floor":[117,128,144,154,165,165,177,159,159,159,169,169,182,198,198,294,344,355,270,284,297,46,145,19,36,36,36,50,68,68,83,83,178,178,193,293,15,29,48,48,48],"floor_reached":41,"playtime":2849,"items_purged":["Dark Embrace","Sentinel","Strike_R"],"score":445,"play_id":"75ebe64d-09e4-48e8-bcf5-f5cf0ac6bf1a","local_time":"20190517123941","is_ascension_mode":false,"campfire_choices":[{"data":"Limit Break","floor":6,"key":"SMITH"},{"data":"Shrug It Off","floor":10,"key":"SMITH"},{"data":"Inflame","floor":12,"key":"SMITH"},{"data":"Shrug It Off","floor":15,"key":"SMITH"},{"floor":27,"key":"REST"},{"floor":30,"key":"REST"},{"floor":32,"key":"REST"},{"data":"Armaments","floor":40,"key":"SMITH"}],"neow_cost":"NONE","seed_source_timestamp":148901383455536,"circlet_count":0,"master_deck":["Strike_R","Strike_R","Strike_R","Strike_R+1","Defend_R","Defend_R","Defend_R","Defend_R","Bash","Limit Break+1","Inflame+1","Clothesline","Cleave","Pommel Strike","Shrug It Off+1","Metallicize","Shrug It Off+1","Spot Weakness","Heavy Blade+1","Armaments+1","Shrug It Off","Offering","Armaments","Shrug It Off","Demon Form","Rage","Offering","Flex+1","Heavy Blade"],"relics":["Burning Blood","Letter Opener","Tiny House","Art of War","Oddly Smooth Stone","Bottled Flame","Runic Cube","Thread and Needle"],"potions_floor_usage":[],"damage_taken":[{"damage":3,"enemies":"Small Slimes","floor":1,"turns":3},{"damage":1,"enemies":"2 Louse","floor":2,"turns":4},{"damage":8,"enemies":"Jaw Worm","floor":3,"turns":3},{"damage":9,"enemies":"2 Fungi Beasts","floor":4,"turns":4},{"damage":20,"enemies":"Large Slime","floor":5,"turns":5},{"damage":5,"enemies":"Exordium Wildlife","floor":7,"turns":4},{"damage":2,"enemies":"Exordium Thugs","floor":8,"turns":5},{"damage":9,"enemies":"Gremlin Gang","floor":11,"turns":4},{"damage":10,"enemies":"Lots of Slimes","floor":13,"turns":4},{"damage":0,"enemies":"2 Fungi Beasts","floor":14,"turns":5},{"damage":35,"enemies":"Hexaghost","floor":16,"turns":8},{"damage":14,"enemies":"Shell Parasite","floor":18,"turns":11},{"damage":49,"enemies":"3 Byrds","floor":20,"turns":7},{"damage":24,"enemies":"Snake Plant","floor":21,"turns":8},{"damage":9,"enemies":"Chosen and Byrds","floor":25,"turns":8},{"damage":17,"enemies":"Snecko","floor":28,"turns":4},{"damage":10,"enemies":"Cultist and Chosen","floor":29,"turns":7},{"damage":22,"enemies":"Snake Plant","floor":31,"turns":4},{"damage":11,"enemies":"Champ","floor":33,"turns":13},{"damage":13,"enemies":"Orb Walker","floor":35,"turns":4},{"damage":9,"enemies":"Mind Bloom Boss Battle","floor":36,"turns":6},{"damage":6,"enemies":"3 Darklings","floor":38,"turns":8},{"damage":17,"enemies":"Transient","floor":39,"turns":5},{"damage":65,"enemies":"4 Shapes","floor":41,"turns":3}],"seed_played":"-6258797532830609181","potions_obtained":[{"floor":1,"key":"PowerPotion"},{"floor":2,"key":"Swift Potion"},{"floor":4,"key":"GamblersBrew"},{"floor":35,"key":"BloodPotion"}],"is_trial":false,"path_per_floor":["M","M","M","M","M","R","M","M","T","R","M","R","M","M","R","B",null,"M","?","M","M","$","?","$","M","T","R","M","M","R","M","R","B",null,"M","?","$","M","M","R","M"],"character_chosen":"IRONCLAD","items_purchased":["Oddly Smooth Stone","Armaments","Shrug It Off","Offering"],"campfire_rested":3,"item_purchase_floors":[22,22,24,37],"current_hp_per_floor":[80,80,78,75,61,61,62,66,66,66,63,63,59,65,65,36,85,77,77,34,16,16,16,16,13,13,38,27,23,48,32,57,52,85,78,75,75,75,64,64,0],"gold":48,"neow_bonus":"ONE_RANDOM_RARE_CARD","is_prod":false,"is_daily":false,"chose_seed":false,"campfire_upgraded":5,"win_rate":0,"timestamp":1558121981,"path_taken":["M","M","M","M","M","R","M","M","T","R","M","R","M","M","R","BOSS","M","?","M","M","$","?","$","M","T","R","M","M","R","M","R","BOSS","M","?","$","M","M","R","M"],"build_version":"2019-01-23","purchased_purges":3,"victory":false,"max_hp_per_floor":[80,80,80,80,80,80,80,80,80,80,80,80,80,80,80,80,85,85,85,85,85,85,85,85,85,85,85,85,85,85,85,85,85,85,85,85,85,85,85,85,85],"card_choices":[{"not_picked":["Fire Breathing","Dropkick"],"picked":"Inflame","floor":1},{"not_picked":["Thunderclap","Perfected Strike"],"picked":"Clothesline","floor":2},{"not_picked":["Wild Strike","Seeing Red"],"picked":"Cleave","floor":3},{"not_picked":["Iron Wave","Infernal Blade"],"picked":"Pommel Strike","floor":4},{"not_picked":["Havoc","Warcry"],"picked":"Shrug It Off","floor":5},{"not_picked":["Twin Strike","Cleave","Sword Boomerang"],"picked":"SKIP","floor":7},{"not_picked":["Dual Wield","Sever Soul"],"picked":"Sentinel","floor":8},{"not_picked":["Flame Barrier","Pommel Strike"],"picked":"Metallicize","floor":11},{"not_picked":["Juggernaut","Heavy Blade"],"picked":"Shrug It Off","floor":13},{"not_picked":["Havoc","Dual Wield","Heavy Blade"],"picked":"SKIP","floor":14},{"not_picked":["Berserk","Bludgeon"],"picked":"Dark Embrace","floor":16},{"not_picked":["Headbutt","Havoc+1"],"picked":"Spot Weakness","floor":18},{"not_picked":["Havoc","Headbutt","Wild Strike"],"picked":"SKIP","floor":20},{"not_picked":["Sword Boomerang","Headbutt"],"picked":"Heavy Blade+1","floor":21},{"not_picked":["Clothesline+1","Clash"],"picked":"Offering","floor":25},{"not_picked":["Carnage+1","Pommel Strike"],"picked":"Armaments","floor":28},{"not_picked":["Perfected Strike","Anger"],"picked":"Shrug It Off","floor":29},{"not_picked":["Sentinel","Perfected Strike","Bloodletting"],"picked":"SKIP","floor":31},{"not_picked":["Exhume","Reaper"],"picked":"Demon Form","floor":33},{"not_picked":["Sword Boomerang+1","Iron Wave","Burning Pact+1"],"picked":"SKIP","floor":35},{"not_picked":["Power Through","Sever Soul"],"picked":"Rage","floor":36},{"not_picked":["Pommel Strike","Warcry+1"],"picked":"Flex+1","floor":38},{"not_picked":["Clothesline","Anger+1"],"picked":"Heavy Blade","floor":39}],"player_experience":113098,"relics_obtained":[{"floor":9,"key":"Letter Opener"},{"floor":26,"key":"Bottled Flame"},{"floor":36,"key":"Thread and Needle"}],"event_choices":[{"damage_healed":0,"gold_gain":0,"player_choice":"Obtained Relic","damage_taken":0,"relics_obtained":["Art of War"],"max_hp_gain":0,"max_hp_loss":0,"event_name":"Addict","floor":19,"gold_loss":85},{"damage_healed":0,"gold_gain":99,"player_choice":"Stole From Cult","damage_taken":0,"max_hp_gain":0,"max_hp_loss":0,"event_name":"Nest","floor":23,"gold_loss":0},{"damage_healed":0,"gold_gain":0,"player_choice":"Fight","damage_taken":0,"max_hp_gain":0,"max_hp_loss":0,"event_name":"MindBloom","floor":36,"gold_loss":0}],"is_beta":false,"boss_relics":[{"not_picked":["Pandora\u0027s Box","Cursed Key"],"picked":"Tiny House"},{"not_picked":["Astrolabe","Mark of Pain"],"picked":"Runic Cube"}],"items_purged_floors":[22,24,37],"is_endless":false,"potions_floor_spawned":[1,2,4,8,16,18,25,28,33,35,38],"killed_by":"4 Shapes","ascension_level":0}