{"gold_per_floor":[118,25,40,40,52,52,83,83,83,83,97,197,230,243,243,339,339,279,41,52,52,52,80,180,213,261,276,276,292,292,312,312,312],"floor_reached":33,"playtime":1205,"items_purged":[],"score":440,"play_id":"a8c9742b-ce2f-4763-ace8-d1920fe36fcb","local_time":"20190415005040","is_ascension_mode":true,"campfire_choices":[{"floor":6,"key":"REST"},{"data":"Noxious Fumes","floor":8,"key":"SMITH"},{"floor":15,"key":"REST"},{"floor":28,"key":"REST"},{"floor":30,"key":"REST"},{"floor":32,"key":"REST"}],"neow_cost":"NONE","seed_source_timestamp":386203291875923,"circlet_count":0,"master_deck":["AscendersBane","Defend_G","Defend_G","Defend_G","Defend_G","Defend_G","Strike_G","Strike_G","Strike_G","Strike_G","Strike_G","Survivor","Neutralize","Dagger Spray","Leg Sweep","Noxious Fumes+1","Flying Knee","Cloak And Dagger","Crippling Poison","Noxious Fumes+1","Escape Plan","Wraith Form v2","Acrobatics","Adrenaline","Backflip","Well Laid Plans","Crippling Poison","Cloak And Dagger","Burst","Dodge and Roll+1","Bouncing Flask","Deflect","Wraith Form v2","Cloak And Dagger+1"],"relics":["Ring of the Snake","Gremlin Horn","Pen Nib","Dodecahedron","Happy Flower","Orrery","Kunai","Potion Belt","Paper Crane","Bronze Scales"],"potions_floor_usage":[16,23,27,31,33,33],"damage_taken":[{"damage":0,"enemies":"Small Slimes","floor":1,"turns":3},{"damage":2,"enemies":"Jaw Worm","floor":3,"turns":6},{"damage":1,"enemies":"Cultist","floor":5,"turns":4},{"damage":17,"enemies":"Lagavulin","floor":7,"turns":8},{"damage":0,"enemies":"Blue Slaver","floor":11,"turns":5},{"damage":15,"enemies":"3 Sentries","floor":13,"turns":6},{"damage":2,"enemies":"Red Slaver","floor":14,"turns":5},{"damage":19,"enemies":"Hexaghost","floor":16,"turns":9},{"damage":10,"enemies":"2 Thieves","floor":18,"turns":4},{"damage":5,"enemies":"3 Byrds","floor":20,"turns":4},{"damage":29,"enemies":"Book of Stabbing","floor":23,"turns":7},{"damage":4,"enemies":"Gremlin Leader","floor":25,"turns":6},{"damage":10,"enemies":"Snecko","floor":27,"turns":7},{"damage":8,"enemies":"Snake Plant","floor":29,"turns":5},{"damage":22,"enemies":"Shelled Parasite and Fungi","floor":31,"turns":7},{"damage":59,"enemies":"Champ","floor":33,"turns":14}],"seed_played":"-214942478567951847","potions_obtained":[{"floor":1,"key":"PowerPotion"},{"floor":3,"key":"LiquidBronze"},{"floor":5,"key":"GhostInAJar"},{"floor":16,"key":"GamblersBrew"},{"floor":23,"key":"Block Potion"},{"floor":31,"key":"Energy Potion"}],"is_trial":false,"path_per_floor":["M","$","M","?","M","R","E","R","T","?","M","?","E","M","R","B",null,"M","$","M","$","?","E","?","E","T","M","R","M","R","M","R","B"],"character_chosen":"THE_SILENT","items_purchased":["Noxious Fumes","Flying Knee","Kunai"],"campfire_rested":5,"item_purchase_floors":[2,2,19],"current_hp_per_floor":[63,63,61,36,35,56,39,39,39,39,39,39,24,22,43,24,59,49,49,44,44,44,15,15,11,11,1,22,14,35,13,34,0],"gold":312,"neow_bonus":"THREE_CARDS","is_prod":false,"is_daily":false,"chose_seed":false,"campfire_upgraded":1,"win_rate":0,"timestamp":1555307440,"path_taken":["M","$","M","?","M","R","E","R","T","?","?","?","E","M","R","BOSS","M","$","M","?","?","E","?","E","T","?","R","M","R","M","R","BOSS"],"build_version":"2019-01-23","purchased_purges":0,"victory":false,"max_hp_per_floor":[70,70,70,70,70,70,70,70,70,70,70,70,70,70,70,70,70,70,70,70,70,70,70,70,70,70,70,70,70,70,70,70,70],"card_choices":[{"not_picked":["Quick Slash","Finisher"],"picked":"Dagger Spray","floor":0},{"not_picked":["Terror","Caltrops"],"picked":"Leg Sweep","floor":1},{"not_picked":["Blade Dance","Acrobatics"],"picked":"Cloak And Dagger","floor":3},{"not_picked":["Infinite Blades","Endless Agony"],"picked":"Crippling Poison","floor":5},{"not_picked":["Outmaneuver","Underhanded Strike"],"picked":"Noxious Fumes","floor":7},{"not_picked":["Underhanded Strike","Tactician"],"picked":"Escape Plan","floor":11},{"not_picked":["Deflect","PiercingWail"],"picked":"Wraith Form v2","floor":13},{"not_picked":["Bane","Blade Dance"],"picked":"Acrobatics","floor":14},{"not_picked":["After Image","Envenom"],"picked":"Adrenaline","floor":16},{"not_picked":["Underhanded Strike","Bane"],"picked":"Backflip","floor":17},{"not_picked":["Outmaneuver","PiercingWail"],"picked":"Well Laid Plans","floor":17},{"not_picked":["Infinite Blades","Dagger Throw"],"picked":"Crippling Poison","floor":17},{"not_picked":["Poisoned Stab","Blade Dance"],"picked":"Cloak And Dagger","floor":17},{"not_picked":["Skewer+1","Noxious Fumes"],"picked":"Burst","floor":18},{"not_picked":["Prepared","Predator","Choke"],"picked":"SKIP","floor":20},{"not_picked":["Choke","Dagger Spray"],"picked":"Dodge and Roll+1","floor":23},{"not_picked":["Slice","Choke+1"],"picked":"Bouncing Flask","floor":25},{"not_picked":["Underhanded Strike","Poisoned Stab"],"picked":"Deflect","floor":27},{"not_picked":["Slice","Blade Dance"],"picked":"Wraith Form v2","floor":29},{"not_picked":["Bane","Flying Knee"],"picked":"Cloak And Dagger+1","floor":31}],"player_experience":315109,"relics_obtained":[{"floor":7,"key":"Pen Nib"},{"floor":9,"key":"Dodecahedron"},{"floor":13,"key":"Happy Flower"},{"floor":23,"key":"Potion Belt"},{"floor":25,"key":"Paper Crane"},{"floor":26,"key":"Bronze Scales"}],"event_choices":[{"damage_healed":0,"gold_gain":0,"player_choice":"Success","damage_taken":25,"relics_obtained":["Gremlin Horn"],"max_hp_gain":0,"max_hp_loss":0,"event_name":"Scrap Ooze","floor":4,"gold_loss":0},{"damage_healed":0,"gold_gain":0,"player_choice":"Forge","damage_taken":0,"max_hp_gain":0,"max_hp_loss":0,"event_name":"Accursed Blacksmith","floor":10,"gold_loss":0,"cards_upgraded":["Noxious Fumes"]},{"damage_healed":0,"gold_gain":100,"player_choice":"Pray","damage_taken":0,"max_hp_gain":0,"max_hp_loss":0,"event_name":"Golden Shrine","floor":12,"gold_loss":0},{"damage_healed":0,"gold_gain":0,"player_choice":"Ignored","damage_taken":0,"max_hp_gain":0,"max_hp_loss":0,"event_name":"Beggar","floor":22,"gold_loss":0},{"damage_healed":0,"gold_gain":100,"player_choice":"Pray","damage_taken":0,"max_hp_gain":0,"max_hp_loss":0,"event_name":"Golden Shrine","floor":24,"gold_loss":0}],"is_beta":false,"boss_relics":[{"not_picked":["Fusion Hammer","Pandora\u0027s Box"],"picked":"Orrery"}],"items_purged_floors":[],"is_endless":false,"potions_floor_spawned":[1,3,5,16,23,31],"killed_by":"Champ","ascension_level":10}