{"gold_per_floor":[110,35,35,55,55,55,90,102,190,222,234,246,269,281,293,404,416],"floor_reached":17,"playtime":1731,"items_purged":["Strike_G"],"score":178,"play_id":"36a25ea8-208a-4cdc-b882-2875a28f71bd","local_time":"20190515172832","is_ascension_mode":false,"campfire_choices":[{"data":"Backflip","floor":6,"key":"SMITH"},{"data":"Backstab","floor":8,"key":"SMITH"},{"floor":15,"key":"REST"}],"neow_cost":"NONE","seed_source_timestamp":64270608751587,"circlet_count":0,"master_deck":["Defend_G","Defend_G","Defend_G","Defend_G","Strike_G","Strike_G","Strike_G","Survivor","Neutralize","Backflip+1","Backstab+1","Skewer","Dagger Throw","Dash","Adrenaline"],"relics":["Ring of the Snake","NeowsBlessing","MawBank","Pantograph","Dream Catcher","WristBlade"],"potions_floor_usage":[],"damage_taken":[{"damage":0,"enemies":"2 Louse","floor":1,"turns":1},{"damage":0,"enemies":"Jaw Worm","floor":4,"turns":1},{"damage":0,"enemies":"Lagavulin","floor":7,"turns":1},{"damage":0,"enemies":"Cultist","floor":10,"turns":4},{"damage":0,"enemies":"Lots of Slimes","floor":13,"turns":4},{"damage":56,"enemies":"The Guardian","floor":16,"turns":20}],"seed_played":"-2562871085023283792","potions_obtained":[{"floor":1,"key":"Fire Potion"},{"floor":7,"key":"Explosive Potion"},{"floor":13,"key":"Energy Potion"}],"is_trial":false,"path_per_floor":["M","$","?","M","$","R","E","R","T","M","?","?","M","?","R","B",null],"character_chosen":"THE_SILENT","items_purchased":[],"campfire_rested":1,"item_purchase_floors":[],"current_hp_per_floor":[70,70,70,70,70,70,70,70,70,70,63,51,51,51,70,14,70],"gold":416,"neow_bonus":"THREE_ENEMY_KILL","is_prod":false,"is_daily":false,"chose_seed":false,"campfire_upgraded":2,"win_rate":0.0,"timestamp":1557966512,"path_taken":["M","$","?","M","$","R","E","R","T","M","?","?","M","?","R","BOSS"],"build_version":"2019-01-23","purchased_purges":1,"victory":false,"max_hp_per_floor":[70,70,70,70,70,70,70,70,70,70,70,70,70,70,70,70,70],"card_choices":[{"not_picked":["Choke","Expertise","Distraction"],"picked":"SKIP","floor":1},{"not_picked":["Riddle With Holes","Quick Slash"],"picked":"Backflip","floor":4},{"not_picked":["Footwork","Terror"],"picked":"Backstab","floor":7},{"not_picked":["Tactician","Dagger Spray"],"picked":"Skewer","floor":10},{"not_picked":["PiercingWail","Bane"],"picked":"Dagger Throw","floor":13},{"not_picked":["Quick Slash","Crippling Poison"],"picked":"Dash","floor":15},{"not_picked":["Envenom","After Image"],"picked":"Adrenaline","floor":16}],"player_experience":44834,"relics_obtained":[{"floor":7,"key":"MawBank"},{"floor":9,"key":"Pantograph"}],"event_choices":[{"cards_removed":["Strike_G"],"damage_healed":0,"gold_gain":0,"player_choice":"Forget","damage_taken":0,"max_hp_gain":0,"max_hp_loss":0,"event_name":"Living Wall","floor":3,"gold_loss":0},{"cards_removed":["Defend_G"],"damage_healed":0,"gold_gain":0,"player_choice":"Card Removal","damage_taken":7,"max_hp_gain":0,"max_hp_loss":0,"event_name":"Golden Wing","floor":11,"gold_loss":0},{"damage_healed":0,"gold_gain":0,"player_choice":"Success","damage_taken":12,"relics_obtained":["Dream Catcher"],"max_hp_gain":0,"max_hp_loss":0,"event_name":"Scrap Ooze","floor":12,"gold_loss":0},{"damage_healed":0,"gold_gain":0,"player_choice":"Ignored","damage_taken":0,"max_hp_gain":0,"max_hp_loss":0,"event_name":"Golden Idol","floor":14,"gold_loss":0}],"is_beta":false,"boss_relics":[{"not_picked":["Ectoplasm","Fusion Hammer"],"picked":"WristBlade"}],"items_purged_floors":[2],"is_endless":false,"potions_floor_spawned":[1,7,13],"ascension_level":0}