{"gold_per_floor":[113,113,129,129,25,53,5,34,88,152,152,152],"floor_reached":12,"playtime":228,"items_purged":[],"score":155,"play_id":"4ab13e9a-5fd1-43bf-afac-268d994f38ec","local_time":"20190320021629","is_ascension_mode":true,"campfire_choices":[],"neow_cost":"NONE","seed_source_timestamp":0,"circlet_count":0,"master_deck":["AscendersBane","Strike_B","Strike_B","Strike_B","Defend_B","Defend_B","Defend_B","Defend_B","Zap+1","Dualcast","Coolheaded","Capacitor","Capacitor","Melter","Reprogram","Streamline","Self Repair"],"special_seed":0,"relics":["Cracked Core","Vajra","Darkstone Periapt","Pear","Toxic Egg 2","Strawberry"],"potions_floor_usage":[],"damage_taken":[{"damage":1.0,"enemies":"2 Louse","floor":1.0,"turns":3.0},{"damage":1.0,"enemies":"Cultist","floor":3.0,"turns":4.0},{"damage":34.0,"enemies":"3 Sentries","floor":6.0,"turns":10.0},{"damage":31,"enemies":"Gremlin Nob","floor":8,"turns":4},{"damage":0,"enemies":"Jaw Worm","floor":12,"turns":1}],"seed_played":"-7730149223967437026","potions_obtained":[{"floor":8,"key":"Strength Potion"}],"is_trial":false,"path_per_floor":["M","?","M","T","$","E","$","E","T","?","?","M"],"character_chosen":"DEFECT","items_purchased":["Capacitor","Melter","Streamline"],"campfire_rested":0,"item_purchase_floors":[5,5,7],"current_hp_per_floor":[67,67,66,66,66,42,42,11,18,18,18,18],"gold":152,"neow_bonus":"RANDOM_COMMON_RELIC","is_prod":false,"is_daily":false,"chose_seed":false,"campfire_upgraded":0,"win_rate":0,"timestamp":1553066189,"path_taken":["M","?","?","?","?","E","$","E","T","?","?","?"],"build_version":"2019-01-23","purchased_purges":0,"victory":false,"max_hp_per_floor":[75,75,75,75,75,85,85,85,92,92,92,92],"card_choices":[{"not_picked":["Ball Lightning","Consume"],"picked":"Coolheaded","floor":1.0},{"not_picked":["Steam","Sweeping Beam"],"picked":"Capacitor","floor":3.0},{"not_picked":["Storm","Hyperbeam"],"picked":"Reprogram","floor":6.0},{"not_picked":["Skim","Static Discharge"],"picked":"Self Repair","floor":8}],"player_experience":226703,"relics_obtained":[{"floor":4.0,"key":"Darkstone Periapt"},{"floor":6.0,"key":"Pear"},{"floor":8,"key":"Toxic Egg 2"},{"floor":9,"key":"Strawberry"}],"event_choices":[{"damage_healed":0.0,"max_hp_gain":0.0,"max_hp_loss":0.0,"gold_gain":0.0,"event_name":"Upgrade Shrine","player_choice":"Upgraded","floor":2.0,"gold_loss":0.0,"damage_taken":0.0,"cards_upgraded":["Zap"]},{"damage_healed":0,"gold_gain":64,"player_choice":"Gained Gold","damage_taken":0,"max_hp_gain":0,"max_hp_loss":0,"event_name":"Golden Wing","floor":10,"gold_loss":0},{"cards_removed":["Strike_B"],"damage_healed":0,"gold_gain":0,"player_choice":"Purged","damage_taken":0,"max_hp_gain":0,"max_hp_loss":0,"event_name":"Purifier","floor":11,"gold_loss":0}],"is_beta":false,"boss_relics":[],"items_purged_floors":[],"is_endless":false,"potions_floor_spawned":[8],"killed_by":"Jaw Worm","ascension_level":11}