{"gold_per_floor":[119,8,26,26,36,36,56,56,130,30,30,30,42,53,53,157,157,171,96,96,56,68,68,80,80],"floor_reached":25,"playtime":2179,"items_purged":["Defend_G","Strike_G"],"score":193,"play_id":"051fb075-b1f6-4b06-93c9-6eb3c7fa326e","local_time":"20190516162744","is_ascension_mode":false,"campfire_choices":[{"floor":6,"key":"REST"},{"floor":8,"key":"REST"},{"floor":15,"key":"REST"},{"floor":23,"key":"REST"}],"neow_cost":"NONE","seed_source_timestamp":110633650066014,"circlet_count":0,"master_deck":["Defend_G","Defend_G","Strike_G","Strike_G+1","Strike_G","Survivor","Neutralize","Corpse Explosion","Infinite Blades+1","Well Laid Plans","Outmaneuver","Dash","Flying Knee","Quick Slash","Acrobatics+1","Cloak And Dagger","Blur","Phantasmal Killer","Backflip+1","Accuracy","Footwork","Dagger Spray+1","Catalyst"],"relics":["Ring of the Snake","Dream Catcher","Bottled Flame","Empty Cage"],"potions_floor_usage":[],"damage_taken":[{"damage":0,"enemies":"Small Slimes","floor":1,"turns":4},{"damage":1,"enemies":"Jaw Worm","floor":3,"turns":4},{"damage":7,"enemies":"Cultist","floor":5,"turns":5},{"damage":1,"enemies":"Red Slaver","floor":7,"turns":3},{"damage":0,"enemies":"2 Fungi Beasts","floor":13,"turns":2},{"damage":0,"enemies":"Large Slime","floor":14,"turns":4},{"damage":36,"enemies":"Hexaghost","floor":16,"turns":12},{"damage":13,"enemies":"Shell Parasite","floor":18,"turns":5},{"damage":27,"enemies":"Spheric Guardian","floor":22,"turns":5},{"damage":26,"enemies":"3 Cultists","floor":24,"turns":4},{"damage":29,"enemies":"Gremlin Leader","floor":25,"turns":4}],"seed_played":"5251857527450897396","potions_obtained":[{"floor":3,"key":"Swift Potion"},{"floor":7,"key":"Strength Potion"},{"floor":14,"key":"PowerPotion"}],"is_trial":false,"path_per_floor":["M","$","M","?","M","R","M","R","T","$","?","?","M","M","R","B",null,"M","$","?","$","M","R","M","E"],"character_chosen":"THE_SILENT","items_purchased":["Well Laid Plans","Accuracy","Footwork"],"campfire_rested":4,"item_purchase_floors":[2,19,21],"current_hp_per_floor":[70,70,69,51,44,65,64,70,70,70,56,56,56,56,70,34,70,57,57,57,57,30,51,25,0],"gold":80,"neow_bonus":"TRANSFORM_CARD","is_prod":false,"is_daily":false,"chose_seed":false,"campfire_upgraded":0,"win_rate":0.0,"timestamp":1558049264,"path_taken":["M","$","M","?","M","R","M","R","T","$","?","?","?","M","R","BOSS","M","$","?","$","M","R","M","E"],"build_version":"2019-01-23","purchased_purges":2,"victory":false,"max_hp_per_floor":[70,70,70,70,70,70,70,70,70,70,70,70,70,70,70,70,70,70,70,70,70,70,70,70,70],"card_choices":[{"not_picked":["Prepared","Deflect"],"picked":"Infinite Blades","floor":1},{"not_picked":["Bouncing Flask","Deflect"],"picked":"Outmaneuver","floor":3},{"not_picked":["Quick Slash","Slice"],"picked":"Dash","floor":5},{"not_picked":["Expertise","Reflex"],"picked":"Flying Knee","floor":6},{"not_picked":["PiercingWail","Deadly Poison"],"picked":"Quick Slash","floor":7},{"not_picked":["Poisoned Stab","PiercingWail"],"picked":"Acrobatics","floor":8},{"not_picked":["Slice","Masterful Stab","Bane"],"picked":"SKIP","floor":13},{"not_picked":["Bullet Time","Bane"],"picked":"Cloak And Dagger","floor":14},{"not_picked":["Outmaneuver","Riddle With Holes"],"picked":"Blur","floor":15},{"not_picked":["Adrenaline","After Image"],"picked":"Phantasmal Killer","floor":16},{"not_picked":["Dodge and Roll","All Out Attack"],"picked":"Backflip+1","floor":18},{"not_picked":["Choke+1","Reflex","Slice"],"picked":"SKIP","floor":22},{"not_picked":["PiercingWail+1","Dash"],"picked":"Dagger Spray+1","floor":23},{"not_picked":["Poisoned Stab","Sucker Punch"],"picked":"Catalyst","floor":24}],"player_experience":79016,"relics_obtained":[{"floor":9,"key":"Bottled Flame"}],"event_choices":[{"damage_healed":0,"gold_gain":0,"player_choice":"Success","damage_taken":18,"relics_obtained":["Dream Catcher"],"max_hp_gain":0,"max_hp_loss":0,"event_name":"Scrap Ooze","floor":4,"gold_loss":0},{"damage_healed":0,"gold_gain":0,"player_choice":"Entered Light","damage_taken":14,"max_hp_gain":0,"max_hp_loss":0,"event_name":"Shining Light","floor":11,"gold_loss":0,"cards_upgraded":["Acrobatics","Strike_G"]},{"damage_healed":0,"gold_gain":0,"player_choice":"Grow","damage_taken":0,"max_hp_gain":0,"max_hp_loss":0,"event_name":"Living Wall","floor":12,"gold_loss":0,"cards_upgraded":["Infinite Blades"]},{"damage_healed":0,"gold_gain":0,"player_choice":"Ignored","damage_taken":0,"max_hp_gain":0,"max_hp_loss":0,"event_name":"Ghosts","floor":20,"gold_loss":0}],"is_beta":false,"boss_relics":[{"not_picked":["Sozu","Calling Bell"],"picked":"Empty Cage"}],"items_purged_floors":[2,10],"is_endless":false,"potions_floor_spawned":[3,7,14,24],"killed_by":"Gremlin Leader","ascension_level":0}