{"gold_per_floor":[111,131,144,164,175,209,46,46,46,46,57,57,87,141,141,238,238,256,35,49,61,71,71,89,89,89,36,50,50,50,63,63,63],"floor_reached":33,"playtime":1583,"items_purged":["Shame"],"score":261,"play_id":"b0068074-e3c8-478d-9d19-511668dd9531","local_time":"20190528002718","is_ascension_mode":false,"campfire_choices":[{"data":"Predator","floor":8,"key":"SMITH"},{"data":"Flechettes","floor":10,"key":"SMITH"},{"floor":12,"key":"REST"},{"floor":15,"key":"REST"},{"data":"Accuracy","floor":23,"key":"SMITH"},{"data":"Blade Dance","floor":25,"key":"SMITH"},{"data":"Regret","floor":30,"key":"PURGE"},{"floor":32,"key":"REST"}],"neow_cost":"NONE","seed_source_timestamp":19718142573188,"circlet_count":0,"master_deck":["Defend_G","Defend_G","Defend_G","Defend_G","Defend_G","Strike_G","Strike_G","Strike_G","Strike_G","Strike_G","Survivor","Neutralize","Predator+1","Flechettes+1","Blur","Dagger Throw","Master of Strategy","Doubt","Quick Slash","Infinite Blades","Calculated Gamble","Adrenaline","Well Laid Plans","Accuracy+1","Quick Slash","Infinite Blades+1","Blade Dance+1","Acrobatics","Shame","Crippling Poison","PiercingWail+1"],"relics":["Cursed Key","Anchor","Bottled Flame","Dream Catcher","Happy Flower","Sozu","Vajra","Mummified Hand","Peace Pipe"],"potions_floor_usage":[],"damage_taken":[{"damage":4,"enemies":"Cultist","floor":1,"turns":5},{"damage":0,"enemies":"2 Louse","floor":2,"turns":3},{"damage":1,"enemies":"Jaw Worm","floor":3,"turns":3},{"damage":0,"enemies":"Exordium Thugs","floor":4,"turns":5},{"damage":15,"enemies":"Gremlin Gang","floor":5,"turns":6},{"damage":22,"enemies":"3 Sentries","floor":6,"turns":11},{"damage":0,"enemies":"3 Louse","floor":11,"turns":2},{"damage":15,"enemies":"Gremlin Nob","floor":13,"turns":4},{"damage":35,"enemies":"Slime Boss","floor":16,"turns":13},{"damage":0,"enemies":"Spheric Guardian","floor":18,"turns":2},{"damage":3,"enemies":"Shell Parasite","floor":20,"turns":5},{"damage":9,"enemies":"Snake Plant","floor":21,"turns":4},{"damage":2,"enemies":"Snecko","floor":22,"turns":4},{"damage":16,"enemies":"Centurion and Healer","floor":24,"turns":5},{"damage":8,"enemies":"3 Cultists","floor":28,"turns":5},{"damage":17,"enemies":"Snake Plant","floor":31,"turns":3},{"damage":36,"enemies":"Champ","floor":33,"turns":11}],"seed_played":"460791219793612289","potions_obtained":[{"floor":1,"key":"GhostInAJar"},{"floor":2,"key":"Block Potion"},{"floor":13,"key":"Regen Potion"}],"is_trial":false,"path_per_floor":["M","M","M","M","M","E","$","R","T","R","M","R","E","T","R","B",null,"M","$","M","M","M","R","M","R","T","$","M","?","R","M","R","B"],"character_chosen":"THE_SILENT","items_purchased":["Master of Strategy","Vajra","Acrobatics"],"campfire_rested":3,"item_purchase_floors":[7,19,27],"current_hp_per_floor":[66,66,65,65,50,28,28,28,28,28,28,49,34,34,55,20,70,70,70,67,58,56,56,40,40,40,40,32,32,32,15,36,0],"gold":63,"neow_bonus":"BOSS_RELIC","is_prod":false,"is_daily":false,"chose_seed":false,"campfire_upgraded":4,"win_rate":0,"timestamp":1559028438,"path_taken":["M","M","M","M","M","E","$","R","T","R","M","R","E","?","R","BOSS","M","$","M","M","M","R","M","R","T","$","M","?","R","M","R","BOSS"],"build_version":"2019-01-23","purchased_purges":1,"victory":false,"max_hp_per_floor":[70,70,70,70,70,70,70,70,70,70,70,70,70,70,70,70,70,70,70,70,70,70,70,70,70,70,70,70,70,70,70,70,70],"card_choices":[{"not_picked":["Quick Slash","All Out Attack"],"picked":"Predator","floor":1},{"not_picked":["PiercingWail","Well Laid Plans"],"picked":"Flechettes","floor":2},{"not_picked":["Prepared","Cloak And Dagger"],"picked":"Blur","floor":3},{"not_picked":["Eviscerate","Caltrops","Prepared"],"picked":"SKIP","floor":4},{"not_picked":["PiercingWail","Accuracy","Leg Sweep"],"picked":"SKIP","floor":5},{"not_picked":["Calculated Gamble","Underhanded Strike"],"picked":"Dagger Throw","floor":6},{"not_picked":["Blur","Caltrops"],"picked":"Quick Slash","floor":11},{"not_picked":["Poisoned Stab","Blade Dance"],"picked":"Infinite Blades","floor":13},{"not_picked":["Backflip","Bane"],"picked":"Calculated Gamble","floor":15},{"not_picked":["Bullet Time","Grand Finale"],"picked":"Adrenaline","floor":16},{"not_picked":["Dodge and Roll","Deflect"],"picked":"Well Laid Plans","floor":18},{"not_picked":["Deadly Poison","Sucker Punch"],"picked":"Accuracy","floor":20},{"not_picked":["Eviscerate+1","Infinite Blades"],"picked":"Quick Slash","floor":21},{"not_picked":["Poisoned Stab","Bouncing Flask"],"picked":"Infinite Blades+1","floor":22},{"not_picked":["Slice","Quick Slash+1"],"picked":"Blade Dance","floor":24},{"not_picked":["Reflex","Deadly Poison","Bouncing Flask"],"picked":"SKIP","floor":28},{"not_picked":["Calculated Gamble","Blur"],"picked":"Crippling Poison","floor":31},{"not_picked":["Quick Slash","Outmaneuver"],"picked":"PiercingWail+1","floor":32}],"player_experience":347288,"relics_obtained":[{"floor":6,"key":"Anchor"},{"floor":9,"key":"Bottled Flame"},{"floor":13,"key":"Dream Catcher"},{"floor":14,"key":"Happy Flower"},{"floor":26,"key":"Mummified Hand"}],"event_choices":[{"damage_healed":0,"gold_gain":0,"player_choice":"Stole Relic","damage_taken":0,"relics_obtained":["Peace Pipe"],"max_hp_gain":0,"max_hp_loss":0,"event_name":"Addict","floor":29,"gold_loss":0,"cards_obtained":["Shame"]}],"is_beta":false,"boss_relics":[{"not_picked":["Orrery","Black Star"],"picked":"Sozu"}],"items_purged_floors":[19],"is_endless":false,"potions_floor_spawned":[1,2,13,18,22,24,31],"killed_by":"Champ","ascension_level":0}