{"gold_per_floor":[114,114,125,182,194,194,228,228,228,228,254,254,272,299,299,402,402,418,418,432,532,457,457,457,457,457,457,457,138,138,138,138,138],"floor_reached":33,"playtime":769,"items_purged":["Strike_R"],"score":360,"play_id":"2f68c2c3-be99-4ac7-9247-85158ec68570","local_time":"20190329215106","is_ascension_mode":true,"campfire_choices":[{"data":"Searing Blow","floor":6,"key":"SMITH"},{"data":"Corruption","floor":10,"key":"SMITH"},{"data":"Searing Blow+1","floor":12,"key":"SMITH"},{"floor":15,"key":"REST"},{"floor":23,"key":"REST"},{"data":"Searing Blow+2","floor":24,"key":"SMITH"},{"data":"Searing Blow+3","floor":25,"key":"SMITH"},{"data":"Searing Blow+4","floor":30,"key":"SMITH"},{"floor":32,"key":"REST"}],"neow_cost":"NONE","seed_source_timestamp":1114178777728031,"circlet_count":0,"master_deck":["Strike_R","Strike_R","Defend_R","Defend_R","Defend_R","Defend_R","Bash","Pummel","Heavy Blade","Inflame","Searing Blow+5","Corruption+1","Rampage","Battle Trance","Limit Break","Shrug It Off","Battle Trance+1","Decay"],"relics":["Burning Blood","NeowsBlessing","Turnip","Anchor","Paper Frog","Question Card","Self Forming Clay","Runic Pyramid","WingedGreaves","Sundial","Juzu Bracelet","Pear","Singing Bowl","Meat on the Bone"],"potions_floor_usage":[7,13,14,16],"damage_taken":[{"damage":0,"enemies":"Small Slimes","floor":1,"turns":1},{"damage":0,"enemies":"Cultist","floor":3,"turns":1},{"damage":0,"enemies":"Jaw Worm","floor":5,"turns":1},{"damage":39,"enemies":"Lagavulin","floor":7,"turns":7},{"damage":8,"enemies":"Gremlin Nob","floor":11,"turns":3},{"damage":10,"enemies":"2 Fungi Beasts","floor":13,"turns":3},{"damage":22,"enemies":"3 Sentries","floor":14,"turns":7},{"damage":37,"enemies":"Hexaghost","floor":16,"turns":8},{"damage":17,"enemies":"Spheric Guardian","floor":18,"turns":6},{"damage":2,"enemies":"Chosen","floor":20,"turns":5},{"damage":18,"enemies":"Colosseum Slavers","floor":21,"turns":4},{"damage":84,"enemies":"Colosseum Nobs","floor":21,"turns":7},{"damage":81,"enemies":"Champ","floor":33,"turns":7}],"seed_played":"5449244000794300334","potions_obtained":[{"floor":3,"key":"Dexterity Potion"},{"floor":5,"key":"Dexterity Potion"},{"floor":11,"key":"AttackPotion"},{"floor":14,"key":"Poison Potion"},{"floor":18,"key":"FairyPotion"}],"is_trial":false,"path_per_floor":["M","?","M","?","M","R","E","?","T","R","E","R","M","E","R","B",null,"M","?","M","?","?","R","R","R","T","?","?","$","R","T","R","B"],"character_chosen":"IRONCLAD","items_purchased":["Singing Bowl"],"campfire_rested":3,"item_purchase_floors":[29],"current_hp_per_floor":[78,78,80,80,80,80,47,44,44,44,42,42,38,22,46,15,64,53,53,57,10,10,34,34,34,34,44,44,44,44,44,71,0],"gold":138,"neow_bonus":"THREE_ENEMY_KILL","is_prod":false,"is_daily":false,"chose_seed":false,"campfire_upgraded":6,"win_rate":0,"timestamp":1553914266,"path_taken":["M","?","?","?","M","R","E","?","T","R","E","R","M","E","R","BOSS","M","?","M","?","?","R","R","R","T","?","?","?","R","?","R","BOSS"],"build_version":"2019-01-23","purchased_purges":1,"victory":false,"max_hp_per_floor":[80,80,80,80,80,80,80,80,80,80,80,80,80,80,80,80,80,80,80,80,80,80,80,80,80,80,90,90,90,90,90,90,90],"card_choices":[{"not_picked":["Iron Wave","Hemokinesis"],"picked":"Pummel","floor":1},{"not_picked":["Pommel Strike","Clothesline"],"picked":"Inflame","floor":3},{"not_picked":["Flame Barrier","Perfected Strike"],"picked":"Searing Blow","floor":5},{"not_picked":["Entrench","Body Slam"],"picked":"Corruption","floor":7},{"not_picked":["Searing Blow","Inflame","Iron Wave"],"picked":"SKIP","floor":11},{"not_picked":["Flame Barrier","Flex","Havoc"],"picked":"Rampage","floor":13},{"not_picked":["Havoc","Clash","Exhume"],"picked":"Battle Trance","floor":14},{"not_picked":["Berserk","Bludgeon","Fiend Fire"],"picked":"Limit Break","floor":16},{"not_picked":["Twin Strike+1","Uppercut","Body Slam"],"picked":"Shrug It Off","floor":18},{"not_picked":["Dual Wield","Reckless Charge","Pummel"],"picked":"Battle Trance+1","floor":20}],"player_experience":274111,"relics_obtained":[{"floor":7,"key":"Turnip"},{"floor":9,"key":"Paper Frog"},{"floor":11,"key":"Question Card"},{"floor":14,"key":"Self Forming Clay"},{"floor":21,"key":"WingedGreaves"},{"floor":21,"key":"Sundial"},{"floor":26,"key":"Juzu Bracelet"},{"floor":31,"key":"Meat on the Bone"}],"event_choices":[{"damage_healed":0,"gold_gain":0,"cards_transformed":["Strike_R"],"player_choice":"Transformed","damage_taken":0,"max_hp_gain":0,"max_hp_loss":0,"event_name":"Transmorgrifier","floor":2,"gold_loss":0,"cards_obtained":["Heavy Blade"]},{"damage_healed":0,"gold_gain":57,"player_choice":"Gained Gold","damage_taken":0,"max_hp_gain":0,"max_hp_loss":0,"event_name":"Golden Wing","floor":4,"gold_loss":0},{"damage_healed":0,"gold_gain":0,"player_choice":"Success","damage_taken":3,"relics_obtained":["Anchor"],"max_hp_gain":0,"max_hp_loss":0,"event_name":"Scrap Ooze","floor":8,"gold_loss":0},{"damage_healed":0,"gold_gain":0,"player_choice":"Ignored","damage_taken":0,"max_hp_gain":0,"max_hp_loss":0,"event_name":"Ghosts","floor":19,"gold_loss":0},{"damage_healed":0,"gold_gain":0,"player_choice":"Fight","damage_taken":0,"max_hp_gain":0,"max_hp_loss":0,"event_name":"Colosseum","floor":21,"gold_loss":0},{"damage_healed":0,"gold_gain":0,"player_choice":"Fought Nobs","damage_taken":0,"max_hp_gain":0,"max_hp_loss":0,"event_name":"Colosseum","floor":21,"gold_loss":0},{"cards_removed":["Strike_R"],"damage_healed":0,"gold_gain":0,"player_choice":"Gave Gold","damage_taken":0,"max_hp_gain":0,"max_hp_loss":0,"event_name":"Beggar","floor":22,"gold_loss":75},{"damage_healed":0,"gold_gain":0,"player_choice":"Opened","damage_taken":0,"relics_obtained":["Pear"],"max_hp_gain":0,"max_hp_loss":0,"event_name":"The Mausoleum","floor":27,"gold_loss":0},{"damage_healed":0,"gold_gain":0,"player_choice":"Smashed Altar","damage_taken":0,"max_hp_gain":0,"max_hp_loss":0,"event_name":"Forgotten Altar","floor":28,"gold_loss":0,"cards_obtained":["Decay"]}],"is_beta":false,"boss_relics":[{"not_picked":["Lizard Tail","Runic Cube"],"picked":"Runic Pyramid"}],"items_purged_floors":[29],"is_endless":false,"potions_floor_spawned":[3,5,11,14,18,21],"killed_by":"Champ","ascension_level":8}