{"gold_per_floor":[118,186,9,9,27,59,59,85,85,85,85,85,98,132,132,234,234,216,227,227],"floor_reached":20,"playtime":791,"items_purged":["Decay"],"score":291,"play_id":"13ea8f6b-21f8-49e1-bbca-a2015af978f2","local_time":"20190318193953","is_ascension_mode":true,"campfire_choices":[{"floor":7,"key":"REST"},{"floor":10,"key":"REST"},{"data":"Armaments","floor":15,"key":"SMITH"}],"neow_cost":"CURSE","seed_source_timestamp":155858713882291,"circlet_count":0,"master_deck":["Strike_R","Strike_R","Strike_R","Strike_R","Strike_R","Defend_R","Defend_R","Defend_R","Defend_R","Bash","Feed","Pommel Strike","Shrug It Off","True Grit","Dual Wield","Clothesline","Disarm","Parasite","Whirlwind","Armaments+1","Demon Form","Writhe","Doubt","Pain","Thunderclap","Pummel+1"],"relics":["Burning Blood","Dodecahedron","Meat on the Bone","Lantern","Boot","Anchor","Calling Bell","Blood Vial","Letter Opener","WingedGreaves"],"potions_floor_usage":[6,14,16],"damage_taken":[{"damage":24,"enemies":"Jaw Worm","floor":1,"turns":6},{"damage":0,"enemies":"Small Slimes","floor":5,"turns":4},{"damage":64,"enemies":"3 Sentries","floor":6,"turns":13},{"damage":32,"enemies":"Gremlin Nob","floor":8,"turns":5},{"damage":12,"enemies":"2 Louse","floor":13,"turns":5},{"damage":41,"enemies":"Lagavulin","floor":14,"turns":9},{"damage":58,"enemies":"Hexaghost","floor":16,"turns":16},{"damage":18,"enemies":"2 Thieves","floor":18,"turns":4},{"damage":67,"enemies":"Spheric Guardian","floor":19,"turns":8},{"damage":29,"enemies":"Shelled Parasite and Fungi","floor":20,"turns":3}],"seed_played":"45990180703680411","potions_obtained":[{"floor":1,"key":"Regen Potion"},{"floor":8,"key":"BloodPotion"},{"floor":13,"key":"SteroidPotion"},{"floor":18,"key":"SpeedPotion"}],"is_trial":false,"path_per_floor":["M","?","$","?","M","E","R","E","T","R","?","?","M","E","R","B",null,"M","M","M"],"character_chosen":"IRONCLAD","items_purchased":["Shrug It Off","True Grit"],"campfire_rested":2,"item_purchase_floors":[3,3],"current_hp_per_floor":[57,57,57,57,66,29,56,30,30,57,54,77,71,60,60,20,76,69,22,0],"gold":227,"neow_bonus":"THREE_RARE_CARDS","is_prod":false,"is_daily":false,"chose_seed":false,"campfire_upgraded":1,"win_rate":0,"timestamp":1552955993,"path_taken":["M","?","$","?","M","E","R","E","T","R","?","?","?","E","R","BOSS","M","M","?"],"build_version":"2019-01-23","purchased_purges":1,"victory":false,"max_hp_per_floor":[83,83,83,83,86,92,92,92,92,92,92,92,92,95,95,95,95,98,98,101],"card_choices":[{"not_picked":["Brutality","Impervious"],"picked":"Feed","floor":0},{"not_picked":["Anger","Wild Strike"],"picked":"Pommel Strike","floor":1},{"not_picked":["Warcry","True Grit"],"picked":"Dual Wield","floor":5},{"not_picked":["Flex","Combust"],"picked":"Clothesline","floor":6},{"not_picked":["Fiend Fire","Headbutt"],"picked":"Disarm","floor":8},{"not_picked":["Infernal Blade","Havoc"],"picked":"Whirlwind","floor":13},{"not_picked":["Carnage","Pommel Strike"],"picked":"Armaments","floor":14},{"not_picked":["Exhume","Feed"],"picked":"Demon Form","floor":16},{"not_picked":["Clash+1","Sword Boomerang"],"picked":"Thunderclap","floor":18},{"not_picked":["Berserk","Sword Boomerang"],"picked":"Pummel+1","floor":19}],"player_experience":222404,"relics_obtained":[{"floor":6,"key":"Dodecahedron"},{"floor":8,"key":"Meat on the Bone"},{"floor":9,"key":"Lantern"},{"floor":14,"key":"Anchor"},{"floor":17,"key":"Blood Vial"},{"floor":17,"key":"Letter Opener"},{"floor":17,"key":"WingedGreaves"}],"event_choices":[{"damage_healed":0,"gold_gain":68,"player_choice":"Gained Gold","damage_taken":0,"max_hp_gain":0,"max_hp_loss":0,"event_name":"Golden Wing","floor":2,"gold_loss":0},{"damage_healed":0,"gold_gain":0,"player_choice":"Leave","damage_taken":0,"max_hp_gain":0,"max_hp_loss":0,"event_name":"The Cleric","floor":4,"gold_loss":0},{"damage_healed":0,"gold_gain":0,"player_choice":"Success","damage_taken":3,"relics_obtained":["Boot"],"max_hp_gain":0,"max_hp_loss":0,"event_name":"Scrap Ooze","floor":11,"gold_loss":0},{"damage_healed":23,"gold_gain":0,"player_choice":"Healed and dodged fight","damage_taken":0,"max_hp_gain":0,"max_hp_loss":0,"event_name":"Mushrooms","floor":12,"gold_loss":0,"cards_obtained":["Parasite"]}],"is_beta":false,"boss_relics":[{"not_picked":["Busted Crown","White Beast Statue"],"picked":"Calling Bell"}],"items_purged_floors":[3],"is_endless":false,"potions_floor_spawned":[1,8,13,18],"killed_by":"Shelled Parasite and Fungi","ascension_level":8}