{"gold_per_floor":[114,114,129,197,207,236,236,252,252,279,279,279,279,295,295,295],"floor_reached":16,"playtime":434,"items_purged":[],"score":234,"play_id":"b7d5a467-40af-4fc0-b45f-cf86cebdfe8f","local_time":"20190517171832","is_ascension_mode":true,"campfire_choices":[{"floor":7.0,"key":"REST"},{"floor":11.0,"key":"REST"},{"data":"Armaments","floor":15.0,"key":"SMITH"}],"neow_cost":"NONE","seed_source_timestamp":12031483573475,"circlet_count":0,"master_deck":["AscendersBane","Strike_R","Strike_R","Strike_R","Strike_R","Defend_R","Defend_R","Defend_R","Defend_R","Bash+1","Thunderclap","Sword Boomerang","Feed","Feel No Pain","Flame Barrier","Armaments+1"],"special_seed":0,"relics":["Burning Blood","Pear","Bag of Preparation","Singing Bowl","Question Card"],"potions_floor_usage":[16],"damage_taken":[{"damage":6.0,"enemies":"Small Slimes","floor":1.0,"turns":4.0},{"damage":9.0,"enemies":"Jaw Worm","floor":3.0,"turns":4.0},{"damage":4.0,"enemies":"2 Louse","floor":5.0,"turns":4.0},{"damage":40.0,"enemies":"Gremlin Nob","floor":6.0,"turns":5.0},{"damage":47.0,"enemies":"Gremlin Gang","floor":8.0,"turns":8.0},{"damage":23.0,"enemies":"Lagavulin","floor":10.0,"turns":6.0},{"damage":21.0,"enemies":"Exordium Thugs","floor":14.0,"turns":8.0},{"damage":27,"enemies":"Hexaghost","floor":16,"turns":9}],"seed_played":"2297726776580079873","potions_obtained":[{"floor":3.0,"key":"Ancient Potion"},{"floor":8.0,"key":"Strength Potion"},{"floor":13.0,"key":"Explosive Potion"},{"floor":13.0,"key":"Poison Potion"}],"is_trial":false,"path_per_floor":["M","?","M","T","M","E","R","M","T","E","R","?","?","M","R","B"],"character_chosen":"IRONCLAD","items_purchased":[],"campfire_rested":2,"item_purchase_floors":[],"current_hp_per_floor":[68,61,58,68,70,39,65,27,27,12,39,39,39,27,27,0],"gold":295,"neow_bonus":"UPGRADE_CARD","is_prod":false,"is_daily":false,"chose_seed":false,"campfire_upgraded":1,"win_rate":0,"timestamp":1558131512,"path_taken":["M","?","M","?","M","E","R","M","T","E","R","?","?","M","R","BOSS"],"build_version":"2019-01-23","purchased_purges":0,"victory":false,"max_hp_per_floor":[75,75,75,85,85,88,88,91,91,93,93,93,93,96,96,96],"card_choices":[{"not_picked":["Flex","Ghostly Armor"],"picked":"Thunderclap","floor":1.0},{"not_picked":["Heavy Blade","Wild Strike"],"picked":"Sword Boomerang","floor":3.0},{"not_picked":["Heavy Blade","Clash"],"picked":"Feed","floor":5.0},{"not_picked":["Reckless Charge","Havoc"],"picked":"Feel No Pain","floor":6.0},{"not_picked":["Perfected Strike","True Grit"],"picked":"Flame Barrier","floor":8.0},{"not_picked":["Heavy Blade","Wild Strike","Bloodletting"],"picked":"Singing Bowl","floor":10.0},{"not_picked":["Headbutt","Havoc","Heavy Blade"],"picked":"Armaments","floor":14.0}],"player_experience":435989,"relics_obtained":[{"floor":4.0,"key":"Pear"},{"floor":6.0,"key":"Bag of Preparation"},{"floor":9.0,"key":"Singing Bowl"},{"floor":10.0,"key":"Question Card"}],"event_choices":[{"cards_removed":["Strike_R"],"damage_healed":0.0,"max_hp_gain":0.0,"max_hp_loss":0.0,"gold_gain":0.0,"event_name":"Golden Wing","player_choice":"Card Removal","floor":2.0,"gold_loss":0.0,"damage_taken":7.0},{"damage_healed":0.0,"max_hp_gain":0.0,"max_hp_loss":0.0,"gold_gain":0.0,"event_name":"Liars Game","player_choice":"Ignored","floor":12.0,"gold_loss":0.0,"damage_taken":0.0},{"damage_healed":0.0,"max_hp_gain":0.0,"max_hp_loss":0.0,"gold_gain":0.0,"event_name":"Lab","player_choice":"Got Potions","floor":13.0,"gold_loss":0.0,"damage_taken":0.0}],"is_beta":false,"boss_relics":[],"items_purged_floors":[],"is_endless":false,"potions_floor_spawned":[3,8],"killed_by":"Hexaghost","ascension_level":18}