{"gold_per_floor":[119,137,137,137,157,157,183,183,183,218,100,100,114,135,135,228,228,247,3,28,28,51,51,51,92,92,111,111,151,151,171,171,260,260,276,276,609,212,232,232,284,284,284,284,302,330,341,359,359,359,359],"floor_reached":51,"playtime":2881,"items_purged":["Strike_R","Strike_R","Strike_R"],"score":1425,"play_id":"04d56d63-e7af-49f9-ac76-28d234833e71","local_time":"20190520193748","is_ascension_mode":true,"campfire_choices":[{"data":"True Grit","floor":6.0,"key":"SMITH"},{"data":"Shrug It Off","floor":8.0,"key":"SMITH"},{"data":"Inflame","floor":15.0,"key":"SMITH"},{"floor":23.0,"key":"REST"},{"floor":28.0,"key":"REST"},{"floor":32.0,"key":"REST"},{"floor":40.0,"key":"RECALL"},{"floor":42.0,"key":"REST"},{"floor":44.0,"key":"REST"},{"floor":49.0,"key":"REST"}],"neow_cost":"NONE","seed_source_timestamp":0,"circlet_count":0,"master_deck":["AscendersBane","Strike_R","Strike_R","Defend_R","Defend_R","Defend_R","Defend_R","Bash+1","True Grit+1","Shrug It Off+1","Pommel Strike","Battle Trance","Bludgeon","Ghostly Armor","Clothesline","Inflame+1","Impervious","Whirlwind+1","Inflame","Flame Barrier+1","Havoc","Fiend Fire","Spot Weakness","Armaments+1","Demon Form","Shockwave","Secret Technique","Flash of Steel","Inflame","Disarm","Body Slam+1","Shrug It Off","Flame Barrier"],"special_seed":0,"relics":["Burning Blood","Potion Belt","Mummified Hand","Blue Candle","Happy Flower","Fusion Hammer","Pear","Oddly Smooth Stone","The Courier","Question Card","White Beast Statue","Pocketwatch","Incense Burner","Omamori"],"potions_floor_usage":[51,51,51],"damage_taken":[{"damage":7.0,"enemies":"Small Slimes","floor":1.0,"turns":3.0},{"damage":9.0,"enemies":"2 Louse","floor":2.0,"turns":4.0},{"damage":0.0,"enemies":"Cultist","floor":5.0,"turns":4.0},{"damage":25.0,"enemies":"3 Sentries","floor":7.0,"turns":14.0},{"damage":32.0,"enemies":"Gremlin Nob","floor":10.0,"turns":4.0},{"damage":12.0,"enemies":"Exordium Thugs","floor":13.0,"turns":4.0},{"damage":4.0,"enemies":"Large Slime","floor":14.0,"turns":7.0},{"damage":19.0,"enemies":"The Guardian","floor":16.0,"turns":16.0},{"damage":26.0,"enemies":"2 Thieves","floor":18.0,"turns":4.0},{"damage":5.0,"enemies":"Shell Parasite","floor":20.0,"turns":4.0},{"damage":9.0,"enemies":"Centurion and Healer","floor":22.0,"turns":5.0},{"damage":13.0,"enemies":"Gremlin Leader","floor":25.0,"turns":5.0},{"damage":0.0,"enemies":"Snake Plant","floor":27.0,"turns":3.0},{"damage":22.0,"enemies":"Slavers","floor":29.0,"turns":5.0},{"damage":3.0,"enemies":"Snecko","floor":31.0,"turns":5.0},{"damage":37.0,"enemies":"Champ","floor":33.0,"turns":12.0},{"damage":14.0,"enemies":"Orb Walker","floor":35.0,"turns":4.0},{"damage":0.0,"enemies":"3 Shapes","floor":39.0,"turns":3.0},{"damage":32.0,"enemies":"2 Orb Walkers","floor":41.0,"turns":5.0},{"damage":6.0,"enemies":"Spire Growth","floor":45.0,"turns":5.0},{"damage":37.0,"enemies":"Giant Head","floor":46.0,"turns":8.0},{"damage":29.0,"enemies":"Sphere and 2 Shapes","floor":47.0,"turns":8.0},{"damage":0.0,"enemies":"4 Shapes","floor":48.0,"turns":4.0},{"damage":58.0,"enemies":"Awakened One","floor":50.0,"turns":18.0},{"damage":25,"enemies":"Time Eater","floor":51,"turns":7}],"seed_played":"7310972332777603631","potions_obtained":[{"floor":1.0,"key":"Weak Potion"},{"floor":7.0,"key":"GamblersBrew"},{"floor":10.0,"key":"Strength Potion"},{"floor":16.0,"key":"Strength Potion"},{"floor":20.0,"key":"Regen Potion"},{"floor":22.0,"key":"FearPotion"},{"floor":25.0,"key":"Energy Potion"},{"floor":29.0,"key":"SkillPotion"},{"floor":35.0,"key":"Dexterity Potion"},{"floor":41.0,"key":"Regen Potion"},{"floor":45.0,"key":"PowerPotion"},{"floor":47.0,"key":"Swift Potion"}],"is_trial":false,"path_per_floor":["M","M","?","?","M","R","E","R","T","E","$","?","M","M","R","B",null,"M","$","M","?","M","R","?","E","T","M","R","E","T","M","R","B",null,"M","?","?","$","M","R","?","R","T","R","M","E","M","M","R","B","B"],"character_chosen":"IRONCLAD","items_purchased":["Ghostly Armor","Inflame","PowerPotion","Inflame","Pocketwatch"],"campfire_rested":6,"item_purchase_floors":[11,19,19,38,38],"current_hp_per_floor":[67,64,64,64,70,70,51,51,51,25,25,25,19,21,21,8,53,33,33,34,34,31,51,51,54,54,60,78,62,62,65,78,47,70,62,52,52,52,58,58,46,69,69,78,78,47,39,45,68,16,0],"gold":359,"neow_bonus":"RANDOM_COMMON_RELIC","is_prod":false,"is_daily":false,"chose_seed":false,"campfire_upgraded":3,"win_rate":0,"timestamp":1558395468,"path_taken":["M","M","?","?","M","R","E","R","T","E","$","?","M","M","R","BOSS","M","$","M","?","M","R","?","E","T","?","R","E","?","M","R","BOSS","M","?","?","$","M","R","?","R","T","R","?","E","M","M","R","BOSS","BOSS"],"build_version":"2019-01-23","purchased_purges":3,"victory":false,"max_hp_per_floor":[75,75,75,75,75,75,75,75,75,75,75,68,68,68,68,68,68,68,68,68,68,68,68,68,78,78,78,78,78,78,78,78,78,78,78,78,78,78,78,78,78,78,78,78,78,78,78,78,78,78,78],"card_choices":[{"not_picked":["Body Slam","Twin Strike"],"picked":"True Grit","floor":1.0},{"not_picked":["Fire Breathing","Armaments"],"picked":"Shrug It Off","floor":2.0},{"not_picked":["Clash","Dark Embrace"],"picked":"Pommel Strike","floor":5.0},{"not_picked":["Thunderclap","Flex"],"picked":"Battle Trance","floor":7.0},{"not_picked":["Heavy Blade","Headbutt"],"picked":"Bludgeon","floor":10.0},{"not_picked":["Wild Strike","Perfected Strike"],"picked":"Clothesline","floor":13.0},{"not_picked":["Body Slam","Armaments"],"picked":"Inflame","floor":14.0},{"not_picked":["Demon Form","Exhume"],"picked":"Impervious","floor":16.0},{"not_picked":["Perfected Strike","Rupture"],"picked":"Whirlwind+1","floor":18.0},{"not_picked":["Wild Strike+1","Clash","Perfected Strike"],"picked":"SKIP","floor":20.0},{"not_picked":["Warcry","Rupture+1"],"picked":"Havoc","floor":22.0},{"not_picked":["Cleave","Anger"],"picked":"Fiend Fire","floor":25.0},{"not_picked":["Iron Wave","Havoc"],"picked":"Spot Weakness","floor":27.0},{"not_picked":["Carnage","Searing Blow","Burning Pact"],"picked":"SKIP","floor":29.0},{"not_picked":["Entrench","Iron Wave","Clothesline+1"],"picked":"Armaments+1","floor":31.0},{"not_picked":["Exhume","Berserk","Fiend Fire"],"picked":"Demon Form","floor":33.0},{"not_picked":["Rupture","Headbutt","Havoc+1"],"picked":"Shockwave","floor":35.0},{"not_picked":["Dark Shackles","Bandage Up","Sadistic Nature"],"picked":"Secret Technique","floor":36.0},{"not_picked":["Blind","Madness","Trip"],"picked":"Flash of Steel","floor":36.0},{"not_picked":["Perfected Strike+1","Thunderclap+1","Flame Barrier+1"],"picked":"Disarm","floor":39.0},{"not_picked":["Carnage","Clash","Wild Strike"],"picked":"Body Slam+1","floor":41.0},{"not_picked":["Entrench+1","Cleave","Perfected Strike","Twin Strike"],"picked":"SKIP","floor":45.0},{"not_picked":["Fiend Fire","Havoc+1","Blood for Blood+1"],"picked":"Shrug It Off","floor":46.0},{"not_picked":["Carnage","Cleave","Flex"],"picked":"Flame Barrier","floor":47.0},{"not_picked":["Twin Strike+1","Hemokinesis","Combust","Havoc"],"picked":"SKIP","floor":48.0}],"player_experience":815259,"relics_obtained":[{"floor":7.0,"key":"Mummified Hand"},{"floor":9.0,"key":"Blue Candle"},{"floor":10.0,"key":"Happy Flower"},{"floor":25.0,"key":"Pear"},{"floor":26.0,"key":"Oddly Smooth Stone"},{"floor":29.0,"key":"The Courier"},{"floor":30.0,"key":"Question Card"},{"floor":41.0,"key":"Incense Burner"},{"floor":46.0,"key":"Omamori"}],"event_choices":[{"damage_healed":0.0,"max_hp_gain":0.0,"max_hp_loss":0.0,"gold_gain":0.0,"event_name":"Living Wall","player_choice":"Grow","floor":3.0,"gold_loss":0.0,"damage_taken":0.0,"cards_upgraded":["Bash"]},{"damage_healed":0.0,"max_hp_gain":0.0,"max_hp_loss":0.0,"gold_gain":0.0,"event_name":"Liars Game","player_choice":"Ignored","floor":4.0,"gold_loss":0.0,"damage_taken":0.0},{"damage_healed":0.0,"max_hp_gain":0.0,"max_hp_loss":7.0,"gold_gain":0.0,"event_name":"Golden Idol","player_choice":"Lose Max HP","floor":12.0,"gold_loss":0.0,"damage_taken":0.0,"relics_obtained":["Golden Idol"]},{"damage_healed":0.0,"max_hp_gain":0.0,"max_hp_loss":0.0,"gold_gain":0.0,"event_name":"The Library","player_choice":"Read","floor":21.0,"gold_loss":0.0,"damage_taken":0.0,"cards_obtained":["Flame Barrier"]},{"damage_healed":0.0,"max_hp_gain":0.0,"max_hp_loss":0.0,"gold_gain":0.0,"event_name":"Accursed Blacksmith","player_choice":"Forge","floor":24.0,"gold_loss":0.0,"damage_taken":0.0,"cards_upgraded":["Flame Barrier"]},{"damage_healed":0.0,"max_hp_gain":0.0,"max_hp_loss":0.0,"gold_gain":0.0,"event_name":"SensoryStone","player_choice":"Memory 3","floor":36.0,"gold_loss":0.0,"damage_taken":10.0},{"damage_healed":0.0,"max_hp_gain":0.0,"max_hp_loss":0.0,"gold_gain":333.0,"event_name":"The Moai Head","player_choice":"Gave Idol","floor":37.0,"relics_lost":["Golden Idol"],"gold_loss":0.0,"damage_taken":0.0},{"damage_healed":0.0,"max_hp_gain":0.0,"max_hp_loss":0.0,"gold_gain":0.0,"event_name":"Mysterious Sphere","player_choice":"Fight","floor":41.0,"gold_loss":0.0,"damage_taken":0.0}],"is_beta":false,"boss_relics":[{"not_picked":["Runic Dome","Busted Crown"],"picked":"Fusion Hammer"},{"not_picked":["Tiny House","Philosopher\u0027s Stone"],"picked":"White Beast Statue"}],"items_purged_floors":[11,19,38],"is_endless":false,"potions_floor_spawned":[1,7,10,16,20,22,25,29,35,39,41,45,46,47,48],"killed_by":"Time Eater","ascension_level":20}