{"gold_per_floor":[118,133,145,245,260,260,215,215,215,215,230,244,244,260,260,388,388,401,84,24],"floor_reached":20,"playtime":1591,"items_purged":["Parasite"],"score":166,"play_id":"aa12a878-6657-4096-9b26-73627ebdaa6e","local_time":"20190207010127","is_ascension_mode":false,"campfire_choices":[{"data":"Anger","floor":6,"key":"SMITH"},{"data":"Rupture","floor":8,"key":"SMITH"},{"floor":13,"key":"REST"},{"floor":15,"key":"REST"}],"neow_cost":"","seed_source_timestamp":1808710850194005,"circlet_count":0,"master_deck":["Strike_R","Strike_R","Strike_R","Strike_R","Strike_R","Defend_R","Defend_R","Defend_R","Defend_R","Bash","Twin Strike","Anger+1","Dual Wield","Rupture+1","Cleave","Injury","Clothesline","Pommel Strike","Hemokinesis","Demon Form","Decay","Injury","Second Wind+1","Second Wind","Rupture","Perfected Strike","Finesse"],"relics":["Burning Blood","Nunchaku","Golden Idol","Calling Bell","Dream Catcher","Matryoshka","Girya"],"potions_floor_usage":[16,16,16],"damage_taken":[{"damage":0,"enemies":"Small Slimes","floor":1,"turns":3},{"damage":1,"enemies":"Cultist","floor":2,"turns":3},{"damage":1,"enemies":"Jaw Worm","floor":3,"turns":3},{"damage":20,"enemies":"Looter","floor":5,"turns":3},{"damage":0,"enemies":"Large Slime","floor":11,"turns":5},{"damage":22,"enemies":"2 Fungi Beasts","floor":12,"turns":4},{"damage":28,"enemies":"Gremlin Gang","floor":14,"turns":4},{"damage":84,"enemies":"The Guardian","floor":16,"turns":9},{"damage":57,"enemies":"Shell Parasite","floor":18,"turns":6},{"damage":38,"enemies":"2 Thieves","floor":20,"turns":2}],"seed_played":"6294217254000547903","potions_obtained":[{"floor":2,"key":"PowerPotion"},{"floor":11,"key":"BloodPotion"},{"floor":12,"key":"Dexterity Potion"},{"floor":14,"key":"Strength Potion"},{"floor":16,"key":"LiquidBronze"}],"is_trial":false,"path_per_floor":["M","M","M","?","M","R","$","R","T","?","M","M","R","M","R","B",null,"M","$","M"],"character_chosen":"IRONCLAD","items_purchased":["Cleave","Second Wind","Rupture","Perfected Strike","Finesse"],"campfire_rested":2,"item_purchase_floors":[7,19,19,19,19],"current_hp_per_floor":[80,80,80,80,66,66,66,66,66,66,72,56,80,58,80,10,80,29,29,0],"gold":24,"neow_bonus":"","is_prod":false,"is_daily":false,"chose_seed":false,"campfire_upgraded":2,"win_rate":0.0,"timestamp":1549522887,"path_taken":["M","M","M","?","?","R","$","R","T","?","M","M","R","M","R","BOSS","M","$","M"],"build_version":"2019-01-23","purchased_purges":1,"victory":false,"max_hp_per_floor":[80,80,80,80,80,80,80,80,80,80,80,80,80,80,80,80,80,80,77,77],"card_choices":[{"not_picked":["Hemokinesis","True Grit"],"picked":"Twin Strike","floor":1},{"not_picked":["Thunderclap","Infernal Blade"],"picked":"Anger","floor":2},{"not_picked":["Body Slam","Flame Barrier"],"picked":"Dual Wield","floor":3},{"not_picked":["Carnage","Clash"],"picked":"Rupture","floor":5},{"not_picked":["Body Slam","Flex"],"picked":"Clothesline","floor":11},{"not_picked":["Reckless Charge","Iron Wave"],"picked":"Pommel Strike","floor":12},{"not_picked":["Brutality","Armaments"],"picked":"Hemokinesis","floor":14},{"not_picked":["Dark Embrace","Offering"],"picked":"Demon Form","floor":16},{"not_picked":["Cleave","Anger"],"picked":"Second Wind+1","floor":18}],"player_experience":0,"relics_obtained":[{"floor":9,"key":"Nunchaku"},{"floor":17,"key":"Dream Catcher"},{"floor":17,"key":"Matryoshka"},{"floor":17,"key":"Girya"}],"event_choices":[{"damage_healed":0,"gold_gain":100,"player_choice":"Pray","damage_taken":0,"max_hp_gain":0,"max_hp_loss":0,"event_name":"Golden Shrine","floor":4,"gold_loss":0},{"damage_healed":0,"gold_gain":0,"player_choice":"Take Wound","damage_taken":0,"relics_obtained":["Golden Idol"],"max_hp_gain":0,"max_hp_loss":0,"event_name":"Golden Idol","floor":10,"gold_loss":0,"cards_obtained":["Injury"]}],"is_beta":false,"boss_relics":[{"not_picked":["Snecko Eye","Fusion Hammer"],"picked":"Calling Bell"}],"items_purged_floors":[19],"is_endless":false,"potions_floor_spawned":[2,11,12,14,16],"killed_by":"2 Thieves","ascension_level":0}