{"gold_per_floor":[112,112,61,71,81,81,95,95,95,107,118,133,133,163,163,163],"floor_reached":16,"playtime":1448,"items_purged":[],"score":94,"play_id":"de41dbb3-d0d5-4690-8fb9-4c2bfec2c945","local_time":"20190515175304","is_ascension_mode":false,"campfire_choices":[{"data":"Deadly Poison","floor":6,"key":"SMITH"},{"data":"Neutralize","floor":8,"key":"SMITH"},{"data":"Acrobatics","floor":13,"key":"SMITH"},{"floor":15,"key":"REST"}],"neow_cost":"NONE","seed_source_timestamp":66031594386396,"circlet_count":0,"master_deck":["Defend_G","Defend_G","Defend_G","Defend_G","Defend_G","Strike_G","Strike_G","Strike_G","Strike_G","Strike_G","Survivor","Neutralize+1","Deadly Poison+1","Acrobatics","Acrobatics+1","Outmaneuver"],"relics":["Ring of the Snake","Question Card"],"potions_floor_usage":[],"damage_taken":[{"damage":5,"enemies":"Small Slimes","floor":1,"turns":5},{"damage":6,"enemies":"Cultist","floor":4,"turns":4},{"damage":6,"enemies":"2 Louse","floor":5,"turns":5},{"damage":0,"enemies":"Looter","floor":7,"turns":4},{"damage":2,"enemies":"Large Slime","floor":10,"turns":7},{"damage":5,"enemies":"Red Slaver","floor":11,"turns":5},{"damage":6,"enemies":"Exordium Thugs","floor":12,"turns":4},{"damage":53,"enemies":"Slime Boss","floor":16,"turns":11}],"seed_played":"6749571547582013350","potions_obtained":[{"floor":4,"key":"EssenceOfSteel"},{"floor":5,"key":"Swift Potion"},{"floor":11,"key":"SpeedPotion"}],"is_trial":false,"path_per_floor":["M","?","$","M","M","R","M","R","T","M","M","M","R","?","R","B"],"character_chosen":"THE_SILENT","items_purchased":["Acrobatics"],"campfire_rested":1,"item_purchase_floors":[3],"current_hp_per_floor":[65,65,65,59,53,53,53,53,53,51,46,40,40,40,61,8],"gold":163,"neow_bonus":"RANDOM_COLORLESS","is_prod":false,"is_daily":false,"chose_seed":false,"campfire_upgraded":3,"win_rate":0.0,"timestamp":1557967984,"path_taken":["M","?","$","M","M","R","?","R","T","M","M","M","R","?","R","BOSS"],"build_version":"2019-01-23","purchased_purges":0,"victory":false,"max_hp_per_floor":[70,70,70,70,70,70,70,70,70,70,70,70,70,70,70,70],"card_choices":[{"not_picked":["Flying Knee","Slice"],"picked":"Deadly Poison","floor":1},{"not_picked":["Deflect","Terror"],"picked":"Acrobatics","floor":4},{"not_picked":["Flechettes","Slice","Bane"],"picked":"SKIP","floor":5},{"not_picked":["Deflect","Quick Slash","Slice"],"picked":"SKIP","floor":7},{"not_picked":["Riddle With Holes","Poisoned Stab","Underhanded Strike","Expertise"],"picked":"SKIP","floor":10},{"not_picked":["Eviscerate","Reflex","Choke","Underhanded Strike"],"picked":"SKIP","floor":11},{"not_picked":["Flying Knee","PiercingWail","Heel Hook"],"picked":"Outmaneuver","floor":12}],"player_experience":46565,"relics_obtained":[{"floor":9,"key":"Question Card"}],"event_choices":[{"cards_removed":["Madness"],"damage_healed":0,"gold_gain":0,"player_choice":"Purged","damage_taken":0,"max_hp_gain":0,"max_hp_loss":0,"event_name":"Purifier","floor":2,"gold_loss":0},{"damage_healed":0,"gold_gain":30,"player_choice":"Searched \u00271\u0027 times","damage_taken":0,"max_hp_gain":0,"max_hp_loss":0,"event_name":"Dead Adventurer","floor":14,"gold_loss":0}],"is_beta":false,"boss_relics":[],"items_purged_floors":[],"is_endless":false,"potions_floor_spawned":[4,5,11],"killed_by":"Slime Boss","ascension_level":0}