{"gold_per_floor":[109,109,127,141,154,213,213,242,242,262,262,32,58,58,58,158,158,176,136,126,18,18,18,45,45,114,142,155,155,155,189,189,294,294,312,158,158,168,168,494,510,543,543,543,558,558,81,93,93,93],"floor_reached":51,"playtime":1764,"items_purged":["Strike_R"],"score":1270,"play_id":"e2d48632-9526-4428-b3d3-4c29fdfa1c43","local_time":"20190501144034","is_ascension_mode":true,"campfire_choices":[{"data":"Armaments","floor":15.0,"key":"SMITH"},{"floor":23.0,"key":"REST"},{"data":"Warcry","floor":25.0,"key":"SMITH"},{"data":"Demon Form","floor":30.0,"key":"SMITH"},{"floor":32.0,"key":"REST"},{"floor":44,"key":"REST"},{"floor":49,"key":"REST"}],"neow_cost":"NONE","seed_source_timestamp":340856886714751,"circlet_count":0,"master_deck":["AscendersBane","Strike_R","Strike_R+1","Defend_R+1","Defend_R+1","Defend_R+1","Defend_R","Bash","Pommel Strike","Shrug It Off+1","Headbutt","Sword Boomerang","Armaments+1","Metallicize","Metallicize","Corruption+1","Sentinel","Immolate+1","Feel No Pain","Warcry+1","Shockwave","Demon Form+1","Shrug It Off","Spot Weakness","Feed","Burning Pact","Inflame","Warcry","Feel No Pain","Seeing Red","Flex"],"special_seed":0,"relics":["Burning Blood","NeowsBlessing","Tiny Chest","Vajra","Whetstone","Sling","Ornamental Fan","Black Star","Bag of Preparation","Incense Burner","Letter Opener","Turnip","Dodecahedron","Mummified Hand","Nunchaku","Charon\u0027s Ashes","Busted Crown","War Paint","Old Coin","Pantograph","Bottled Tornado","Centennial Puzzle","Strawberry","TheAbacus"],"potions_floor_usage":[33,42,50],"damage_taken":[{"damage":0.0,"enemies":"Small Slimes","floor":1.0,"turns":2.0},{"damage":0.0,"enemies":"Jaw Worm","floor":3.0,"turns":1.0},{"damage":0.0,"enemies":"2 Louse","floor":4.0,"turns":1.0},{"damage":8.0,"enemies":"Exordium Thugs","floor":5.0,"turns":7.0},{"damage":13.0,"enemies":"3 Sentries","floor":6.0,"turns":11.0},{"damage":24.0,"enemies":"Gremlin Nob","floor":8.0,"turns":4.0},{"damage":0.0,"enemies":"Blue Slaver","floor":10.0,"turns":4.0},{"damage":1.0,"enemies":"Lagavulin","floor":13.0,"turns":5.0},{"damage":23.0,"enemies":"Hexaghost","floor":16.0,"turns":10.0},{"damage":7.0,"enemies":"Shell Parasite","floor":18.0,"turns":16.0},{"damage":21.0,"enemies":"2 Thieves","floor":20.0,"turns":4.0},{"damage":20.0,"enemies":"Book of Stabbing","floor":24.0,"turns":6.0},{"damage":11.0,"enemies":"Slavers","floor":27.0,"turns":4.0},{"damage":12.0,"enemies":"Snake Plant","floor":28.0,"turns":4.0},{"damage":40.0,"enemies":"Gremlin Leader","floor":31.0,"turns":6.0},{"damage":24,"enemies":"Automaton","floor":33,"turns":9},{"damage":0,"enemies":"3 Shapes","floor":35,"turns":7},{"damage":10,"enemies":"Orb Walker","floor":38,"turns":4},{"damage":15,"enemies":"Reptomancer","floor":40,"turns":5},{"damage":31,"enemies":"Transient","floor":41,"turns":5},{"damage":27,"enemies":"Giant Head","floor":42,"turns":6},{"damage":2,"enemies":"Writhing Mass","floor":45,"turns":4},{"damage":25,"enemies":"Jaw Worm Horde","floor":48,"turns":3},{"damage":12,"enemies":"Donu and Deca","floor":50,"turns":6}],"seed_played":"3500202171834805490","potions_obtained":[{"floor":1.0,"key":"SkillPotion"},{"floor":4.0,"key":"SkillPotion"},{"floor":5.0,"key":"LiquidBronze"},{"floor":13.0,"key":"LiquidBronze"},{"floor":20.0,"key":"Energy Potion"},{"floor":27.0,"key":"SkillPotion"},{"floor":28.0,"key":"Dexterity Potion"},{"floor":38,"key":"PowerPotion"},{"floor":41,"key":"SpeedPotion"},{"floor":48,"key":"PowerPotion"}],"is_trial":false,"path_per_floor":["M","?","M","M","M","E","?","E","T","M","?","$","E","?","R","B",null,"M","?","M","$","$","R","E","R","T","E","M","T","R","E","R","B",null,"M","$","?","M","?","E","M","E","T","R","M","?","$","M","R","B",null],"character_chosen":"IRONCLAD","items_purchased":["Sling","Corruption","Feel No Pain","Warcry","Burning Pact","Feel No Pain","Seeing Red","Strawberry","TheAbacus"],"campfire_rested":4,"item_purchase_floors":[12,12,21,21,36,47,47,47,47],"current_hp_per_floor":[78,62,68,74,72,65,70,52,52,58,51,51,56,56,56,39,74,73,73,58,58,58,83,69,69,69,64,58,58,58,24,49,31,72,82,82,82,78,78,69,44,26,26,53,60,60,67,51,82,103],"gold":93,"neow_bonus":"THREE_ENEMY_KILL","is_prod":false,"is_daily":false,"chose_seed":false,"campfire_upgraded":3,"win_rate":0,"timestamp":1556739634,"path_taken":["M","?","M","M","M","E","?","E","T","M","?","?","E","?","R","BOSS","M","?","M","?","$","R","E","R","T","E","M","?","R","E","R","BOSS","M","$","?","M","?","E","M","E","T","R","M","?","$","M","R","BOSS"],"build_version":"2019-01-23","purchased_purges":1,"victory":true,"max_hp_per_floor":[80,80,80,80,80,80,85,85,85,85,85,85,85,85,85,85,85,85,85,85,85,85,85,85,85,85,85,85,85,85,85,85,85,85,89,89,89,89,89,89,89,92,92,92,95,95,102,105,105,109],"card_choices":[{"not_picked":["Perfected Strike","Thunderclap"],"picked":"Pommel Strike","floor":1.0},{"not_picked":["Headbutt","Shockwave"],"picked":"Shrug It Off","floor":3.0},{"not_picked":["Dropkick","Body Slam"],"picked":"Headbutt","floor":4.0},{"not_picked":["Bloodletting","Second Wind"],"picked":"Sword Boomerang","floor":5.0},{"not_picked":["Reckless Charge","Power Through"],"picked":"Armaments","floor":6.0},{"not_picked":["Warcry","Clash"],"picked":"Metallicize","floor":8.0},{"not_picked":["Ghostly Armor","Armaments"],"picked":"Metallicize","floor":10.0},{"not_picked":["Double Tap","True Grit"],"picked":"Sentinel","floor":13.0},{"not_picked":["Limit Break","Double Tap"],"picked":"Immolate","floor":16.0},{"not_picked":["Heavy Blade","Pommel Strike","Blood for Blood"],"picked":"SKIP","floor":18.0},{"not_picked":["Wild Strike","Sword Boomerang","Perfected Strike"],"picked":"SKIP","floor":20.0},{"not_picked":["Sentinel+1","Uppercut"],"picked":"Shockwave","floor":24.0},{"not_picked":["Shrug It Off+1","Anger+1"],"picked":"Demon Form","floor":27.0},{"not_picked":["Flex","Headbutt"],"picked":"Shrug It Off","floor":28.0},{"not_picked":["Wild Strike","Pommel Strike"],"picked":"Spot Weakness","floor":31.0},{"not_picked":["Bludgeon","Immolate"],"picked":"Feed","floor":33},{"not_picked":["Havoc"],"picked":"SKIP","floor":35},{"not_picked":[],"picked":"Inflame","floor":38},{"not_picked":["Searing Blow"],"picked":"SKIP","floor":40},{"not_picked":["Pommel Strike"],"picked":"SKIP","floor":41},{"not_picked":[],"picked":"Warcry","floor":42},{"not_picked":["Havoc+1"],"picked":"SKIP","floor":45},{"not_picked":[],"picked":"Flex","floor":48}],"player_experience":354037,"relics_obtained":[{"floor":6.0,"key":"Tiny Chest"},{"floor":8.0,"key":"Vajra"},{"floor":9.0,"key":"Whetstone"},{"floor":13.0,"key":"Ornamental Fan"},{"floor":24.0,"key":"Bag of Preparation"},{"floor":24.0,"key":"Incense Burner"},{"floor":26.0,"key":"Letter Opener"},{"floor":27.0,"key":"Turnip"},{"floor":27.0,"key":"Dodecahedron"},{"floor":29.0,"key":"Mummified Hand"},{"floor":31.0,"key":"Nunchaku"},{"floor":31.0,"key":"Charon\u0027s Ashes"},{"floor":40,"key":"War Paint"},{"floor":40,"key":"Old Coin"},{"floor":42,"key":"Pantograph"},{"floor":42,"key":"Bottled Tornado"},{"floor":43,"key":"Centennial Puzzle"}],"event_choices":[{"damage_healed":0.0,"max_hp_gain":0.0,"max_hp_loss":0.0,"gold_gain":0.0,"event_name":"Shining Light","player_choice":"Entered Light","floor":2.0,"gold_loss":0.0,"damage_taken":16.0,"cards_upgraded":["Defend_R","Defend_R"]},{"damage_healed":0.0,"max_hp_gain":5.0,"max_hp_loss":0.0,"gold_gain":0.0,"event_name":"Big Fish","player_choice":"Donut","floor":7.0,"gold_loss":0.0,"damage_taken":0.0},{"cards_removed":["Strike_R"],"damage_healed":0.0,"max_hp_gain":0.0,"max_hp_loss":0.0,"gold_gain":0.0,"event_name":"Golden Wing","player_choice":"Card Removal","floor":11.0,"gold_loss":0.0,"damage_taken":7.0},{"damage_healed":0.0,"max_hp_gain":0.0,"max_hp_loss":0.0,"gold_gain":0.0,"event_name":"Living Wall","player_choice":"Grow","floor":14.0,"gold_loss":0.0,"damage_taken":0.0,"cards_upgraded":["Corruption"]},{"damage_healed":0.0,"max_hp_gain":0.0,"max_hp_loss":0.0,"gold_gain":0.0,"event_name":"Designer","player_choice":"Upgrade","floor":19.0,"gold_loss":40.0,"damage_taken":0.0,"cards_upgraded":["Immolate"]},{"cards_removed":["Strike_R"],"damage_healed":0,"gold_gain":0,"player_choice":"Removed Attack","damage_taken":0,"max_hp_gain":0,"max_hp_loss":0,"event_name":"Falling","floor":37,"gold_loss":0},{"damage_healed":0,"gold_gain":0,"player_choice":"Memory 1","damage_taken":0,"max_hp_gain":0,"max_hp_loss":0,"event_name":"SensoryStone","floor":39,"gold_loss":0},{"damage_healed":0,"gold_gain":0,"player_choice":"Ignored","damage_taken":0,"max_hp_gain":0,"max_hp_loss":0,"event_name":"Tomb of Lord Red Mask","floor":46,"gold_loss":0}],"is_beta":false,"boss_relics":[{"not_picked":["Mark of Pain","Orrery"],"picked":"Black Star"},{"not_picked":["Black Blood","Snecko Eye"],"picked":"Busted Crown"}],"items_purged_floors":[36],"is_endless":false,"potions_floor_spawned":[1,4,5,13,20,27,28,38,41,48],"ascension_level":12}