{"gold_per_floor":[115,130,80,80,93,118,130,197,234,246],"floor_reached":10,"playtime":288,"items_purged":[],"score":106,"play_id":"f8d5fb08-5e4a-45f5-9eeb-d1fa7fdbdbf8","local_time":"20190318194458","is_ascension_mode":true,"campfire_choices":[{"data":"Limit Break","floor":7,"key":"SMITH"}],"neow_cost":"NONE","seed_source_timestamp":156666470195953,"circlet_count":0,"master_deck":["Strike_R","Strike_R","Strike_R","Strike_R","Strike_R","Defend_R","Defend_R","Defend_R","Defend_R","Bash+1","Shrug It Off","Anger","Armaments+1","Sword Boomerang","Limit Break+1","Inflame"],"relics":["Burning Blood","MawBank","Tiny Chest","Blood Vial"],"potions_floor_usage":[6],"damage_taken":[{"damage":17,"enemies":"Small Slimes","floor":1,"turns":5},{"damage":8,"enemies":"2 Louse","floor":2,"turns":3},{"damage":2,"enemies":"Cultist","floor":5,"turns":4},{"damage":25,"enemies":"Lagavulin","floor":6,"turns":5},{"damage":42,"enemies":"3 Sentries","floor":8,"turns":10},{"damage":7,"enemies":"Lots of Slimes","floor":10,"turns":2}],"seed_played":"-2360305454719100844","potions_obtained":[{"floor":2,"key":"Energy Potion"},{"floor":6,"key":"Ancient Potion"}],"is_trial":false,"path_per_floor":["M","M","$","?","M","E","R","E","T","M"],"character_chosen":"IRONCLAD","items_purchased":["Armaments"],"campfire_rested":0,"item_purchase_floors":[3],"current_hp_per_floor":[61,59,59,59,63,44,44,8,8,3],"gold":246,"neow_bonus":"UPGRADE_CARD","is_prod":false,"is_daily":false,"chose_seed":false,"campfire_upgraded":1,"win_rate":0,"timestamp":1552956298,"path_taken":["M","M","$","?","M","E","R","E","T","M"],"build_version":"2019-01-23","purchased_purges":0,"victory":false,"max_hp_per_floor":[80,80,80,80,80,80,80,80,80,80],"card_choices":[{"not_picked":["Warcry","Entrench"],"picked":"Shrug It Off","floor":1},{"not_picked":["Flex","Rage"],"picked":"Anger","floor":2},{"not_picked":["Armaments","Combust"],"picked":"Sword Boomerang","floor":5},{"not_picked":["Entrench","Flex"],"picked":"Limit Break","floor":6},{"not_picked":["Shrug It Off","Wild Strike"],"picked":"Inflame","floor":8}],"player_experience":223195,"relics_obtained":[{"floor":6,"key":"MawBank"},{"floor":8,"key":"Tiny Chest"},{"floor":9,"key":"Blood Vial"}],"event_choices":[{"damage_healed":0,"gold_gain":0,"player_choice":"Grow","damage_taken":0,"max_hp_gain":0,"max_hp_loss":0,"event_name":"Living Wall","floor":4,"gold_loss":0,"cards_upgraded":["Armaments"]}],"is_beta":false,"boss_relics":[],"items_purged_floors":[],"is_endless":false,"potions_floor_spawned":[2,6],"killed_by":"Lots of Slimes","ascension_level":8}