{"gold_per_floor":[109,109,34,50,68,103,117,117,117,117,142,62,79,55,55,134,134,149,149,20,36,36],"floor_reached":22,"playtime":499,"items_purged":["Strike_G"],"score":369,"play_id":"b9fd3279-1770-4db5-8303-f3ad1e9d0227","local_time":"20190517180016","is_ascension_mode":true,"campfire_choices":[{"floor":8.0,"key":"REST"},{"data":"Noxious Fumes","floor":10.0,"key":"SMITH"},{"floor":15.0,"key":"REST"}],"neow_cost":"NONE","seed_source_timestamp":14507484007537,"circlet_count":0,"master_deck":["AscendersBane","Defend_G","Defend_G","Defend_G","Defend_G","Defend_G","Strike_G","Strike_G","Strike_G","Strike_G","Survivor","Neutralize","Caltrops","Slice","Noxious Fumes+1","Dash","Backstab","Deadly Poison+1","Well Laid Plans","Bullet Time+1","Outmaneuver+1","Corpse Explosion+1","Cloak And Dagger+1","Deflect+1","Deflect+1"],"special_seed":0,"relics":["Ring of the Snake","NeowsBlessing","Darkstone Periapt","Gremlin Horn","Toxic Egg 2","Vajra","Eternal Feather"],"potions_floor_usage":[],"damage_taken":[{"damage":0.0,"enemies":"Jaw Worm","floor":1.0,"turns":1.0},{"damage":0.0,"enemies":"2 Louse","floor":4.0,"turns":1.0},{"damage":0.0,"enemies":"Cultist","floor":5.0,"turns":1.0},{"damage":32.0,"enemies":"3 Sentries","floor":6.0,"turns":9.0},{"damage":0.0,"enemies":"3 Louse","floor":7.0,"turns":4.0},{"damage":20.0,"enemies":"Gremlin Nob","floor":11.0,"turns":5.0},{"damage":3.0,"enemies":"Blue Slaver","floor":13.0,"turns":5.0},{"damage":37,"enemies":"The Guardian","floor":16,"turns":10},{"damage":17,"enemies":"3 Byrds","floor":18,"turns":3},{"damage":20,"enemies":"Chosen","floor":21,"turns":5},{"damage":20,"enemies":"Snake Plant","floor":22,"turns":3}],"seed_played":"3309428683868726732","potions_obtained":[{"floor":1.0,"key":"PowerPotion"},{"floor":6.0,"key":"Ancient Potion"},{"floor":16,"key":"LiquidBronze"}],"is_trial":false,"path_per_floor":["M","?","?","M","M","E","M","R","T","R","E","$","M","$","R","B",null,"M","?","$","M","M"],"character_chosen":"THE_SILENT","items_purchased":["Well Laid Plans","Outmaneuver+1","Deflect+1"],"campfire_rested":2,"item_purchase_floors":[12,14,20],"current_hp_per_floor":[59,59,59,59,59,27,27,46,46,46,26,26,23,23,42,5,51,34,34,34,14,0],"gold":36,"neow_bonus":"THREE_ENEMY_KILL","is_prod":false,"is_daily":false,"chose_seed":false,"campfire_upgraded":1,"win_rate":0,"timestamp":1558134016,"path_taken":["M","?","?","M","?","E","M","R","T","R","E","$","M","$","R","BOSS","M","?","$","M","M"],"build_version":"2019-01-23","purchased_purges":1,"victory":false,"max_hp_per_floor":[66,66,66,66,66,66,66,66,66,66,66,66,66,66,66,66,66,66,66,66,66,66],"card_choices":[{"not_picked":["Dagger Throw","Acrobatics"],"picked":"Caltrops","floor":1.0},{"not_picked":["Bane","Dodge and Roll"],"picked":"Slice","floor":4.0},{"not_picked":["Outmaneuver","Riddle With Holes"],"picked":"Noxious Fumes","floor":5.0},{"not_picked":["Dagger Throw","Expertise"],"picked":"Dash","floor":6.0},{"not_picked":["Outmaneuver","Flying Knee"],"picked":"Backstab","floor":7.0},{"not_picked":["Dagger Spray","Underhanded Strike"],"picked":"Deadly Poison+1","floor":11.0},{"not_picked":["Infinite Blades","Deadly Poison+1"],"picked":"Bullet Time+1","floor":13.0},{"not_picked":["Storm of Steel+1","Grand Finale"],"picked":"Corpse Explosion+1","floor":16},{"not_picked":["Blade Dance+1","Endless Agony"],"picked":"Cloak And Dagger+1","floor":18},{"not_picked":["Prepared+1","Dagger Throw"],"picked":"Deflect+1","floor":21}],"player_experience":438151,"relics_obtained":[{"floor":6.0,"key":"Gremlin Horn"},{"floor":9.0,"key":"Toxic Egg 2"},{"floor":11.0,"key":"Vajra"}],"event_choices":[{"damage_healed":0.0,"max_hp_gain":0.0,"max_hp_loss":0.0,"gold_gain":0.0,"event_name":"Liars Game","player_choice":"Ignored","floor":2.0,"gold_loss":0.0,"damage_taken":0.0},{"damage_healed":0.0,"max_hp_gain":0.0,"max_hp_loss":0.0,"gold_gain":0.0,"event_name":"WeMeetAgain","player_choice":"Paid Gold","floor":3.0,"gold_loss":75.0,"damage_taken":0.0,"relics_obtained":["Darkstone Periapt"]},{"damage_healed":0,"gold_gain":0,"player_choice":"Ignored","damage_taken":0,"max_hp_gain":0,"max_hp_loss":0,"event_name":"Ghosts","floor":19,"gold_loss":0}],"is_beta":false,"boss_relics":[{"not_picked":["Orrery","Tiny House"],"picked":"Eternal Feather"}],"items_purged_floors":[20],"is_endless":false,"potions_floor_spawned":[1,6,16],"killed_by":"Snake Plant","ascension_level":18}