{"gold_per_floor":[114,129,146,15,15,44,44,71,139,139,139,139],"floor_reached":12,"playtime":220,"items_purged":["Strike_B"],"score":155,"play_id":"2d3b6f31-96e8-4620-a87a-f1c5c6e4c047","local_time":"20190511022616","is_ascension_mode":true,"campfire_choices":[{"floor":7,"key":"REST"},{"data":"Sunder","floor":11,"key":"SMITH"}],"neow_cost":"NONE","seed_source_timestamp":1162453932500972,"circlet_count":0,"master_deck":["AscendersBane","Strike_B","Strike_B","Strike_B","Defend_B","Defend_B","Defend_B","Defend_B","Zap","Dualcast","Sunder+1","Consume","White Noise","Hologram","Doom and Gloom","Decay"],"relics":["Cracked Core","NeowsBlessing","Calipers","Happy Flower","Bottled Flame"],"potions_floor_usage":[6],"damage_taken":[{"damage":0,"enemies":"2 Louse","floor":1,"turns":1},{"damage":0,"enemies":"Small Slimes","floor":2,"turns":1},{"damage":0,"enemies":"Cultist","floor":3,"turns":1},{"damage":29,"enemies":"Gremlin Nob","floor":6,"turns":4},{"damage":33,"enemies":"Lagavulin","floor":8,"turns":8},{"damage":10,"enemies":"3 Sentries","floor":12,"turns":2}],"seed_played":"-7672818264563752796","potions_obtained":[{"floor":2,"key":"Weak Potion"},{"floor":3,"key":"SmokeBomb"},{"floor":8,"key":"Poison Potion"}],"is_trial":false,"path_per_floor":["M","M","M","$","?","E","R","E","T","?","R","E"],"character_chosen":"DEFECT","items_purchased":["Hologram"],"campfire_rested":1,"item_purchase_floors":[4],"current_hp_per_floor":[64,64,64,64,59,30,51,18,18,18,18,8],"gold":139,"neow_bonus":"THREE_ENEMY_KILL","is_prod":false,"is_daily":false,"chose_seed":false,"campfire_upgraded":1,"win_rate":0,"timestamp":1557559576,"path_taken":["M","M","M","$","?","E","R","E","T","?","R","E"],"build_version":"2019-01-23","purchased_purges":1,"victory":false,"max_hp_per_floor":[71,71,71,71,71,71,71,71,71,71,71,71],"card_choices":[{"not_picked":["Leap","Barrage"],"picked":"Sunder","floor":1},{"not_picked":["Double Energy","Compile Driver"],"picked":"Consume","floor":2},{"not_picked":["Auto Shields","Go for the Eyes"],"picked":"White Noise","floor":3},{"not_picked":["Hello World","Leap"],"picked":"Doom and Gloom","floor":6},{"not_picked":["Go for the Eyes","Consume","Fusion"],"picked":"SKIP","floor":8}],"player_experience":397767,"relics_obtained":[{"floor":6,"key":"Calipers"},{"floor":8,"key":"Happy Flower"},{"floor":9,"key":"Bottled Flame"}],"event_choices":[{"damage_healed":0,"gold_gain":0,"player_choice":"Fled","damage_taken":5,"max_hp_gain":0,"max_hp_loss":0,"event_name":"Scrap Ooze","floor":5,"gold_loss":0},{"damage_healed":0,"gold_gain":0,"player_choice":"Cursed","damage_taken":0,"max_hp_gain":0,"max_hp_loss":0,"event_name":"Wheel of Change","floor":10,"gold_loss":0,"cards_obtained":["Decay"]}],"is_beta":false,"boss_relics":[],"items_purged_floors":[4],"is_endless":false,"potions_floor_spawned":[2,3,8],"killed_by":"3 Sentries","ascension_level":16}