{"gold_per_floor":[112,162,179,192,210,210,237,237,237,253,279,279,44,60,60,136,136,152,9,26,26,43,68,68,87,144,156,156,190,203,217,217,296,296,312,312,164,183,183,183,212,212,212,162,180,212,212,225,225,225],"floor_reached":51,"playtime":1669,"items_purged":["Strike_B","Strike_B"],"score":1378,"play_id":"8ea84354-5101-4e4d-9449-4f772520ab5c","local_time":"20190511013025","is_ascension_mode":true,"campfire_choices":[{"floor":6,"key":"REST"},{"data":"Zap","floor":8,"key":"SMITH"},{"floor":12,"key":"REST"},{"data":"Defragment","floor":15,"key":"SMITH"},{"data":"Electrodynamics","floor":24,"key":"SMITH"},{"floor":28,"key":"REST"},{"floor":32,"key":"REST"},{"floor":40,"key":"REST"},{"data":"Defragment","floor":47,"key":"SMITH"},{"data":"Loop","floor":49,"key":"SMITH"}],"neow_cost":"NONE","seed_source_timestamp":1157641268153763,"circlet_count":0,"master_deck":["AscendersBane","Defend_B","Defend_B+1","Defend_B+1","Defend_B","Zap+1","Dualcast","Ball Lightning","Rip and Tear","Glacier","Reinforced Body","Doom and Gloom","Conserve Battery","Leap","Defragment+1","Electrodynamics+1","Fission","Leap","Defragment+1","Steam Power+1","Self Repair","Core Surge","Turbo","Fusion","Thunder Strike","Capacitor+1","Apotheosis+1","Dark Shackles","Hologram","BootSequence+1","Loop+1"],"relics":["Cracked Core","NeowsBlessing","Cables","Bottled Flame","Symbiotic Virus","Oddly Smooth Stone","Black Star","Vajra","Bottled Tornado","Tiny Chest","Regal Pillow","Smiling Mask","Runic Pyramid","Pear","Gremlin Horn","War Paint","Blood Vial","DataDisk"],"potions_floor_usage":[5,11,11,23,23,31,33,41,46,50],"damage_taken":[{"damage":0,"enemies":"2 Louse","floor":1,"turns":1},{"damage":0,"enemies":"Cultist","floor":3,"turns":1},{"damage":0,"enemies":"Small Slimes","floor":4,"turns":1},{"damage":40,"enemies":"Gremlin Gang","floor":5,"turns":5},{"damage":26,"enemies":"Lagavulin","floor":7,"turns":7},{"damage":4,"enemies":"Exordium Wildlife","floor":10,"turns":4},{"damage":5,"enemies":"3 Sentries","floor":11,"turns":4},{"damage":0,"enemies":"Looter","floor":14,"turns":3},{"damage":4,"enemies":"The Guardian","floor":16,"turns":10},{"damage":0,"enemies":"Chosen","floor":18,"turns":3},{"damage":0,"enemies":"Spheric Guardian","floor":20,"turns":3},{"damage":0,"enemies":"Centurion and Healer","floor":22,"turns":5},{"damage":17,"enemies":"Slavers","floor":23,"turns":5},{"damage":18,"enemies":"Snake Plant","floor":25,"turns":3},{"damage":0,"enemies":"3 Cultists","floor":27,"turns":3},{"damage":0,"enemies":"Gremlin Leader","floor":29,"turns":7},{"damage":12,"enemies":"Cultist and Chosen","floor":30,"turns":4},{"damage":18,"enemies":"Snake Plant","floor":31,"turns":2},{"damage":51,"enemies":"Automaton","floor":33,"turns":13},{"damage":35,"enemies":"3 Darklings","floor":35,"turns":4},{"damage":1,"enemies":"Orb Walker","floor":38,"turns":4},{"damage":9,"enemies":"Nemesis","floor":41,"turns":5},{"damage":0,"enemies":"3 Darklings","floor":45,"turns":2},{"damage":15,"enemies":"Giant Head","floor":46,"turns":10},{"damage":0,"enemies":"Sphere and 2 Shapes","floor":48,"turns":3},{"damage":21,"enemies":"Awakened One","floor":50,"turns":15}],"seed_played":"-6105396778242389198","potions_obtained":[{"floor":1,"key":"Energy Potion"},{"floor":7,"key":"Explosive Potion"},{"floor":10,"key":"Fire Potion"},{"floor":11,"key":"Block Potion"},{"floor":16,"key":"SkillPotion"},{"floor":22,"key":"PowerPotion"},{"floor":23,"key":"Explosive Potion"},{"floor":30,"key":"SkillPotion"},{"floor":33,"key":"Dexterity Potion"},{"floor":35,"key":"SkillPotion"},{"floor":45,"key":"GamblersBrew"}],"is_trial":false,"path_per_floor":["M","?","M","M","M","R","E","R","T","M","E","R","$","M","R","B",null,"M","$","M","?","M","E","R","M","T","M","R","E","M","M","R","B",null,"M","?","$","M","?","R","E","?","T","?","M","E","R","M","R","B",null],"character_chosen":"DEFECT","items_purchased":["Leap","Defragment","Oddly Smooth Stone","Defragment","Dark Shackles"],"campfire_rested":5,"item_purchase_floors":[13,13,13,19,37],"current_hp_per_floor":[64,64,64,64,24,45,19,19,19,15,10,31,31,31,31,27,60,60,60,60,60,60,43,43,25,25,32,53,60,55,37,71,20,58,30,30,30,29,29,64,75,75,75,75,75,70,70,72,72,63],"gold":225,"neow_bonus":"THREE_ENEMY_KILL","is_prod":false,"is_daily":false,"chose_seed":false,"campfire_upgraded":5,"win_rate":0,"timestamp":1557556225,"path_taken":["M","?","M","M","?","R","E","R","T","M","E","R","$","M","R","BOSS","M","$","M","?","?","E","R","M","T","M","R","E","M","?","R","BOSS","M","?","$","M","?","R","E","?","T","?","?","E","R","M","R","BOSS"],"build_version":"2019-01-23","purchased_purges":2,"victory":true,"max_hp_per_floor":[71,71,71,71,71,71,71,71,71,71,71,71,71,71,71,71,71,71,71,71,71,71,71,71,71,71,71,71,71,71,71,71,71,71,71,71,71,71,67,67,77,77,77,77,77,77,77,77,77,77],"card_choices":[{"not_picked":["Double Energy","Reprogram","Gash"],"picked":"SKIP","floor":1},{"not_picked":["Redo","Recycle"],"picked":"Ball Lightning","floor":3},{"not_picked":["Barrage","Undo"],"picked":"Rip and Tear","floor":4},{"not_picked":["Gash","Barrage"],"picked":"Glacier","floor":5},{"not_picked":["Cold Snap","Auto Shields"],"picked":"Reinforced Body","floor":7},{"not_picked":["BootSequence","Recycle"],"picked":"Doom and Gloom","floor":10},{"not_picked":["Streamline","Redo"],"picked":"Conserve Battery","floor":11},{"not_picked":["Heatsinks","Defragment"],"picked":"Electrodynamics","floor":14},{"not_picked":["All For One","Thunder Strike"],"picked":"Fission","floor":16},{"not_picked":["Sweeping Beam","Streamline"],"picked":"Leap","floor":18},{"not_picked":["Self Repair","Compile Driver"],"picked":"Steam Power+1","floor":20},{"not_picked":["Reprogram","Barrage"],"picked":"Self Repair","floor":22},{"not_picked":["Heatsinks","Darkness"],"picked":"Core Surge","floor":23},{"not_picked":["Rebound","Redo","Stack"],"picked":"SKIP","floor":25},{"not_picked":["Chaos","Rebound"],"picked":"Turbo","floor":27},{"not_picked":["Ball Lightning","Barrage"],"picked":"Fusion","floor":29},{"not_picked":["Hello World","Force Field","Auto Shields"],"picked":"SKIP","floor":30},{"not_picked":["Barrage","Hello World","Rebound"],"picked":"SKIP","floor":31},{"not_picked":["Rainbow","Hyperbeam"],"picked":"Thunder Strike","floor":33},{"not_picked":["Gash","Steam"],"picked":"Capacitor+1","floor":35},{"not_picked":["Panache","Transmutation"],"picked":"Apotheosis","floor":36},{"not_picked":["Compile Driver","Streamline","Turbo"],"picked":"SKIP","floor":38},{"not_picked":["Double Energy","Lockon"],"picked":"Hologram","floor":41},{"not_picked":["Conserve Battery+1","Blizzard+1"],"picked":"BootSequence+1","floor":45},{"not_picked":["Multi-Cast","Sunder","Cold Snap+1"],"picked":"SKIP","floor":46},{"not_picked":["Stack","Auto Shields+1"],"picked":"Loop","floor":48}],"player_experience":393107,"relics_obtained":[{"floor":7,"key":"Cables"},{"floor":9,"key":"Bottled Flame"},{"floor":11,"key":"Symbiotic Virus"},{"floor":23,"key":"Vajra"},{"floor":23,"key":"Bottled Tornado"},{"floor":26,"key":"Tiny Chest"},{"floor":29,"key":"Regal Pillow"},{"floor":29,"key":"Smiling Mask"},{"floor":41,"key":"Pear"},{"floor":41,"key":"Gremlin Horn"},{"floor":43,"key":"War Paint"},{"floor":46,"key":"Blood Vial"},{"floor":46,"key":"DataDisk"}],"event_choices":[{"damage_healed":0,"gold_gain":50,"player_choice":"Pray","damage_taken":0,"max_hp_gain":0,"max_hp_loss":0,"event_name":"Golden Shrine","floor":2,"gold_loss":0},{"cards_removed":["Strike_B"],"damage_healed":0,"gold_gain":0,"player_choice":"Offered Basic","damage_taken":0,"max_hp_gain":0,"max_hp_loss":0,"event_name":"Bonfire Elementals","floor":21,"gold_loss":0},{"damage_healed":0,"gold_gain":0,"player_choice":"Memory 1","damage_taken":0,"max_hp_gain":0,"max_hp_loss":0,"event_name":"SensoryStone","floor":36,"gold_loss":0},{"damage_healed":0,"gold_gain":0,"player_choice":"Max HP","damage_taken":0,"max_hp_gain":0,"max_hp_loss":4,"event_name":"Winding Halls","floor":39,"gold_loss":0},{"cards_removed":["Strike_B"],"damage_healed":0,"gold_gain":0,"player_choice":"Removed Attack","damage_taken":0,"max_hp_gain":0,"max_hp_loss":0,"event_name":"Falling","floor":42,"gold_loss":0},{"damage_healed":0,"gold_gain":0,"player_choice":"Upgrade","damage_taken":0,"max_hp_gain":0,"max_hp_loss":0,"event_name":"Designer","floor":44,"gold_loss":50,"cards_upgraded":["Apotheosis"]}],"is_beta":false,"boss_relics":[{"not_picked":["White Beast Statue","Runic Dome"],"picked":"Black Star"},{"not_picked":["Calling Bell","Empty Cage"],"picked":"Runic Pyramid"}],"items_purged_floors":[19,37],"is_endless":false,"potions_floor_spawned":[1,7,10,11,16,22,23,30,33,35,38,45],"ascension_level":15}