{"gold_per_floor":[112,37,37,37,52,52,70,101,150,167,197,197,163,18,18,18],"floor_reached":16,"playtime":581,"items_purged":["Strike_R"],"score":151,"play_id":"a7bd19ef-7b8e-4516-b161-915a47056cde","local_time":"20190330125753","is_ascension_mode":true,"campfire_choices":[{"data":"True Grit","floor":6,"key":"SMITH"},{"floor":15,"key":"REST"}],"neow_cost":"NONE","seed_source_timestamp":1168776574082597,"circlet_count":0,"master_deck":["Strike_R","Strike_R","Strike_R","Strike_R","Defend_R","Defend_R","Defend_R","Defend_R","Bash","Pommel Strike+1","Sword Boomerang","True Grit+1","Intimidate","Dual Wield","Shrug It Off"],"relics":["Burning Blood","Boot","Centennial Puzzle","Kunai","Omamori"],"potions_floor_usage":[8,16,16],"damage_taken":[{"damage":3,"enemies":"Jaw Worm","floor":1,"turns":5},{"damage":1,"enemies":"Cultist","floor":5,"turns":3},{"damage":0,"enemies":"2 Louse","floor":7,"turns":2},{"damage":50,"enemies":"Lagavulin","floor":8,"turns":7},{"damage":0,"enemies":"Looter","floor":10,"turns":2},{"damage":40,"enemies":"Gremlin Nob","floor":11,"turns":5},{"damage":42,"enemies":"The Guardian","floor":16,"turns":18}],"seed_played":"-204028296276200593","potions_obtained":[{"floor":7,"key":"FearPotion"},{"floor":8,"key":"Dexterity Potion"},{"floor":11,"key":"Fire Potion"}],"is_trial":false,"path_per_floor":["M","$","?","?","M","R","M","E","T","M","E","?","?","$","R","B"],"character_chosen":"IRONCLAD","items_purchased":["Omamori"],"campfire_rested":1,"item_purchase_floors":[14],"current_hp_per_floor":[75,75,75,75,80,80,80,36,36,42,8,8,8,8,32,0],"gold":18,"neow_bonus":"THREE_CARDS","is_prod":false,"is_daily":false,"chose_seed":false,"campfire_upgraded":1,"win_rate":0,"timestamp":1553968673,"path_taken":["M","$","?","?","M","R","M","E","T","?","E","?","?","$","R","BOSS"],"build_version":"2019-01-23","purchased_purges":1,"victory":false,"max_hp_per_floor":[80,80,80,80,80,80,80,80,80,80,80,80,80,80,80,80],"card_choices":[{"not_picked":["Iron Wave","Shrug It Off"],"picked":"Pommel Strike","floor":0},{"not_picked":["Shrug It Off","Body Slam"],"picked":"Sword Boomerang","floor":1},{"not_picked":["Evolve","Wild Strike"],"picked":"True Grit","floor":5},{"not_picked":["Rupture","Iron Wave"],"picked":"Intimidate","floor":7},{"not_picked":["Burning Pact","Reckless Charge","Entrench"],"picked":"SKIP","floor":8},{"not_picked":["Seeing Red","True Grit"],"picked":"Dual Wield","floor":10},{"not_picked":["Iron Wave","Limit Break"],"picked":"Shrug It Off","floor":11}],"player_experience":275313,"relics_obtained":[{"floor":8,"key":"Boot"},{"floor":9,"key":"Centennial Puzzle"},{"floor":11,"key":"Kunai"}],"event_choices":[{"damage_healed":0,"gold_gain":0,"player_choice":"Leave","damage_taken":0,"max_hp_gain":0,"max_hp_loss":0,"event_name":"The Cleric","floor":3,"gold_loss":0},{"damage_healed":0,"gold_gain":0,"player_choice":"Forge","damage_taken":0,"max_hp_gain":0,"max_hp_loss":0,"event_name":"Accursed Blacksmith","floor":4,"gold_loss":0,"cards_upgraded":["Pommel Strike"]},{"damage_healed":0,"gold_gain":0,"player_choice":"Ignored","damage_taken":0,"max_hp_gain":0,"max_hp_loss":0,"event_name":"Liars Game","floor":12,"gold_loss":0},{"damage_healed":0,"gold_gain":0,"player_choice":"Left Gold","damage_taken":0,"max_hp_gain":0,"max_hp_loss":0,"event_name":"World of Goop","floor":13,"gold_loss":34}],"is_beta":false,"boss_relics":[],"items_purged_floors":[2],"is_endless":false,"potions_floor_spawned":[7,8,11],"killed_by":"The Guardian","ascension_level":8}