{"gold_per_floor":[112,128,0,0,0,0,34,54,78,92,92],"floor_reached":11,"playtime":1206,"items_purged":[],"score":113,"play_id":"2ce3607d-61b9-46be-b4d8-6e4987e29470","local_time":"20190318192019","is_ascension_mode":true,"campfire_choices":[{"data":"Zap","floor":6,"key":"SMITH"}],"neow_cost":"NONE","seed_source_timestamp":154270368718266,"circlet_count":0,"master_deck":["AscendersBane","Strike_B","Strike_B","Strike_B","Strike_B","Defend_B","Defend_B","Defend_B","Defend_B","Zap+1","Dualcast","Conserve Battery","Capacitor","Compile Driver","Rip and Tear","BootSequence","Go for the Eyes"],"relics":["Cracked Core","Bag of Preparation","Orichalcum","Shovel","Pen Nib","Juzu Bracelet"],"potions_floor_usage":[11],"damage_taken":[{"damage":5,"enemies":"2 Louse","floor":1,"turns":2},{"damage":3,"enemies":"Jaw Worm","floor":2,"turns":4},{"damage":35,"enemies":"Lagavulin","floor":7,"turns":8},{"damage":0,"enemies":"Cultist","floor":8,"turns":2},{"damage":7,"enemies":"Exordium Wildlife","floor":10,"turns":6},{"damage":3,"enemies":"3 Sentries","floor":11,"turns":4}],"seed_played":"-6278952487790709663","potions_obtained":[{"floor":8,"key":"Block Potion"},{"floor":10,"key":"Weak Potion"}],"is_trial":false,"path_per_floor":["M","M","$","?","?","R","E","M","T","M","E"],"character_chosen":"DEFECT","items_purchased":["Capacitor","Compile Driver"],"campfire_rested":0,"item_purchase_floors":[3,3],"current_hp_per_floor":[63,60,60,57,57,57,22,22,22,15,12],"gold":92,"neow_bonus":"RANDOM_COMMON_RELIC","is_prod":false,"is_daily":false,"chose_seed":false,"campfire_upgraded":1,"win_rate":0,"timestamp":1552954819,"path_taken":["M","M","$","?","?","R","E","?","T","M","E"],"build_version":"2019-01-23","purchased_purges":0,"victory":false,"max_hp_per_floor":[75,75,75,75,75,75,75,75,75,75,75],"card_choices":[{"not_picked":["Gash","Skim"],"picked":"Rebound","floor":1},{"not_picked":["Blizzard","Scrape"],"picked":"Conserve Battery","floor":2},{"not_picked":["Turbo","Skim"],"picked":"Rip and Tear","floor":7},{"not_picked":["FTL","Auto Shields"],"picked":"BootSequence","floor":8},{"not_picked":["Auto Shields","Compile Driver"],"picked":"Go for the Eyes","floor":10}],"player_experience":220835,"relics_obtained":[{"floor":7,"key":"Pen Nib"},{"floor":9,"key":"Juzu Bracelet"}],"event_choices":[{"damage_healed":0,"gold_gain":0,"player_choice":"Success","damage_taken":3,"relics_obtained":["Orichalcum"],"max_hp_gain":0,"max_hp_loss":0,"event_name":"Scrap Ooze","floor":4,"gold_loss":0},{"cards_removed":["Rebound"],"damage_healed":0,"gold_gain":0,"player_choice":"Gave Card","damage_taken":0,"relics_obtained":["Shovel"],"max_hp_gain":0,"max_hp_loss":0,"event_name":"WeMeetAgain","floor":5,"gold_loss":0}],"is_beta":false,"boss_relics":[],"items_purged_floors":[],"is_endless":false,"potions_floor_spawned":[8,10],"killed_by":"3 Sentries","ascension_level":11}