{"gold_per_floor":[118,9,25,37,37,37,37,49,72,96,96,112,82,116,116,212,262,187,198,198],"floor_reached":20,"playtime":1069,"items_purged":["Strike_G"],"score":172,"play_id":"1ffd3bd7-acd7-4293-a618-d8ebedb53872","local_time":"20190516195924","is_ascension_mode":false,"campfire_choices":[{"data":"Caltrops","floor":7,"key":"SMITH"},{"floor":11,"key":"REST"},{"floor":15,"key":"REST"}],"neow_cost":"NONE","seed_source_timestamp":122677681426732,"circlet_count":0,"master_deck":["Defend_G","Defend_G","Defend_G","Defend_G","Defend_G","Strike_G","Strike_G","Strike_G","Strike_G","Survivor","Neutralize","Unload","Caltrops+1","Dagger Spray+1","Reflex","Reflex","Phantasmal Killer","Acrobatics","Prepared+1"],"relics":["Ring of the Snake","Ancient Tea Set","PreservedInsect","Omamori","Smiling Mask","Tiny House"],"potions_floor_usage":[],"damage_taken":[{"damage":0,"enemies":"2 Louse","floor":1,"turns":3},{"damage":1,"enemies":"Jaw Worm","floor":3,"turns":4},{"damage":2,"enemies":"Small Slimes","floor":4,"turns":3},{"damage":9,"enemies":"Exordium Thugs","floor":8,"turns":3},{"damage":0,"enemies":"Lots of Slimes","floor":12,"turns":2},{"damage":0,"enemies":"Looter","floor":13,"turns":4},{"damage":33,"enemies":"Lagavulin","floor":14,"turns":7},{"damage":49,"enemies":"Hexaghost","floor":16,"turns":15},{"damage":29,"enemies":"2 Thieves","floor":18,"turns":5},{"damage":29,"enemies":"Shell Parasite","floor":19,"turns":9},{"damage":0,"enemies":"Centurion and Healer","floor":20,"turns":1}],"seed_played":"-5280661811902891716","potions_obtained":[{"floor":3,"key":"Fire Potion"},{"floor":4,"key":"PowerPotion"},{"floor":8,"key":"Weak Potion"}],"is_trial":false,"path_per_floor":["M","$","M","M","?","?","R","M","T","T","R","M","M","E","R","B",null,"M","M","M"],"character_chosen":"THE_SILENT","items_purchased":["Caltrops"],"campfire_rested":2,"item_purchase_floors":[2],"current_hp_per_floor":[70,70,69,67,67,60,60,51,51,51,70,70,70,37,58,9,75,46,17,17],"gold":198,"neow_bonus":"ONE_RANDOM_RARE_CARD","is_prod":false,"is_daily":false,"chose_seed":false,"campfire_upgraded":1,"win_rate":0.0,"timestamp":1558061964,"path_taken":["M","$","M","M","?","?","R","M","T","?","R","M","M","E","R","BOSS","M","M","M"],"build_version":"2019-01-23","purchased_purges":1,"victory":false,"max_hp_per_floor":[70,70,70,70,70,70,70,70,70,70,70,70,70,70,70,70,75,75,75,75],"card_choices":[{"not_picked":["PiercingWail","Prepared","Finisher"],"picked":"SKIP","floor":1},{"not_picked":["Poisoned Stab","Caltrops","Expertise"],"picked":"SKIP","floor":3},{"not_picked":["Deflect","Poisoned Stab"],"picked":"Dagger Spray","floor":4},{"not_picked":["Acrobatics","Leg Sweep"],"picked":"Reflex","floor":8},{"not_picked":["Prepared","Dagger Spray"],"picked":"Reflex","floor":12},{"not_picked":["Accuracy","Storm of Steel","Blade Dance"],"picked":"SKIP","floor":13},{"not_picked":["Escape Plan","Prepared","Deadly Poison"],"picked":"SKIP","floor":14},{"not_picked":["Corpse Explosion","Malaise"],"picked":"Phantasmal Killer","floor":16},{"not_picked":["Dagger Spray","Heel Hook"],"picked":"Acrobatics","floor":17},{"not_picked":["Accuracy+1","Dodge and Roll+1"],"picked":"Prepared+1","floor":18},{"not_picked":["Slice+1","Flying Knee+1","Calculated Gamble+1"],"picked":"SKIP","floor":19}],"player_experience":90792,"relics_obtained":[{"floor":9,"key":"PreservedInsect"},{"floor":10,"key":"Omamori"},{"floor":14,"key":"Smiling Mask"}],"event_choices":[{"damage_healed":0,"gold_gain":0,"player_choice":"Ignored","damage_taken":0,"max_hp_gain":0,"max_hp_loss":0,"event_name":"Liars Game","floor":5,"gold_loss":0},{"damage_healed":0,"gold_gain":0,"player_choice":"Success","damage_taken":7,"relics_obtained":["Ancient Tea Set"],"max_hp_gain":0,"max_hp_loss":0,"event_name":"Scrap Ooze","floor":6,"gold_loss":0}],"is_beta":false,"boss_relics":[{"not_picked":["Snecko Eye","Eternal Feather"],"picked":"Tiny House"}],"items_purged_floors":[2],"is_endless":false,"potions_floor_spawned":[3,4,8,16],"killed_by":"Centurion and Healer","ascension_level":0}