{"gold_per_floor":[117,127,202,221,231,231,257,277,277,277,277,296,310,37,37,114,164,176,226,226,242,242,242,273,289,315,74,84,98,17,17],"floor_reached":31,"playtime":894,"items_purged":["Strike_B+1"],"score":478,"play_id":"3d3f1c4c-4342-434f-aa1c-00bb2b9bc326","local_time":"20190524231951","is_ascension_mode":true,"campfire_choices":[{"data":"Streamline","floor":6.0,"key":"SMITH"},{"floor":10.0,"key":"REST"},{"data":"Defragment","floor":15.0,"key":"SMITH"},{"floor":23.0,"key":"REST"}],"neow_cost":"NONE","seed_source_timestamp":320598352829021,"circlet_count":0,"master_deck":["AscendersBane","Strike_B+1","Strike_B+1","Strike_B+1","Defend_B+1","Defend_B+1","Defend_B+1","Defend_B+1","Zap","Dualcast","Sweeping Beam","Streamline+1","Rebound+1","Loop","Glacier","Coolheaded","Conserve Battery","Hologram","White Noise","Defragment+1","Meteor Strike","Conserve Battery","Self Repair","Ball Lightning","Doom and Gloom","Double Energy","Capacitor"],"special_seed":0,"relics":["Cracked Core","NeowsBlessing","Meat on the Bone","Mercury Hourglass","Membership Card","Tiny House","Red Mask","MawBank","Cables","Bronze Scales"],"potions_floor_usage":[31,31],"damage_taken":[{"damage":0.0,"enemies":"Jaw Worm","floor":1.0,"turns":1.0},{"damage":0.0,"enemies":"Small Slimes","floor":2.0,"turns":1.0},{"damage":0.0,"enemies":"Cultist","floor":4.0,"turns":1.0},{"damage":13.0,"enemies":"Large Slime","floor":5.0,"turns":6.0},{"damage":25.0,"enemies":"Lagavulin","floor":7.0,"turns":6.0},{"damage":6.0,"enemies":"3 Louse","floor":8.0,"turns":3.0},{"damage":7.0,"enemies":"Exordium Wildlife","floor":12.0,"turns":4.0},{"damage":9.0,"enemies":"Gremlin Gang","floor":13.0,"turns":4.0},{"damage":20.0,"enemies":"The Guardian","floor":16.0,"turns":11.0},{"damage":9.0,"enemies":"3 Byrds","floor":18.0,"turns":3.0},{"damage":35.0,"enemies":"Colosseum Slavers","floor":20.0,"turns":5.0},{"damage":14.0,"enemies":"Spheric Guardian","floor":21.0,"turns":8.0},{"damage":11.0,"enemies":"Masked Bandits","floor":24.0,"turns":3.0},{"damage":16.0,"enemies":"Shelled Parasite and Fungi","floor":25.0,"turns":6.0},{"damage":31.0,"enemies":"Snake Plant","floor":28.0,"turns":2.0},{"damage":5.0,"enemies":"Snecko","floor":29.0,"turns":5.0},{"damage":61,"enemies":"Shelled Parasite and Fungi","floor":31,"turns":3}],"seed_played":"-7030131765790845509","potions_obtained":[{"floor":7.0,"key":"LiquidBronze"},{"floor":8.0,"key":"Strength Potion"},{"floor":16.0,"key":"Fire Potion"},{"floor":18.0,"key":"Strength Potion"},{"floor":21.0,"key":"Energy Potion"},{"floor":25.0,"key":"AttackPotion"},{"floor":28.0,"key":"AttackPotion"}],"is_trial":false,"path_per_floor":["M","M","?","M","M","R","E","M","T","R","?","M","M","$","R","B",null,"M","?","?","M","?","R","?","M","T","$","M","M","$","M"],"character_chosen":"DEFECT","items_purchased":["Membership Card","Defragment","Cables","Bronze Scales","Double Energy","Capacitor"],"campfire_rested":2,"item_purchase_floors":[14,14,27,27,30,30],"current_hp_per_floor":[64,64,53,53,40,40,15,21,21,42,42,47,38,38,38,30,66,57,57,34,32,32,54,43,53,53,53,34,41,41,0],"gold":17,"neow_bonus":"THREE_ENEMY_KILL","is_prod":false,"is_daily":false,"chose_seed":false,"campfire_upgraded":2,"win_rate":0,"timestamp":1558757991,"path_taken":["M","M","?","M","M","R","E","M","T","R","?","M","?","$","R","BOSS","M","?","?","M","?","R","?","M","T","$","?","M","$","M"],"build_version":"2019-01-23","purchased_purges":1,"victory":false,"max_hp_per_floor":[71,71,71,71,71,71,71,71,71,71,71,71,71,71,71,71,76,76,76,76,76,76,76,76,76,76,76,76,76,76,76],"card_choices":[{"not_picked":["Conserve Battery","Undo"],"picked":"Sweeping Beam","floor":1.0},{"not_picked":["Reinforced Body","Redo"],"picked":"Streamline","floor":2.0},{"not_picked":["Reprogram","Hologram"],"picked":"Rebound","floor":4.0},{"not_picked":["Heatsinks","Beam Cell"],"picked":"Loop","floor":5.0},{"not_picked":["Static Discharge","Hello World"],"picked":"Glacier","floor":7.0},{"not_picked":["Rebound","Skim"],"picked":"Coolheaded","floor":8.0},{"not_picked":["Amplify","Cold Snap"],"picked":"Hologram","floor":12.0},{"not_picked":["Turbo","Steam"],"picked":"White Noise","floor":13.0},{"not_picked":["Thunder Strike","Machine Learning"],"picked":"Meteor Strike","floor":16.0},{"not_picked":["Coolheaded","Sunder"],"picked":"Conserve Battery","floor":17.0},{"not_picked":["Redo","Cold Snap","Stack"],"picked":"SKIP","floor":18.0},{"not_picked":["Go for the Eyes","Barrage+1"],"picked":"Self Repair","floor":21.0},{"not_picked":["Beam Cell","All For One"],"picked":"Ball Lightning","floor":24.0},{"not_picked":["Hologram","Barrage+1"],"picked":"Doom and Gloom","floor":25.0},{"not_picked":["Ball Lightning","Stack","FTL"],"picked":"SKIP","floor":28.0},{"not_picked":["Recycle","FTL+1","Rebound+1"],"picked":"SKIP","floor":29.0}],"player_experience":460127,"relics_obtained":[{"floor":7.0,"key":"Meat on the Bone"},{"floor":9.0,"key":"Mercury Hourglass"},{"floor":24.0,"key":"Red Mask"},{"floor":26.0,"key":"MawBank"}],"event_choices":[{"damage_healed":0.0,"max_hp_gain":0.0,"max_hp_loss":0.0,"gold_gain":75.0,"event_name":"World of Goop","player_choice":"Gather Gold","floor":3.0,"gold_loss":0.0,"damage_taken":11.0},{"damage_healed":0.0,"max_hp_gain":0.0,"max_hp_loss":0.0,"gold_gain":0.0,"event_name":"Match and Keep!","player_choice":"1 cards matched","floor":11.0,"gold_loss":0.0,"damage_taken":0.0,"cards_obtained":["Conserve Battery"]},{"damage_healed":0.0,"max_hp_gain":0.0,"max_hp_loss":0.0,"gold_gain":50.0,"event_name":"Nest","player_choice":"Stole From Cult","floor":19.0,"gold_loss":0.0,"damage_taken":0.0},{"damage_healed":0.0,"max_hp_gain":0.0,"max_hp_loss":0.0,"gold_gain":0.0,"event_name":"Colosseum","player_choice":"Fight","floor":20.0,"gold_loss":0.0,"damage_taken":0.0},{"damage_healed":0.0,"max_hp_gain":0.0,"max_hp_loss":0.0,"gold_gain":0.0,"event_name":"Colosseum","player_choice":"Fled From Nobs","floor":20.0,"gold_loss":0.0,"damage_taken":0.0},{"damage_healed":0.0,"max_hp_gain":0.0,"max_hp_loss":0.0,"gold_gain":0.0,"event_name":"Back to Basics","player_choice":"Simplicity","floor":22.0,"gold_loss":0.0,"damage_taken":0.0,"cards_upgraded":["Strike_B","Strike_B","Strike_B","Strike_B","Defend_B","Defend_B","Defend_B","Defend_B"]},{"damage_healed":0.0,"max_hp_gain":0.0,"max_hp_loss":0.0,"gold_gain":0.0,"event_name":"Masked Bandits","player_choice":"Fought Bandits","floor":24.0,"gold_loss":0.0,"damage_taken":0.0}],"is_beta":false,"boss_relics":[{"not_picked":["Lizard Tail","Velvet Choker"],"picked":"Tiny House"}],"items_purged_floors":[27],"is_endless":false,"potions_floor_spawned":[7,8,12,16,18,21,25,28],"killed_by":"Shelled Parasite and Fungi","ascension_level":20}