{"gold_per_floor":[116,135,145,70,93,127,5,5,31,66,85,99,99,119,119,190,190,206,17,47,57,72,103,103,138,138,138,163,177,187,187,187,264,264,275,35,35,35,49,76,88,126,161,222,234,246],"floor_reached":46,"playtime":1653,"items_purged":["Strike_B","Strike_B"],"score":1089,"play_id":"c9592f05-2c50-45eb-95cb-b1d11b1cf554","local_time":"20190509221827","is_ascension_mode":true,"campfire_choices":[{"floor":8.0,"key":"REST"},{"data":"Chaos","floor":15.0,"key":"SMITH"},{"floor":24,"key":"REST"},{"data":"Static Discharge","floor":27,"key":"SMITH"},{"floor":32,"key":"REST"},{"data":"Seek","floor":41,"key":"SMITH"},{"data":"Double Energy","floor":45,"key":"SMITH"}],"neow_cost":"NONE","seed_source_timestamp":1059733603345468,"circlet_count":0,"master_deck":["AscendersBane","Strike_B","Defend_B","Defend_B","Defend_B","Defend_B","Zap","Dualcast","Chaos+1","Coolheaded","Compile Driver+1","Clumsy","Echo Form","Coolheaded","Static Discharge+1","Streamline","Doom and Gloom+1","Hologram","Electrodynamics","Undo","Bandage Up","Capacitor","Reprogram","Defragment","Decay","Hologram","Chill","Necronomicurse","Seek+1","Double Energy+1","Impatience","Storm","Loop+1","Regret","Injury"],"special_seed":0,"relics":["Cursed Key","PreservedInsect","Omamori","Anchor","Strawberry","Nuclear Battery","Tiny Chest","Boot","Pantograph","Ornamental Fan","Vajra","Necronomicon","Eternal Feather","Mummified Hand","MawBank","Art of War","Whetstone","Oddly Smooth Stone"],"potions_floor_usage":[22,25,33,33,40],"damage_taken":[{"damage":7.0,"enemies":"Jaw Worm","floor":1.0,"turns":3.0},{"damage":9.0,"enemies":"2 Louse","floor":2.0,"turns":3.0},{"damage":0.0,"enemies":"Cultist","floor":3.0,"turns":4.0},{"damage":31.0,"enemies":"3 Sentries","floor":6.0,"turns":6.0},{"damage":0.0,"enemies":"Lagavulin","floor":10.0,"turns":5.0},{"damage":15.0,"enemies":"Exordium Wildlife","floor":11.0,"turns":5.0},{"damage":2.0,"enemies":"Red Slaver","floor":12.0,"turns":3.0},{"damage":0.0,"enemies":"2 Fungi Beasts","floor":14.0,"turns":4.0},{"damage":19.0,"enemies":"Hexaghost","floor":16.0,"turns":8.0},{"damage":17.0,"enemies":"Shell Parasite","floor":18.0,"turns":5.0},{"damage":0.0,"enemies":"Spheric Guardian","floor":21.0,"turns":3.0},{"damage":3,"enemies":"Snake Plant","floor":22,"turns":7},{"damage":30,"enemies":"Gremlin Leader","floor":23,"turns":6},{"damage":26,"enemies":"Book of Stabbing","floor":25,"turns":4},{"damage":3,"enemies":"Chosen and Byrds","floor":29,"turns":6},{"damage":4,"enemies":"Snecko","floor":30,"turns":5},{"damage":37,"enemies":"Collector","floor":33,"turns":10},{"damage":11,"enemies":"Orb Walker","floor":35,"turns":3},{"damage":0,"enemies":"3 Darklings","floor":39,"turns":5},{"damage":24,"enemies":"Reptomancer","floor":40,"turns":6},{"damage":45,"enemies":"Nemesis","floor":42,"turns":5},{"damage":55,"enemies":"Giant Head","floor":46,"turns":6}],"seed_played":"1172749603101986013","potions_obtained":[{"floor":6.0,"key":"SkillPotion"},{"floor":11.0,"key":"Poison Potion"},{"floor":12.0,"key":"Block Potion"},{"floor":21.0,"key":"Explosive Potion"},{"floor":23,"key":"LiquidBronze"},{"floor":29,"key":"Swift Potion"},{"floor":35,"key":"FocusPotion"},{"floor":39,"key":"Poison Potion"}],"is_trial":false,"path_per_floor":["M","M","M","?","T","E","$","R","T","E","M","M","?","M","R","B",null,"M","$","?","M","M","E","R","E","T","R","T","M","M","?","R","B",null,"M","$","?","$","M","E","R","E","T","T","R","E"],"character_chosen":"DEFECT","items_purchased":["Coolheaded","Bandage Up","Mummified Hand"],"campfire_rested":3,"item_purchase_floors":[7,19,36],"current_hp_per_floor":[57,48,48,48,48,17,17,38,38,45,30,28,33,33,33,14,66,49,49,49,53,58,32,56,34,34,34,34,39,43,22,46,38,72,61,61,61,61,69,49,67,26,26,26,47,0],"gold":246,"neow_bonus":"BOSS_RELIC","is_prod":false,"is_daily":false,"chose_seed":false,"campfire_upgraded":4,"win_rate":0,"timestamp":1557458307,"path_taken":["M","M","M","?","?","E","$","R","T","E","?","M","?","M","R","BOSS","M","$","?","M","?","E","R","E","T","R","?","M","?","?","R","BOSS","M","$","?","$","M","E","R","E","T","?","R","E"],"build_version":"2019-01-23","purchased_purges":2,"victory":false,"max_hp_per_floor":[71,71,71,71,71,71,71,71,71,78,78,78,83,83,83,83,83,83,83,83,83,83,83,83,83,83,83,83,83,83,83,83,83,83,83,83,83,83,83,83,83,83,83,83,83,83],"card_choices":[{"not_picked":["Rebound","Go for the Eyes"],"picked":"Chaos","floor":1.0},{"not_picked":["Aggregate","Gash"],"picked":"Coolheaded","floor":2.0},{"not_picked":["Turbo","Recycle"],"picked":"Compile Driver","floor":3.0},{"not_picked":["BootSequence","Cold Snap"],"picked":"Echo Form","floor":6.0},{"not_picked":["Beam Cell","Melter"],"picked":"Static Discharge","floor":10.0},{"not_picked":["Beam Cell","Sweeping Beam"],"picked":"Streamline","floor":11.0},{"not_picked":["Go for the Eyes","Stack"],"picked":"Doom and Gloom","floor":12.0},{"not_picked":["Sweeping Beam","Stack"],"picked":"Hologram","floor":14.0},{"not_picked":["Buffer","Rainbow"],"picked":"Electrodynamics","floor":16.0},{"not_picked":["Redo","Beam Cell"],"picked":"Undo","floor":18.0},{"not_picked":["Undo","Heatsinks"],"picked":"Capacitor","floor":21.0},{"not_picked":["Turbo+1","Barrage"],"picked":"Reprogram","floor":22},{"not_picked":["Ball Lightning","Doom and Gloom","Rebound"],"picked":"SKIP","floor":23},{"not_picked":["BootSequence","Fission"],"picked":"Defragment","floor":25},{"not_picked":["Redo+1","Rebound"],"picked":"Hologram","floor":29},{"not_picked":["Ball Lightning","Coolheaded"],"picked":"Chill","floor":30},{"not_picked":["All For One","Electrodynamics"],"picked":"Seek","floor":33},{"not_picked":["Hello World","Ball Lightning"],"picked":"Double Energy","floor":35},{"not_picked":["Flash of Steel","Chrysalis"],"picked":"Impatience","floor":37},{"not_picked":["Conserve Battery","Streamline","Rebound+1"],"picked":"SKIP","floor":39},{"not_picked":["Hologram","Reinforced Body"],"picked":"Storm","floor":40},{"not_picked":["Cold Snap+1","Rebound"],"picked":"Loop+1","floor":42}],"player_experience":382610,"relics_obtained":[{"floor":5.0,"key":"PreservedInsect"},{"floor":6.0,"key":"Omamori"},{"floor":9.0,"key":"Anchor"},{"floor":10.0,"key":"Strawberry"},{"floor":23,"key":"Boot"},{"floor":25,"key":"Pantograph"},{"floor":26,"key":"Ornamental Fan"},{"floor":28,"key":"Vajra"},{"floor":31,"key":"Necronomicon"},{"floor":40,"key":"MawBank"},{"floor":42,"key":"Art of War"},{"floor":43,"key":"Whetstone"},{"floor":44,"key":"Oddly Smooth Stone"}],"event_choices":[{"cards_removed":["Strike_B"],"damage_healed":0.0,"max_hp_gain":0.0,"max_hp_loss":0.0,"gold_gain":0.0,"event_name":"The Cleric","player_choice":"Card Removal","floor":4.0,"gold_loss":75.0,"damage_taken":0.0},{"damage_healed":0.0,"max_hp_gain":5.0,"max_hp_loss":0.0,"gold_gain":0.0,"event_name":"Big Fish","player_choice":"Donut","floor":13.0,"gold_loss":0.0,"damage_taken":0.0},{"damage_healed":0.0,"max_hp_gain":0.0,"max_hp_loss":0.0,"gold_gain":0.0,"event_name":"WeMeetAgain","player_choice":"Gave Potion","floor":20.0,"gold_loss":0.0,"damage_taken":0.0,"relics_obtained":["Tiny Chest"]},{"damage_healed":0,"gold_gain":0,"player_choice":"Obtained Book","damage_taken":21,"max_hp_gain":0,"max_hp_loss":0,"event_name":"Cursed Tome","floor":31,"gold_loss":0},{"damage_healed":0,"gold_gain":0,"player_choice":"Memory 1","damage_taken":0,"max_hp_gain":0,"max_hp_loss":0,"event_name":"SensoryStone","floor":37,"gold_loss":0}],"is_beta":false,"boss_relics":[{"not_picked":["Fusion Hammer","Velvet Choker"],"picked":"Nuclear Battery"},{"not_picked":["Coffee Dripper","Runic Dome"],"picked":"Eternal Feather"}],"items_purged_floors":[7,19],"is_endless":false,"potions_floor_spawned":[6,11,12,18,21,23,29,35,39],"killed_by":"Giant Head","ascension_level":15}