{"gold_per_floor":[113,113,125,135,145,145,179,179,179,191,210,60,80,80,80,175,175,192,205,20,37,53,53,64,64,64,84,99,99,116,0,0,0],"floor_reached":33,"playtime":2020,"items_purged":[],"score":255,"play_id":"a2c384cb-0905-41aa-9e13-ad364ffb26bb","local_time":"20190517020409","is_ascension_mode":false,"campfire_choices":[{"data":"Battle Trance","floor":6,"key":"SMITH"},{"floor":8,"key":"REST"},{"floor":15,"key":"REST"},{"data":"Searing Blow","floor":23,"key":"SMITH"},{"data":"Searing Blow+1","floor":25,"key":"SMITH"},{"data":"Searing Blow+2","floor":29,"key":"SMITH"},{"data":"Double Tap","floor":32,"key":"SMITH"}],"neow_cost":"NONE","seed_source_timestamp":141483411191908,"circlet_count":0,"master_deck":["Strike_R","Strike_R","Strike_R","Strike_R","Strike_R","Defend_R","Defend_R","Defend_R","Defend_R","Bash","Pommel Strike+1","Battle Trance+1","Cleave","Metallicize","Clothesline","Ghostly Armor","Shrug It Off","Double Tap+1","Searing Blow+3","Ghostly Armor","Disarm","Metallicize","Inflame","Whirlwind+1"],"relics":["Burning Blood","NeowsBlessing","Meat on the Bone","Vajra","Coffee Dripper","Bronze Scales","Question Card"],"potions_floor_usage":[],"damage_taken":[{"damage":0,"enemies":"Jaw Worm","floor":1,"turns":1},{"damage":0,"enemies":"Small Slimes","floor":3,"turns":1},{"damage":0,"enemies":"2 Louse","floor":4,"turns":1},{"damage":25,"enemies":"Large Slime","floor":5,"turns":8},{"damage":58,"enemies":"Lagavulin","floor":7,"turns":8},{"damage":6,"enemies":"Exordium Thugs","floor":10,"turns":5},{"damage":4,"enemies":"2 Fungi Beasts","floor":11,"turns":2},{"damage":0,"enemies":"Blue Slaver","floor":13,"turns":4},{"damage":52,"enemies":"Slime Boss","floor":16,"turns":14},{"damage":5,"enemies":"3 Byrds","floor":18,"turns":4},{"damage":16,"enemies":"Spheric Guardian","floor":19,"turns":6},{"damage":16,"enemies":"Shelled Parasite and Fungi","floor":21,"turns":7},{"damage":7,"enemies":"Centurion and Healer","floor":22,"turns":9},{"damage":13,"enemies":"Snecko","floor":24,"turns":5},{"damage":2,"enemies":"Snake Plant","floor":27,"turns":4},{"damage":18,"enemies":"Cultist and Chosen","floor":28,"turns":5},{"damage":23,"enemies":"3 Cultists","floor":30,"turns":6},{"damage":59,"enemies":"Champ","floor":33,"turns":13}],"seed_played":"-1612620380828638308","potions_obtained":[{"floor":3,"key":"AttackPotion"},{"floor":10,"key":"Block Potion"},{"floor":11,"key":"EntropicBrew"}],"is_trial":false,"path_per_floor":["M","?","M","M","M","R","E","R","T","M","M","$","M","?","R","B",null,"M","M","$","M","M","R","M","R","T","M","M","R","M","?","R","B"],"character_chosen":"IRONCLAD","items_purchased":["Vajra","Searing Blow","Bronze Scales"],"campfire_rested":2,"item_purchase_floors":[12,20,20],"current_hp_per_floor":[80,80,80,80,61,61,9,33,33,45,47,47,53,53,77,43,80,80,70,70,60,59,59,52,52,52,56,56,56,51,51,51,0],"gold":0,"neow_bonus":"THREE_ENEMY_KILL","is_prod":false,"is_daily":false,"chose_seed":false,"campfire_upgraded":5,"win_rate":0,"timestamp":1558083849,"path_taken":["M","?","M","M","M","R","E","R","T","M","M","$","M","?","R","BOSS","M","M","$","M","M","R","M","R","T","M","M","R","M","?","R","BOSS"],"build_version":"2019-01-23","purchased_purges":0,"victory":false,"max_hp_per_floor":[80,80,80,80,80,80,80,80,80,80,80,80,80,80,80,80,80,80,80,80,80,80,80,80,80,80,80,80,80,80,80,80,80],"card_choices":[{"not_picked":["Perfected Strike","Warcry"],"picked":"Pommel Strike","floor":1},{"not_picked":["Thunderclap","Headbutt","Wild Strike"],"picked":"SKIP","floor":3},{"not_picked":["Cleave","Exhume"],"picked":"Battle Trance","floor":4},{"not_picked":["Body Slam","Havoc"],"picked":"Cleave","floor":5},{"not_picked":["Perfected Strike","Feed"],"picked":"Metallicize","floor":7},{"not_picked":["Flex","Thunderclap"],"picked":"Clothesline","floor":10},{"not_picked":["Flex","Havoc"],"picked":"Ghostly Armor","floor":11},{"not_picked":["Feel No Pain","Headbutt"],"picked":"Shrug It Off","floor":13},{"not_picked":["Exhume","Bludgeon"],"picked":"Double Tap","floor":16},{"not_picked":["Hemokinesis","Body Slam","Armaments"],"picked":"SKIP","floor":18},{"not_picked":["Infernal Blade","Anger+1","Twin Strike+1"],"picked":"SKIP","floor":19},{"not_picked":["Second Wind","Sword Boomerang+1","Shockwave+1"],"picked":"SKIP","floor":21},{"not_picked":["Battle Trance","Entrench+1"],"picked":"Ghostly Armor","floor":22},{"not_picked":["Searing Blow","Body Slam"],"picked":"Disarm","floor":24},{"not_picked":["Hemokinesis","Iron Wave","Havoc"],"picked":"Metallicize","floor":27},{"not_picked":["Wild Strike","Perfected Strike","Clash"],"picked":"Inflame","floor":28},{"not_picked":["Anger","Warcry","Wild Strike"],"picked":"Whirlwind+1","floor":30}],"player_experience":107334,"relics_obtained":[{"floor":7,"key":"Meat on the Bone"},{"floor":26,"key":"Question Card"}],"event_choices":[{"damage_healed":0,"gold_gain":0,"player_choice":"Grow","damage_taken":0,"max_hp_gain":0,"max_hp_loss":0,"event_name":"Living Wall","floor":2,"gold_loss":0,"cards_upgraded":["Pommel Strike"]},{"damage_healed":0,"gold_gain":0,"player_choice":"Searched \u00270\u0027 times","damage_taken":0,"max_hp_gain":0,"max_hp_loss":0,"event_name":"Dead Adventurer","floor":14,"gold_loss":0},{"damage_healed":0,"gold_gain":0,"player_choice":"Paid Fearfully","damage_taken":0,"max_hp_gain":0,"max_hp_loss":0,"event_name":"Masked Bandits","floor":31,"gold_loss":116}],"is_beta":false,"boss_relics":[{"not_picked":["Black Star","Orrery"],"picked":"Coffee Dripper"}],"items_purged_floors":[],"is_endless":false,"potions_floor_spawned":[3,10,11,13,18,21],"killed_by":"Champ","ascension_level":0}