{"gold_per_floor":[116,116,127,127,142,142,170,170,170,196,216,229,229,229,229,326,326,338,338,353,370,387,387,419,419,419,449,449,449,461,37,37,136,136,155,155,174,174,186,186,212,212,239,265,277],"floor_reached":45,"playtime":1696,"items_purged":["Strike_G"],"score":677,"play_id":"e7d35b71-cdaf-4790-a2b0-fb9c421554d0","local_time":"20190321221915","is_ascension_mode":true,"campfire_choices":[{"data":"Dagger Spray","floor":6,"key":"SMITH"},{"data":"Noxious Fumes","floor":8,"key":"SMITH"},{"floor":15,"key":"REST"},{"data":"Wraith Form v2","floor":23,"key":"SMITH"},{"floor":25,"key":"REST"},{"data":"Terror","floor":28,"key":"SMITH"},{"data":"Burst","floor":32,"key":"SMITH"},{"data":"Tools of the Trade","floor":40,"key":"SMITH"},{"data":"Bouncing Flask","floor":42,"key":"SMITH"}],"neow_cost":"NONE","seed_source_timestamp":423724844053270,"circlet_count":0,"master_deck":["Defend_G","Defend_G","Defend_G","Defend_G","Defend_G","Strike_G+1","Strike_G+1","Survivor","Neutralize+1","Slice+1","Noxious Fumes+1","Dagger Spray+1","Deadly Poison","Terror+1","Calculated Gamble","Sucker Punch","PiercingWail","Poisoned Stab","Wraith Form v2+1","Backflip+1","Deadly Poison+1","Blur","Acrobatics","Deflect","Deflect+1","Distraction+1","Crippling Poison","Burst+1","Footwork","Tools of the Trade+1","Footwork","Dramatic Entrance+1","Bouncing Flask+1","Outmaneuver+1"],"relics":["Ring of the Snake","Prayer Wheel","Gambling Chip","Incense Burner","Happy Flower","Eternal Feather","Question Card","Ginger","Lantern","Ancient Tea Set","Sozu","Pantograph","Whetstone","MawBank"],"potions_floor_usage":[22,24,24,33,33,44],"damage_taken":[{"damage":0,"enemies":"Jaw Worm","floor":1,"turns":4},{"damage":0,"enemies":"Small Slimes","floor":3,"turns":3},{"damage":0,"enemies":"Cultist","floor":5,"turns":4},{"damage":18,"enemies":"Gremlin Nob","floor":7,"turns":4},{"damage":17,"enemies":"3 Sentries","floor":10,"turns":5},{"damage":3,"enemies":"Large Slime","floor":11,"turns":5},{"damage":1,"enemies":"Looter","floor":12,"turns":2},{"damage":11,"enemies":"The Guardian","floor":16,"turns":9},{"damage":2,"enemies":"3 Byrds","floor":18,"turns":4},{"damage":5,"enemies":"Chosen","floor":20,"turns":5},{"damage":8,"enemies":"Snecko","floor":21,"turns":4},{"damage":17,"enemies":"Sentry and Sphere","floor":22,"turns":8},{"damage":27,"enemies":"Gremlin Leader","floor":24,"turns":7},{"damage":7,"enemies":"Book of Stabbing","floor":27,"turns":7},{"damage":0,"enemies":"Snake Plant","floor":30,"turns":3},{"damage":43,"enemies":"Collector","floor":33,"turns":9},{"damage":2,"enemies":"Orb Walker","floor":35,"turns":5},{"damage":1,"enemies":"3 Shapes","floor":37,"turns":7},{"damage":0,"enemies":"3 Darklings","floor":39,"turns":6},{"damage":11,"enemies":"Giant Head","floor":41,"turns":10},{"damage":53,"enemies":"Reptomancer","floor":44,"turns":7},{"damage":15,"enemies":"Jaw Worm Horde","floor":45,"turns":2}],"seed_played":"1009676114614165598","potions_obtained":[{"floor":3,"key":"EssenceOfSteel"},{"floor":5,"key":"Explosive Potion"},{"floor":7,"key":"Energy Potion"},{"floor":16,"key":"PowerPotion"},{"floor":24,"key":"Energy Potion"},{"floor":30,"key":"Dexterity Potion"},{"floor":33,"key":"EssenceOfSteel"}],"is_trial":false,"path_per_floor":["M","?","M","?","M","R","E","R","T","E","M","M","?","?","R","B",null,"M","?","M","M","M","R","E","R","T","E","R","?","M","$","R","B",null,"M","?","M","?","M","R","E","R","T","E","M"],"character_chosen":"THE_SILENT","items_purchased":["Burst","Footwork","Ancient Tea Set"],"campfire_rested":2,"item_purchase_floors":[31,31,31],"current_hp_per_floor":[63,49,49,70,70,70,52,52,52,35,32,31,31,24,45,34,61,59,59,54,46,29,44,17,53,53,46,61,61,61,61,70,27,59,57,57,56,56,56,66,55,66,66,13,0],"gold":277,"neow_bonus":"UPGRADE_CARD","is_prod":false,"is_daily":false,"chose_seed":false,"campfire_upgraded":7,"win_rate":0,"timestamp":1553224755,"path_taken":["M","?","M","?","M","R","E","R","T","E","M","M","?","?","R","BOSS","M","?","M","?","M","R","E","R","T","E","R","?","M","$","R","BOSS","M","?","M","?","M","R","E","R","T","E","M"],"build_version":"2019-01-23","purchased_purges":1,"victory":false,"max_hp_per_floor":[70,70,70,70,70,70,70,70,70,70,70,70,70,70,70,70,70,70,70,70,70,70,70,70,70,70,70,70,70,70,70,70,70,70,70,66,66,66,66,66,66,66,66,66,66],"card_choices":[{"not_picked":["Bane","Backflip"],"picked":"Slice","floor":1},{"not_picked":["Terror","Quick Slash"],"picked":"Noxious Fumes","floor":3},{"not_picked":["Endless Agony","Expertise"],"picked":"Dagger Spray","floor":5},{"not_picked":["Blade Dance","Poisoned Stab"],"picked":"Deadly Poison","floor":7},{"not_picked":["Backflip","Bane"],"picked":"Terror","floor":10},{"not_picked":["Blade Dance","Dash"],"picked":"Calculated Gamble","floor":11},{"not_picked":["Eviscerate","Terror"],"picked":"Sucker Punch","floor":11},{"not_picked":["Acrobatics","Underhanded Strike"],"picked":"PiercingWail","floor":12},{"not_picked":["Slice","Riddle With Holes"],"picked":"Poisoned Stab","floor":12},{"not_picked":["Night Terror","A Thousand Cuts"],"picked":"Wraith Form v2","floor":16},{"not_picked":["Endless Agony","Deadly Poison"],"picked":"Backflip+1","floor":18},{"not_picked":["Flying Knee+1","Dagger Throw"],"picked":"Deadly Poison+1","floor":18},{"not_picked":["Dagger Spray","Tactician"],"picked":"Acrobatics","floor":20},{"not_picked":["Phantasmal Killer","Slice","Backflip"],"picked":"SKIP","floor":20},{"not_picked":["Terror+1","Tactician+1"],"picked":"Deflect","floor":21},{"not_picked":["Sucker Punch","Storm of Steel","Blade Dance+1"],"picked":"SKIP","floor":21},{"not_picked":["Underhanded Strike+1","Sucker Punch"],"picked":"Deflect+1","floor":22},{"not_picked":["Poisoned Stab","Concentrate","Deflect"],"picked":"SKIP","floor":22},{"not_picked":["Skewer","Blur","Concentrate"],"picked":"SKIP","floor":24},{"not_picked":["Quick Slash","Predator+1","Deflect+1"],"picked":"Distraction+1","floor":27},{"not_picked":["Deflect","Eviscerate+1","Flying Knee"],"picked":"Crippling Poison","floor":30},{"not_picked":["Finisher","Prepared","Dagger Throw","Flying Knee"],"picked":"SKIP","floor":30},{"not_picked":["Malaise","Bullet Time","Die Die Die"],"picked":"Tools of the Trade","floor":33},{"not_picked":["Caltrops+1","Deadly Poison","Distraction"],"picked":"Footwork","floor":35},{"not_picked":["Prepared","Underhanded Strike","Dagger Spray+1","Flechettes"],"picked":"SKIP","floor":35},{"not_picked":["Deflect","Concentrate","Dagger Throw+1","Sucker Punch"],"picked":"SKIP","floor":37},{"not_picked":["Dagger Spray","Cloak And Dagger+1","After Image","Prepared+1"],"picked":"SKIP","floor":37},{"not_picked":["Mayhem","HandOfGreed","Violence"],"picked":"Dramatic Entrance","floor":38},{"not_picked":["Dagger Spray+1","Deflect+1","Outmaneuver"],"picked":"Bouncing Flask","floor":39},{"not_picked":["Flying Knee","Acrobatics+1","Slice+1","Deflect+1"],"picked":"SKIP","floor":39},{"not_picked":["PiercingWail","Storm of Steel","Bane"],"picked":"Outmaneuver+1","floor":41},{"not_picked":["Concentrate","Reflex","Dagger Spray+1","Riddle With Holes+1"],"picked":"SKIP","floor":44}],"player_experience":248909,"relics_obtained":[{"floor":7,"key":"Prayer Wheel"},{"floor":9,"key":"Gambling Chip"},{"floor":10,"key":"Incense Burner"},{"floor":24,"key":"Question Card"},{"floor":26,"key":"Ginger"},{"floor":27,"key":"Lantern"},{"floor":41,"key":"Pantograph"},{"floor":43,"key":"Whetstone"},{"floor":44,"key":"MawBank"}],"event_choices":[{"damage_healed":0,"gold_gain":0,"player_choice":"Entered Light","damage_taken":14,"max_hp_gain":0,"max_hp_loss":0,"event_name":"Shining Light","floor":2,"gold_loss":0,"cards_upgraded":["Strike_G","Strike_G"]},{"damage_healed":23,"gold_gain":0,"player_choice":"Banana","damage_taken":0,"max_hp_gain":0,"max_hp_loss":0,"event_name":"Big Fish","floor":4,"gold_loss":0},{"damage_healed":0,"gold_gain":0,"player_choice":"Searched \u00271\u0027 times","damage_taken":0,"relics_obtained":["Happy Flower"],"max_hp_gain":0,"max_hp_loss":0,"event_name":"Dead Adventurer","floor":13,"gold_loss":0},{"cards_removed":["Strike_G"],"damage_healed":0,"gold_gain":0,"player_choice":"Card Removal","damage_taken":7,"max_hp_gain":0,"max_hp_loss":0,"event_name":"Golden Wing","floor":14,"gold_loss":0},{"damage_healed":0,"gold_gain":0,"cards_transformed":["Strike_G"],"player_choice":"Transformed","damage_taken":0,"max_hp_gain":0,"max_hp_loss":0,"event_name":"Transmorgrifier","floor":19,"gold_loss":0,"cards_obtained":["Blur"]},{"damage_healed":0,"gold_gain":0,"player_choice":"Ignored","damage_taken":0,"max_hp_gain":0,"max_hp_loss":0,"event_name":"Ghosts","floor":29,"gold_loss":0},{"damage_healed":0,"gold_gain":0,"player_choice":"Max HP","damage_taken":0,"max_hp_gain":0,"max_hp_loss":4,"event_name":"Winding Halls","floor":36,"gold_loss":0},{"damage_healed":0,"gold_gain":0,"player_choice":"Memory 1","damage_taken":0,"max_hp_gain":0,"max_hp_loss":0,"event_name":"SensoryStone","floor":38,"gold_loss":0}],"is_beta":false,"boss_relics":[{"not_picked":["Coffee Dripper","Cursed Key"],"picked":"Eternal Feather"},{"not_picked":["Orrery","Astrolabe"],"picked":"Sozu"}],"items_purged_floors":[31],"is_endless":false,"potions_floor_spawned":[3,5,7,16,18,24,30,33,37,44],"killed_by":"Jaw Worm Horde","ascension_level":6}