{"gold_per_floor":[112,112,130,305,405,448,448,492,492,508,549,562,562,578,578,702,702,723,309,327,341,364,364,403,235,235,271,271,296,296,72,72,72],"floor_reached":33,"playtime":1634,"items_purged":["Defend_R"],"score":330,"play_id":"0c53d6a9-1c16-4787-b3c4-9a6eafda5503","local_time":"20190208012927","is_ascension_mode":false,"campfire_choices":[{"data":"Rupture","floor":7,"key":"SMITH"},{"floor":13,"key":"REST"},{"floor":15,"key":"REST"},{"data":"Infernal Blade","floor":23,"key":"SMITH"},{"floor":30,"key":"REST"},{"data":"Infernal Blade","floor":32,"key":"SMITH"}],"neow_cost":"NONE","seed_source_timestamp":1896752314738167,"circlet_count":0,"master_deck":["Strike_R+1","Strike_R+1","Strike_R","Strike_R","Strike_R","Defend_R","Defend_R+1","Defend_R+1","Bash","Rupture+1","Perfected Strike","Doubt","Clothesline+1","Inflame","Uppercut+1","Infernal Blade+1","Whirlwind+1","Thunderclap+1","Feed+1","Twin Strike+1","Swift Strike+1","Bludgeon+1","Pommel Strike+1","Headbutt+1","Pummel+1","Fire Breathing","Swift Strike+1","Infernal Blade+1","Rupture","Clash+1"],"relics":["Burning Blood","NeowsBlessing","Golden Idol","Molten Egg 2","Anchor","Whetstone","War Paint","Black Star","Bottled Flame","Happy Flower","Vajra","Bag of Marbles","Orichalcum","Bird Faced Urn","Mercury Hourglass","Blood Vial"],"potions_floor_usage":[11,16,24,33],"damage_taken":[{"damage":0,"enemies":"Cultist","floor":1,"turns":1},{"damage":0,"enemies":"Jaw Worm","floor":3,"turns":1},{"damage":0,"enemies":"Lagavulin","floor":6,"turns":1},{"damage":31,"enemies":"Gremlin Nob","floor":8,"turns":5},{"damage":0,"enemies":"Small Slimes","floor":10,"turns":2},{"damage":27,"enemies":"3 Sentries","floor":11,"turns":6},{"damage":24,"enemies":"Gremlin Gang","floor":12,"turns":4},{"damage":10,"enemies":"Lots of Slimes","floor":14,"turns":3},{"damage":45,"enemies":"Slime Boss","floor":16,"turns":7},{"damage":24,"enemies":"Shell Parasite","floor":18,"turns":6},{"damage":0,"enemies":"Spheric Guardian","floor":20,"turns":2},{"damage":21,"enemies":"Snake Plant","floor":21,"turns":4},{"damage":10,"enemies":"Chosen and Byrds","floor":22,"turns":4},{"damage":31,"enemies":"Slavers","floor":24,"turns":4},{"damage":8,"enemies":"Gremlin Leader","floor":27,"turns":3},{"damage":0,"enemies":"3 Cultists","floor":29,"turns":2},{"damage":78,"enemies":"Champ","floor":33,"turns":7}],"seed_played":"8333348922556384908","potions_obtained":[{"floor":1,"key":"Block Potion"},{"floor":3,"key":"Explosive Potion"},{"floor":8,"key":"SpeedPotion"},{"floor":10,"key":"Strength Potion"},{"floor":20,"key":"FearPotion"},{"floor":21,"key":"Ancient Potion"}],"is_trial":false,"path_per_floor":["M","?","M","?","?","E","R","E","T","M","E","M","R","M","R","B",null,"M","$","M","M","M","R","E","$","T","E","?","M","R","$","R","B"],"character_chosen":"IRONCLAD","items_purchased":["Bottled Flame","Swift Strike+1","Bludgeon+1","Swift Strike+1","Infernal Blade","Blood Vial"],"campfire_rested":3,"item_purchase_floors":[19,19,19,25,25,31],"current_hp_per_floor":[80,60,66,66,66,72,72,47,47,53,32,14,38,34,58,19,80,62,62,68,57,53,53,28,28,28,26,26,32,57,57,57,0],"gold":72,"neow_bonus":"THREE_ENEMY_KILL","is_prod":false,"is_daily":false,"chose_seed":false,"campfire_upgraded":3,"win_rate":0.0,"timestamp":1549610967,"path_taken":["M","?","M","?","?","E","R","E","T","M","E","M","R","?","R","BOSS","M","$","M","M","M","R","E","?","T","E","?","M","R","$","R","BOSS"],"build_version":"2019-01-23","purchased_purges":1,"victory":false,"max_hp_per_floor":[80,80,80,80,80,80,80,80,80,80,80,80,80,80,80,80,80,80,80,80,84,84,84,84,84,84,84,84,84,84,84,84,84],"card_choices":[{"not_picked":["Rage","Rampage"],"picked":"Rupture","floor":1},{"not_picked":["Blood for Blood","Thunderclap"],"picked":"Perfected Strike","floor":3},{"not_picked":["Sword Boomerang","Body Slam"],"picked":"Clothesline","floor":6},{"not_picked":["Disarm","Clothesline+1"],"picked":"Inflame","floor":8},{"not_picked":["True Grit","Barricade"],"picked":"Uppercut+1","floor":10},{"not_picked":["Body Slam+1","Warcry"],"picked":"Infernal Blade","floor":11},{"not_picked":["Headbutt+1","Body Slam+1"],"picked":"Whirlwind+1","floor":12},{"not_picked":["Ghostly Armor","Seeing Red"],"picked":"Thunderclap+1","floor":14},{"not_picked":["Barricade","Berserk"],"picked":"Feed+1","floor":16},{"not_picked":["Metallicize","Battle Trance"],"picked":"Twin Strike+1","floor":18},{"not_picked":["Iron Wave+1","Body Slam+1"],"picked":"Pommel Strike+1","floor":20},{"not_picked":["Infernal Blade","Warcry"],"picked":"Headbutt+1","floor":21},{"not_picked":["Cleave+1","Armaments"],"picked":"Pummel+1","floor":22},{"not_picked":["Clothesline+1","Iron Wave+1"],"picked":"Fire Breathing","floor":24},{"not_picked":["Power Through","Rampage+1"],"picked":"Rupture","floor":27},{"not_picked":["Cleave+1","Intimidate+1"],"picked":"Clash+1","floor":29}],"player_experience":22542,"relics_obtained":[{"floor":6,"key":"Molten Egg 2"},{"floor":8,"key":"Anchor"},{"floor":9,"key":"Whetstone"},{"floor":11,"key":"War Paint"},{"floor":24,"key":"Happy Flower"},{"floor":24,"key":"Vajra"},{"floor":26,"key":"Bag of Marbles"},{"floor":27,"key":"Orichalcum"},{"floor":27,"key":"Bird Faced Urn"}],"event_choices":[{"damage_healed":0,"gold_gain":0,"player_choice":"Take Damage","damage_taken":20,"relics_obtained":["Golden Idol"],"max_hp_gain":0,"max_hp_loss":0,"event_name":"Golden Idol","floor":2,"gold_loss":0},{"damage_healed":0,"gold_gain":175,"player_choice":"AGREE","damage_taken":0,"max_hp_gain":0,"max_hp_loss":0,"event_name":"Liars Game","floor":4,"gold_loss":0,"cards_obtained":["Doubt"]},{"damage_healed":0,"gold_gain":100,"player_choice":"Pray","damage_taken":0,"max_hp_gain":0,"max_hp_loss":0,"event_name":"Golden Shrine","floor":5,"gold_loss":0},{"damage_healed":0,"gold_gain":0,"player_choice":"Gave Potion","damage_taken":0,"relics_obtained":["Mercury Hourglass"],"max_hp_gain":0,"max_hp_loss":0,"event_name":"WeMeetAgain","floor":28,"gold_loss":0}],"is_beta":false,"boss_relics":[{"not_picked":["Runic Dome","Lizard Tail"],"picked":"Black Star"}],"items_purged_floors":[31],"is_endless":false,"potions_floor_spawned":[1,3,8,10,20,21],"killed_by":"Champ","ascension_level":0}