{"gold_per_floor":[117,130,147,158,173,206,223,188,188,17,92,92,120,135,135,240,240,255,269,269,0,0,25,37,37],"floor_reached":25,"playtime":761,"items_purged":["Strike_R+1"],"score":401,"play_id":"6f14899c-56da-4913-878b-b5af8198930d","local_time":"20190430214552","is_ascension_mode":true,"campfire_choices":[{"floor":12,"key":"REST"},{"data":"Whirlwind","floor":15,"key":"SMITH"}],"neow_cost":"NONE","seed_source_timestamp":281057912343224,"circlet_count":0,"master_deck":["AscendersBane","Defend_R+1","Defend_R+1","Defend_R+1","Defend_R+1","Bash","Whirlwind+1","Body Slam","Headbutt","Cleave","True Grit","Demon Form","Pommel Strike","Shrug It Off","Spot Weakness","Shrug It Off","Offering","Battle Trance","Bloodletting","Sword Boomerang","Bite","Bite","Bite","Bite","Bite","Disarm"],"special_seed":0,"relics":["Burning Blood","Mercury Hourglass","Bottled Flame","Bag of Preparation","Ginger","Black Star","PreservedInsect","Molten Egg 2","Frozen Egg 2"],"potions_floor_usage":[25,25],"damage_taken":[{"damage":6.0,"enemies":"Cultist","floor":1.0,"turns":4.0},{"damage":0.0,"enemies":"Small Slimes","floor":2.0,"turns":3.0},{"damage":7.0,"enemies":"Jaw Worm","floor":3.0,"turns":3.0},{"damage":19.0,"enemies":"Blue Slaver","floor":4.0,"turns":5.0},{"damage":19.0,"enemies":"Lots of Slimes","floor":5.0,"turns":4.0},{"damage":49.0,"enemies":"Gremlin Nob","floor":6.0,"turns":5.0},{"damage":1.0,"enemies":"Exordium Thugs","floor":7.0,"turns":3.0},{"damage":10,"enemies":"3 Sentries","floor":13,"turns":5},{"damage":0,"enemies":"3 Louse","floor":14,"turns":1},{"damage":34,"enemies":"The Guardian","floor":16,"turns":12},{"damage":28,"enemies":"Spheric Guardian","floor":18,"turns":4},{"damage":0,"enemies":"3 Byrds","floor":19,"turns":3},{"damage":45,"enemies":"Book of Stabbing","floor":23,"turns":5},{"damage":10,"enemies":"Snecko","floor":24,"turns":4},{"damage":32,"enemies":"Gremlin Leader","floor":25,"turns":2}],"seed_played":"5519003910814385211","potions_obtained":[{"floor":2.0,"key":"GamblersBrew"},{"floor":5.0,"key":"PowerPotion"},{"floor":7.0,"key":"LiquidBronze"},{"floor":14,"key":"GamblersBrew"},{"floor":16,"key":"Swift Potion"},{"floor":24,"key":"Fire Potion"}],"is_trial":false,"path_per_floor":["M","M","M","M","M","E","M","?","T","$","?","R","E","M","R","B",null,"M","M","?","$","?","E","M","E"],"character_chosen":"IRONCLAD","items_purchased":["Shrug It Off","Bag of Preparation","PreservedInsect","Sword Boomerang"],"campfire_rested":1,"item_purchase_floors":[10,10,21,21],"current_hp_per_floor":[72,78,77,64,51,8,13,33,33,33,25,49,45,51,51,23,66,44,50,50,50,50,17,23,0],"gold":37,"neow_bonus":"THREE_CARDS","is_prod":false,"is_daily":false,"chose_seed":false,"campfire_upgraded":1,"win_rate":0,"timestamp":1556678752,"path_taken":["M","M","M","?","M","E","M","?","T","?","?","R","E","M","R","BOSS","M","?","?","$","?","E","M","E"],"build_version":"2019-01-23","purchased_purges":1,"victory":false,"max_hp_per_floor":[80,80,80,80,80,80,80,80,80,80,80,80,80,80,80,80,80,80,80,80,80,56,56,56,56],"card_choices":[{"not_picked":["Shockwave","Shrug It Off"],"picked":"Whirlwind","floor":0.0},{"not_picked":["Perfected Strike","Wild Strike"],"picked":"Body Slam","floor":1.0},{"not_picked":["Clothesline","Seeing Red"],"picked":"Headbutt","floor":2.0},{"not_picked":["Warcry","Reckless Charge"],"picked":"Cleave","floor":3.0},{"not_picked":["Body Slam","Rupture"],"picked":"True Grit","floor":4.0},{"not_picked":["Clash","Corruption","Berserk"],"picked":"SKIP","floor":5.0},{"not_picked":["Searing Blow","Cleave"],"picked":"Demon Form","floor":6.0},{"not_picked":["Twin Strike","Inflame"],"picked":"Pommel Strike","floor":7.0},{"not_picked":["Carnage","Power Through"],"picked":"Spot Weakness","floor":13},{"not_picked":["Hemokinesis","Power Through"],"picked":"Shrug It Off","floor":14},{"not_picked":["Demon Form","Double Tap"],"picked":"Offering","floor":16},{"not_picked":["Headbutt+1","Armaments"],"picked":"Battle Trance","floor":18},{"not_picked":["Searing Blow","Armaments"],"picked":"Bloodletting","floor":19},{"not_picked":["Wild Strike","Flex"],"picked":"Disarm","floor":23},{"not_picked":["Perfected Strike+1","Pummel+1","Anger+1"],"picked":"SKIP","floor":24}],"player_experience":349888,"relics_obtained":[{"floor":6.0,"key":"Mercury Hourglass"},{"floor":9.0,"key":"Bottled Flame"},{"floor":13,"key":"Ginger"},{"floor":23,"key":"Molten Egg 2"},{"floor":23,"key":"Frozen Egg 2"}],"event_choices":[{"damage_healed":20.0,"max_hp_gain":0.0,"max_hp_loss":0.0,"gold_gain":0.0,"event_name":"The Cleric","player_choice":"Healed","floor":8.0,"gold_loss":35.0,"damage_taken":0.0},{"damage_healed":0,"gold_gain":75,"player_choice":"Touch","damage_taken":8,"max_hp_gain":0,"max_hp_loss":0,"event_name":"FaceTrader","floor":11,"gold_loss":0},{"damage_healed":0,"gold_gain":0,"player_choice":"Simplicity","damage_taken":0,"max_hp_gain":0,"max_hp_loss":0,"event_name":"Back to Basics","floor":20,"gold_loss":0,"cards_upgraded":["Strike_R","Strike_R","Strike_R","Strike_R","Strike_R","Defend_R","Defend_R","Defend_R","Defend_R"]},{"damage_healed":0,"gold_gain":0,"player_choice":"Became a vampire","damage_taken":0,"max_hp_gain":0,"max_hp_loss":24,"event_name":"Vampires","floor":22,"gold_loss":0,"cards_obtained":["Bite","Bite","Bite","Bite","Bite"]}],"is_beta":false,"boss_relics":[{"not_picked":["Velvet Choker","Philosopher\u0027s Stone"],"picked":"Black Star"}],"items_purged_floors":[21],"is_endless":false,"potions_floor_spawned":[2,5,7,14,16,23,24],"killed_by":"Gremlin Leader","ascension_level":12}