{"gold_per_floor":[119,135,24,24,24,24,59,59,59,90,110,123,20,50,50,153,153,169,269,287,207,207,207,207,207,207,207,235,254,280,280,280,385,385,403,418,418,469,492,492,492,492,492,492,492,517,409,421,421,421],"floor_reached":51,"playtime":2207,"items_purged":["Strike_G","Strike_G","Defend_G"],"score":922,"play_id":"d84124ba-07a5-483f-9812-cf1852e81e75","local_time":"20190321041403","is_ascension_mode":true,"campfire_choices":[{"data":"Blade Dance","floor":6,"key":"SMITH"},{"data":"Deadly Poison","floor":8,"key":"SMITH"},{"data":"Venomology","floor":15,"key":"SMITH"},{"floor":23,"key":"REST"},{"data":"Crippling Poison","floor":24,"key":"SMITH"},{"data":"Tools of the Trade","floor":25,"key":"SMITH"},{"data":"Dodge and Roll","floor":32,"key":"SMITH"},{"floor":40,"key":"REST"},{"data":"After Image","floor":41,"key":"SMITH"},{"data":"Enlightenment","floor":49,"key":"SMITH"}],"neow_cost":"NONE","seed_source_timestamp":358093789296655,"circlet_count":0,"master_deck":["Defend_G","Defend_G","Defend_G","Defend_G","Survivor","Neutralize+1","PiercingWail","Blade Dance+1","Backstab+1","Footwork+1","Deadly Poison+1","Deflect","Crippling Poison+1","Venomology+1","Slice","Cloak And Dagger","Corpse Explosion","Tools of the Trade+1","Outmaneuver+1","Backflip+1","Cloak And Dagger+1","Writhe","Bouncing Flask+1","Dodge and Roll+1","After Image+1","Acrobatics","Leg Sweep+1","Enlightenment+1","Catalyst+1","Accuracy","Backflip"],"relics":["Ring of the Snake","NeowsBlessing","Mummified Hand","The Courier","PreservedInsect","Orichalcum","Empty Cage","WingedGreaves","Bottled Tornado","Smiling Mask","Pocketwatch","Paper Crane","Whetstone","Gremlin Horn","Lizard Tail","Unceasing Top","Bag of Marbles","FossilizedHelix","Blue Candle"],"potions_floor_usage":[14,16,16,18,19,19,19,20,28,28,33,33,35,36,38,38,44,46,50,50,50,50],"damage_taken":[{"damage":0,"enemies":"2 Louse","floor":1,"turns":1},{"damage":0,"enemies":"Jaw Worm","floor":2,"turns":1},{"damage":0,"enemies":"3 Sentries","floor":7,"turns":1},{"damage":11,"enemies":"Lagavulin","floor":10,"turns":7},{"damage":0,"enemies":"Cultist","floor":11,"turns":3},{"damage":0,"enemies":"Exordium Wildlife","floor":12,"turns":4},{"damage":1,"enemies":"3 Sentries","floor":14,"turns":5},{"damage":6,"enemies":"Hexaghost","floor":16,"turns":9},{"damage":1,"enemies":"Spheric Guardian","floor":18,"turns":7},{"damage":16,"enemies":"Colosseum Slavers","floor":19,"turns":3},{"damage":11,"enemies":"Colosseum Nobs","floor":19,"turns":3},{"damage":1,"enemies":"2 Thieves","floor":20,"turns":3},{"damage":1,"enemies":"Book of Stabbing","floor":28,"turns":6},{"damage":0,"enemies":"Snake Plant","floor":29,"turns":5},{"damage":14,"enemies":"Gremlin Leader","floor":30,"turns":7},{"damage":41,"enemies":"Champ","floor":33,"turns":16},{"damage":5,"enemies":"Orb Walker","floor":35,"turns":3},{"damage":4,"enemies":"3 Shapes","floor":36,"turns":5},{"damage":22,"enemies":"2 Orb Walkers","floor":38,"turns":5},{"damage":0,"enemies":"Transient","floor":44,"turns":3},{"damage":8,"enemies":"Giant Head","floor":46,"turns":11},{"damage":0,"enemies":"Sphere and 2 Shapes","floor":48,"turns":5},{"damage":13,"enemies":"Awakened One","floor":50,"turns":19}],"seed_played":"-5587653746906701402","potions_obtained":[{"floor":11,"key":"Dexterity Potion"},{"floor":12,"key":"PowerPotion"},{"floor":16,"key":"SteroidPotion"},{"floor":18,"key":"Strength Potion"},{"floor":29,"key":"GhostInAJar"},{"floor":33,"key":"Regen Potion"}],"is_trial":false,"path_per_floor":["M","M","$","?","?","R","E","R","T","E","M","M","$","E","R","B",null,"M","?","M","$","?","R","R","R","T","T","E","M","E","?","R","B",null,"M","M","?","?","T","R","R","?","T","M","?","E","$","M","R","B",null],"character_chosen":"THE_SILENT","items_purchased":["Backstab","Footwork","Cloak And Dagger","Accuracy"],"campfire_rested":2,"item_purchase_floors":[3,3,13,47],"current_hp_per_floor":[70,70,70,70,70,70,70,70,70,59,59,59,59,58,58,52,70,69,47,46,46,46,67,67,67,67,67,66,66,52,52,52,11,70,65,61,61,39,39,58,58,58,58,58,58,59,59,59,59,46],"gold":421,"neow_bonus":"THREE_ENEMY_KILL","is_prod":false,"is_daily":false,"chose_seed":false,"campfire_upgraded":8,"win_rate":0,"timestamp":1553159643,"path_taken":["M","M","$","?","?","R","E","R","T","E","?","M","$","E","R","BOSS","M","?","M","$","?","R","R","R","T","?","E","?","E","?","R","BOSS","M","M","?","?","?","R","R","?","T","?","?","E","$","M","R","BOSS"],"build_version":"2019-01-23","purchased_purges":3,"victory":true,"max_hp_per_floor":[70,70,70,70,70,70,70,70,70,70,70,70,70,70,70,70,70,70,70,70,70,70,70,70,70,70,70,70,70,70,70,70,70,70,70,70,66,66,66,66,66,66,66,66,66,66,66,66,66,66],"card_choices":[{"not_picked":["Escape Plan","Bane"],"picked":"PiercingWail","floor":1},{"not_picked":["Setup","Bane"],"picked":"Blade Dance","floor":2},{"not_picked":["Heel Hook","Concentrate"],"picked":"Deflect","floor":7},{"not_picked":["Deadly Poison","Underhanded Strike"],"picked":"Crippling Poison","floor":10},{"not_picked":["Masterful Stab","Skewer"],"picked":"Venomology","floor":11},{"not_picked":["Predator","Deadly Poison"],"picked":"Slice","floor":12},{"not_picked":["Accuracy","Concentrate"],"picked":"Corpse Explosion","floor":14},{"not_picked":["Corpse Explosion","Doppelganger"],"picked":"Tools of the Trade","floor":16},{"not_picked":["Dagger Throw","Quick Slash"],"picked":"Outmaneuver+1","floor":18},{"not_picked":["Concentrate","Deadly Poison"],"picked":"Backflip","floor":19},{"not_picked":["Blade Dance+1","Slice"],"picked":"Cloak And Dagger+1","floor":20},{"not_picked":["Deflect","Dagger Spray"],"picked":"Bouncing Flask+1","floor":28},{"not_picked":["Storm of Steel","Backflip","Outmaneuver"],"picked":"SKIP","floor":29},{"not_picked":["Flying Knee","Concentrate"],"picked":"Dodge and Roll","floor":30},{"not_picked":["Glass Knife","Corpse Explosion"],"picked":"After Image","floor":33},{"not_picked":["Bane+1","Slice"],"picked":"Acrobatics","floor":35},{"not_picked":["Flying Knee+1","Dodge and Roll"],"picked":"Leg Sweep+1","floor":36},{"not_picked":["The Bomb","Swift Strike"],"picked":"Enlightenment","floor":45},{"not_picked":["Underhanded Strike","Dagger Throw+1"],"picked":"Catalyst+1","floor":46},{"not_picked":["Flying Knee","Heel Hook"],"picked":"Backflip","floor":48}],"player_experience":241504,"relics_obtained":[{"floor":7,"key":"Mummified Hand"},{"floor":9,"key":"The Courier"},{"floor":10,"key":"PreservedInsect"},{"floor":14,"key":"Orichalcum"},{"floor":19,"key":"WingedGreaves"},{"floor":19,"key":"Bottled Tornado"},{"floor":26,"key":"Pocketwatch"},{"floor":27,"key":"Paper Crane"},{"floor":28,"key":"Whetstone"},{"floor":30,"key":"Gremlin Horn"},{"floor":38,"key":"Unceasing Top"},{"floor":39,"key":"Bag of Marbles"},{"floor":43,"key":"FossilizedHelix"},{"floor":46,"key":"Blue Candle"}],"event_choices":[{"damage_healed":0,"gold_gain":0,"player_choice":"Grow","damage_taken":0,"max_hp_gain":0,"max_hp_loss":0,"event_name":"Living Wall","floor":4,"gold_loss":0,"cards_upgraded":["Footwork"]},{"damage_healed":0,"gold_gain":0,"cards_transformed":["Strike_G"],"player_choice":"Transformed","damage_taken":0,"max_hp_gain":0,"max_hp_loss":0,"event_name":"Transmorgrifier","floor":5,"gold_loss":0,"cards_obtained":["Deadly Poison"]},{"damage_healed":0,"gold_gain":0,"player_choice":"Fight","damage_taken":0,"max_hp_gain":0,"max_hp_loss":0,"event_name":"Colosseum","floor":19,"gold_loss":0},{"damage_healed":0,"gold_gain":0,"player_choice":"Fought Nobs","damage_taken":0,"max_hp_gain":0,"max_hp_loss":0,"event_name":"Colosseum","floor":19,"gold_loss":0},{"damage_healed":0,"gold_gain":0,"player_choice":"Opened","damage_taken":0,"relics_obtained":["Smiling Mask"],"max_hp_gain":0,"max_hp_loss":0,"event_name":"The Mausoleum","floor":22,"gold_loss":0,"cards_obtained":["Writhe"]},{"damage_healed":0,"gold_gain":0,"player_choice":"Ignored","damage_taken":0,"max_hp_gain":0,"max_hp_loss":0,"event_name":"Ghosts","floor":31,"gold_loss":0},{"damage_healed":0,"gold_gain":0,"player_choice":"Max HP","damage_taken":0,"max_hp_gain":0,"max_hp_loss":4,"event_name":"Winding Halls","floor":37,"gold_loss":0},{"damage_healed":0,"gold_gain":0,"player_choice":"Fight","damage_taken":0,"max_hp_gain":0,"max_hp_loss":0,"event_name":"Mysterious Sphere","floor":38,"gold_loss":0},{"damage_healed":0,"gold_gain":0,"player_choice":"Forge","damage_taken":0,"max_hp_gain":0,"max_hp_loss":0,"event_name":"Accursed Blacksmith","floor":42,"gold_loss":0,"cards_upgraded":["Backflip"]},{"damage_healed":0,"gold_gain":0,"player_choice":"Memory 1","damage_taken":0,"max_hp_gain":0,"max_hp_loss":0,"event_name":"SensoryStone","floor":45,"gold_loss":0}],"is_beta":false,"boss_relics":[{"not_picked":["Fusion Hammer","Velvet Choker"],"picked":"Empty Cage"},{"not_picked":["Runic Dome","Busted Crown"],"picked":"Lizard Tail"}],"items_purged_floors":[13,21,47],"is_endless":false,"potions_floor_spawned":[11,12,16,18,29,33,44],"ascension_level":4}