{"gold_per_floor":[116,116,66,66,66,101,113,113,161,161,161,175,188,207,207,311,311,322,334,351,32,32,32,60,9,9,44,44,55,1,100,100,100],"floor_reached":33,"playtime":1057,"items_purged":[],"score":453,"play_id":"0abc0ed5-68ed-4f43-bb85-5a2daa1a2153","local_time":"20190426163801","is_ascension_mode":true,"campfire_choices":[{"data":"Ball Lightning","floor":8,"key":"SMITH"},{"data":"Dualcast","floor":10,"key":"SMITH"},{"data":"Chaos","floor":15,"key":"SMITH"},{"data":"Fission","floor":23,"key":"SMITH"},{"floor":32,"key":"REST"}],"neow_cost":"NONE","seed_source_timestamp":1393581196675469,"circlet_count":0,"master_deck":["AscendersBane","Strike_B","Strike_B","Defend_B","Defend_B","Defend_B","Defend_B","Zap+1","Dualcast+1","Coolheaded+1","Self Repair","Ball Lightning+1","Ball Lightning","Leap","Chaos+1","Fission+1","Static Discharge","Hologram","Static Discharge","Darkness","Conserve Battery","Turbo","Decay","White Noise","Steam","Chill"],"special_seed":0,"relics":["Cracked Core","Dream Catcher","Bag of Preparation","Du-Vu Doll","Runic Pyramid","Cables","Dodecahedron","Happy Flower","Pear"],"potions_floor_usage":[16,27],"damage_taken":[{"damage":7,"enemies":"Jaw Worm","floor":1,"turns":3},{"damage":16,"enemies":"3 Sentries","floor":6,"turns":12},{"damage":0,"enemies":"Small Slimes","floor":7,"turns":3},{"damage":0,"enemies":"2 Louse","floor":12,"turns":2},{"damage":2,"enemies":"2 Fungi Beasts","floor":13,"turns":3},{"damage":4,"enemies":"Exordium Wildlife","floor":14,"turns":2},{"damage":26,"enemies":"Slime Boss","floor":16,"turns":12},{"damage":7,"enemies":"Chosen","floor":18,"turns":4},{"damage":12,"enemies":"2 Thieves","floor":19,"turns":4},{"damage":11,"enemies":"Centurion and Healer","floor":20,"turns":5},{"damage":23,"enemies":"Book of Stabbing","floor":24,"turns":3},{"damage":20,"enemies":"Slavers","floor":27,"turns":4},{"damage":9,"enemies":"3 Cultists","floor":29,"turns":5},{"damage":74,"enemies":"Collector","floor":33,"turns":7}],"seed_played":"-1180604961834136867","potions_obtained":[{"floor":6,"key":"Dexterity Potion"},{"floor":16,"key":"SpeedPotion"},{"floor":19,"key":"Strength Potion"}],"is_trial":false,"path_per_floor":["M","?","?","?","?","E","M","R","T","R","?","M","M","M","R","B",null,"M","M","M","$","?","R","E","$","T","E","?","M","$","?","R","B"],"character_chosen":"DEFECT","items_purchased":["Darkness","Cables","Conserve Battery","Steam"],"campfire_rested":1,"item_purchase_floors":[21,21,25,30],"current_hp_per_floor":[61,54,54,54,75,59,66,66,66,66,41,48,53,49,49,30,64,64,59,55,55,55,55,39,39,39,36,36,34,34,34,59,0],"gold":100,"neow_bonus":"UPGRADE_CARD","is_prod":false,"is_daily":false,"chose_seed":false,"campfire_upgraded":4,"win_rate":0,"timestamp":1556314681,"path_taken":["M","?","?","?","?","E","M","R","T","R","?","M","?","M","R","BOSS","M","M","M","$","?","R","E","$","T","E","?","M","?","?","R","BOSS"],"build_version":"2019-01-23","purchased_purges":0,"victory":false,"max_hp_per_floor":[75,75,75,75,75,75,75,75,75,75,75,75,75,75,75,75,75,75,75,75,75,75,75,75,75,75,85,85,85,85,85,85,85],"card_choices":[{"not_picked":["Hologram","Double Energy"],"picked":"Coolheaded","floor":1},{"not_picked":["Conserve Battery","Stack"],"picked":"Self Repair","floor":6},{"not_picked":["Turbo","Sunder"],"picked":"Ball Lightning","floor":7},{"not_picked":["Coolheaded","Self Repair"],"picked":"Ball Lightning","floor":12},{"not_picked":["Go for the Eyes","Reboot"],"picked":"Leap","floor":13},{"not_picked":["Rebound","Coolheaded"],"picked":"Chaos","floor":14},{"not_picked":["All For One","Meteor Strike"],"picked":"Fission","floor":16},{"not_picked":["Fusion","Rip and Tear"],"picked":"Static Discharge","floor":18},{"not_picked":["Force Field","Redo"],"picked":"Hologram","floor":19},{"not_picked":["Scrape+1","Leap"],"picked":"Static Discharge","floor":20},{"not_picked":["Beam Cell","Scrape","Rebound"],"picked":"SKIP","floor":24},{"not_picked":["Ball Lightning","Fusion"],"picked":"Turbo","floor":27},{"not_picked":["Conserve Battery","Hologram"],"picked":"White Noise","floor":29},{"not_picked":["Streamline+1","Turbo"],"picked":"Chill","floor":32}],"player_experience":329455,"relics_obtained":[{"floor":6,"key":"Dream Catcher"},{"floor":9,"key":"Bag of Preparation"},{"floor":24,"key":"Dodecahedron"},{"floor":26,"key":"Happy Flower"},{"floor":27,"key":"Pear"}],"event_choices":[{"cards_removed":["Strike_B"],"damage_healed":0,"gold_gain":0,"player_choice":"Card Removal","damage_taken":7,"max_hp_gain":0,"max_hp_loss":0,"event_name":"Golden Wing","floor":2,"gold_loss":0},{"cards_removed":["Strike_B"],"damage_healed":0,"gold_gain":0,"player_choice":"Card Removal","damage_taken":0,"max_hp_gain":0,"max_hp_loss":0,"event_name":"The Cleric","floor":3,"gold_loss":50},{"damage_healed":0,"gold_gain":0,"player_choice":"Grow","damage_taken":0,"max_hp_gain":0,"max_hp_loss":0,"event_name":"Living Wall","floor":4,"gold_loss":0,"cards_upgraded":["Coolheaded"]},{"damage_healed":25,"gold_gain":0,"player_choice":"Banana","damage_taken":0,"max_hp_gain":0,"max_hp_loss":0,"event_name":"Big Fish","floor":5,"gold_loss":0},{"damage_healed":0,"gold_gain":0,"player_choice":"Success","damage_taken":25,"relics_obtained":["Du-Vu Doll"],"max_hp_gain":0,"max_hp_loss":0,"event_name":"Scrap Ooze","floor":11,"gold_loss":0},{"damage_healed":0,"gold_gain":0,"player_choice":"Ignored","damage_taken":0,"max_hp_gain":0,"max_hp_loss":0,"event_name":"Beggar","floor":22,"gold_loss":0},{"damage_healed":0,"gold_gain":0,"player_choice":"Smashed Altar","damage_taken":0,"max_hp_gain":0,"max_hp_loss":0,"event_name":"Forgotten Altar","floor":28,"gold_loss":0,"cards_obtained":["Decay"]},{"damage_healed":0,"gold_gain":99,"player_choice":"Stole From Cult","damage_taken":0,"max_hp_gain":0,"max_hp_loss":0,"event_name":"Nest","floor":31,"gold_loss":0}],"is_beta":false,"boss_relics":[{"not_picked":["Ectoplasm","Philosopher\u0027s Stone"],"picked":"Runic Pyramid"}],"items_purged_floors":[],"is_endless":false,"potions_floor_spawned":[6,16,19,24],"killed_by":"Collector","ascension_level":12}