{"gold_per_floor":[109,109,122,1,14,14,43,43,43,57,68,93,48],"floor_reached":13,"playtime":373,"items_purged":["Strike_R"],"score":166,"play_id":"093136c0-1f6e-423d-9dcb-67bdf2f9dbf7","local_time":"20190510014216","is_ascension_mode":true,"campfire_choices":[{"data":"Combust","floor":6,"key":"SMITH"},{"data":"Armaments","floor":8,"key":"SMITH"}],"neow_cost":"NONE","seed_source_timestamp":1073257839889737,"circlet_count":0,"master_deck":["AscendersBane","Strike_R","Strike_R","Strike_R","Strike_R","Defend_R","Defend_R","Defend_R","Defend_R","Bash","Combust+1","Armaments+1","Feel No Pain","Thunderclap","Flex","Carnage","Uppercut"],"relics":["Burning Blood","Charon\u0027s Ashes","Ornamental Fan","Oddly Smooth Stone"],"potions_floor_usage":[7,12],"damage_taken":[{"damage":4,"enemies":"Cultist","floor":1,"turns":4},{"damage":5,"enemies":"Jaw Worm","floor":3,"turns":5},{"damage":8,"enemies":"2 Louse","floor":5,"turns":2},{"damage":26,"enemies":"Gremlin Nob","floor":7,"turns":4},{"damage":8,"enemies":"Blue Slaver","floor":10,"turns":6},{"damage":14,"enemies":"3 Louse","floor":11,"turns":4},{"damage":34,"enemies":"Lagavulin","floor":12,"turns":7},{"damage":17,"enemies":"Exordium Thugs","floor":13,"turns":3}],"seed_played":"5103074808407697610","potions_obtained":[{"floor":3,"key":"EssenceOfSteel"},{"floor":5,"key":"Poison Potion"},{"floor":12,"key":"LiquidBronze"}],"is_trial":false,"path_per_floor":["M","?","M","$","M","R","E","R","T","M","M","E","M"],"character_chosen":"IRONCLAD","items_purchased":["Thunderclap"],"campfire_rested":0,"item_purchase_floors":[4],"current_hp_per_floor":[70,70,71,71,69,69,49,49,49,47,39,11,0],"gold":48,"neow_bonus":"THREE_CARDS","is_prod":false,"is_daily":false,"chose_seed":false,"campfire_upgraded":2,"win_rate":0,"timestamp":1557470536,"path_taken":["M","?","M","$","M","R","E","R","T","M","M","E","M"],"build_version":"2019-01-23","purchased_purges":1,"victory":false,"max_hp_per_floor":[75,75,75,75,75,75,75,75,75,75,75,75,75],"card_choices":[{"not_picked":["Heavy Blade","Second Wind"],"picked":"Combust","floor":0},{"not_picked":["Anger","Flex"],"picked":"Armaments","floor":1},{"not_picked":["Twin Strike","Second Wind"],"picked":"Feel No Pain","floor":3},{"not_picked":["Perfected Strike","Blood for Blood","Body Slam"],"picked":"SKIP","floor":5},{"not_picked":["Perfected Strike","Second Wind","Thunderclap"],"picked":"SKIP","floor":7},{"not_picked":["Havoc","Heavy Blade"],"picked":"Flex","floor":10},{"not_picked":["Body Slam","Feel No Pain"],"picked":"Carnage","floor":11},{"not_picked":["Heavy Blade","Iron Wave"],"picked":"Uppercut","floor":12}],"player_experience":386756,"relics_obtained":[{"floor":7,"key":"Charon\u0027s Ashes"},{"floor":9,"key":"Ornamental Fan"},{"floor":12,"key":"Oddly Smooth Stone"}],"event_choices":[{"damage_healed":0,"gold_gain":0,"player_choice":"Fled","damage_taken":0,"max_hp_gain":0,"max_hp_loss":0,"event_name":"Scrap Ooze","floor":2,"gold_loss":0}],"is_beta":false,"boss_relics":[],"items_purged_floors":[4],"is_endless":false,"potions_floor_spawned":[3,5,12],"killed_by":"Exordium Thugs","ascension_level":15}