{"gold_per_floor":[112,126,26,40,40,65,81,114,140,140],"floor_reached":10,"playtime":372,"items_purged":[],"score":98,"play_id":"d870bee3-42d0-4b24-ab32-2d377e429451","local_time":"20190321210114","is_ascension_mode":true,"campfire_choices":[],"neow_cost":"NONE","seed_source_timestamp":420368532184843,"circlet_count":0,"master_deck":["Defend_G","Defend_G","Defend_G","Defend_G","Defend_G","Strike_G","Strike_G","Strike_G","Strike_G","Strike_G","Survivor","Neutralize","Blind+1","Slice","Blade Dance","Deadly Poison","Slice","Blade Dance","Well Laid Plans","Noxious Fumes"],"relics":["Ring of the Snake","Calipers","Bronze Scales","Vajra"],"potions_floor_usage":[6,8],"damage_taken":[{"damage":7,"enemies":"Cultist","floor":1,"turns":4},{"damage":0,"enemies":"Small Slimes","floor":2,"turns":3},{"damage":0,"enemies":"Jaw Worm","floor":4,"turns":3},{"damage":12,"enemies":"3 Sentries","floor":6,"turns":10},{"damage":16,"enemies":"Exordium Wildlife","floor":7,"turns":5},{"damage":30,"enemies":"Lagavulin","floor":8,"turns":8},{"damage":6,"enemies":"2 Fungi Beasts","floor":10,"turns":2}],"seed_played":"1161971514760349446","potions_obtained":[{"floor":1,"key":"Block Potion"},{"floor":2,"key":"GamblersBrew"},{"floor":8,"key":"LiquidBronze"}],"is_trial":false,"path_per_floor":["M","M","$","M","?","E","M","E","T","M"],"character_chosen":"THE_SILENT","items_purchased":["Deadly Poison","Slice"],"campfire_rested":0,"item_purchase_floors":[3,3],"current_hp_per_floor":[63,63,63,63,63,51,35,5,5,0],"gold":140,"neow_bonus":"RANDOM_COLORLESS","is_prod":false,"is_daily":false,"chose_seed":false,"campfire_upgraded":0,"win_rate":0,"timestamp":1553220074,"path_taken":["M","M","$","M","?","E","M","E","T","M"],"build_version":"2019-01-23","purchased_purges":0,"victory":false,"max_hp_per_floor":[70,70,70,70,70,70,70,70,70,70],"card_choices":[{"not_picked":["Heel Hook","Dodge and Roll"],"picked":"Slice","floor":1},{"not_picked":["PiercingWail","Acrobatics"],"picked":"Blade Dance","floor":2},{"not_picked":["Skewer","Backflip"],"picked":"Blade Dance","floor":4},{"not_picked":["Backstab","Flechettes"],"picked":"Well Laid Plans","floor":6},{"not_picked":["Choke","Underhanded Strike","Bane"],"picked":"SKIP","floor":7},{"not_picked":["Riddle With Holes","All Out Attack"],"picked":"Noxious Fumes","floor":8}],"player_experience":245658,"relics_obtained":[{"floor":6,"key":"Calipers"},{"floor":8,"key":"Bronze Scales"},{"floor":9,"key":"Vajra"}],"event_choices":[{"damage_healed":0,"gold_gain":0,"player_choice":"Upgraded","damage_taken":0,"max_hp_gain":0,"max_hp_loss":0,"event_name":"Upgrade Shrine","floor":5,"gold_loss":0,"cards_upgraded":["Blind"]}],"is_beta":false,"boss_relics":[],"items_purged_floors":[],"is_endless":false,"potions_floor_spawned":[1,2,8],"killed_by":"2 Fungi Beasts","ascension_level":5}