{"gold_per_floor":[110,110,124,49,49,49,124,124],"floor_reached":8,"playtime":271,"items_purged":["Defend_R"],"score":44,"play_id":"4dd4f9a4-9c2d-4ce9-962c-7b1331be8fab","local_time":"20190211143139","is_ascension_mode":false,"campfire_choices":[],"neow_cost":"NONE","seed_source_timestamp":2204254689563767,"circlet_count":0,"master_deck":["Strike_R","Strike_R","Strike_R","Strike_R","Strike_R","Defend_R","Defend_R","Defend_R","Spot Weakness","Shrug It Off","Disarm","Regret"],"relics":["Burning Blood","Gambling Chip"],"potions_floor_usage":[],"damage_taken":[{"damage":7,"enemies":"Small Slimes","floor":1,"turns":4},{"damage":0,"enemies":"2 Louse","floor":3,"turns":3},{"damage":59,"enemies":"Gremlin Nob","floor":8,"turns":5}],"seed_played":"2145665617827065939","potions_obtained":[{"floor":3,"key":"EssenceOfSteel"}],"is_trial":false,"path_per_floor":["M","?","M","$","?","?","?","E"],"character_chosen":"IRONCLAD","items_purchased":[],"campfire_rested":0,"item_purchase_floors":[],"current_hp_per_floor":[79,72,78,78,78,78,67,8],"gold":124,"neow_bonus":"THREE_CARDS","is_prod":false,"is_daily":false,"chose_seed":false,"campfire_upgraded":0,"win_rate":0.0,"timestamp":1549917099,"path_taken":["M","?","M","$","?","?","?","E"],"build_version":"2019-01-23","purchased_purges":1,"victory":false,"max_hp_per_floor":[80,80,80,80,80,80,80,80],"card_choices":[{"not_picked":["Wild Strike","Body Slam"],"picked":"Spot Weakness","floor":0},{"not_picked":["Heavy Blade","True Grit"],"picked":"Shrug It Off","floor":1},{"not_picked":["Inflame","Uppercut"],"picked":"Disarm","floor":3}],"player_experience":46204,"relics_obtained":[],"event_choices":[{"cards_removed":["Bash"],"damage_healed":0,"gold_gain":0,"player_choice":"Card Removal","damage_taken":7,"max_hp_gain":0,"max_hp_loss":0,"event_name":"Golden Wing","floor":2,"gold_loss":0},{"damage_healed":0,"gold_gain":0,"player_choice":"Leave","damage_taken":0,"max_hp_gain":0,"max_hp_loss":0,"event_name":"The Cleric","floor":5,"gold_loss":0},{"damage_healed":0,"gold_gain":0,"player_choice":"Box","damage_taken":0,"relics_obtained":["Gambling Chip"],"max_hp_gain":0,"max_hp_loss":0,"event_name":"Big Fish","floor":6,"gold_loss":0,"cards_obtained":["Regret"]},{"damage_healed":0,"gold_gain":75,"player_choice":"Gather Gold","damage_taken":11,"max_hp_gain":0,"max_hp_loss":0,"event_name":"World of Goop","floor":7,"gold_loss":0}],"is_beta":false,"boss_relics":[],"items_purged_floors":[4],"is_endless":false,"potions_floor_spawned":[3],"killed_by":"Gremlin Nob","ascension_level":0}