{"gold_per_floor":[116,14,27,46,0,0,17,48,48,48,48,61,61,78,78,154,154,172,97,16,16,16,16],"floor_reached":23,"playtime":747,"items_purged":[],"score":321,"play_id":"8b5405d2-cf4a-4465-a653-6622faa74119","local_time":"20190503164912","is_ascension_mode":true,"campfire_choices":[{"data":"Finisher","floor":6,"key":"SMITH"},{"floor":11,"key":"REST"},{"floor":15,"key":"REST"}],"neow_cost":"NONE","seed_source_timestamp":522492904125046,"circlet_count":0,"master_deck":["AscendersBane","Defend_G","Defend_G+1","Defend_G","Defend_G+1","Defend_G","Strike_G","Strike_G","Strike_G","Strike_G","Survivor+1","Neutralize","Slice","Deflect","Infinite Blades","Deflect+1","Dodge and Roll","Finisher+1","Slice","Dash","Deadly Poison","Escape Plan","Wraith Form v2","Concentrate","Noxious Fumes","Decay"],"relics":["Ring of the Snake","War Paint","Pear","Philosopher\u0027s Stone"],"potions_floor_usage":[14,16],"damage_taken":[{"damage":1,"enemies":"Cultist","floor":1,"turns":4},{"damage":8,"enemies":"Jaw Worm","floor":3,"turns":6},{"damage":7,"enemies":"Small Slimes","floor":4,"turns":4},{"damage":0,"enemies":"3 Louse","floor":7,"turns":3},{"damage":38,"enemies":"Gremlin Nob","floor":8,"turns":5},{"damage":0,"enemies":"2 Fungi Beasts","floor":12,"turns":4},{"damage":2,"enemies":"Exordium Thugs","floor":14,"turns":6},{"damage":8,"enemies":"The Guardian","floor":16,"turns":13},{"damage":17,"enemies":"Shell Parasite","floor":18,"turns":9},{"damage":51,"enemies":"Gremlin Leader","floor":23,"turns":6}],"seed_played":"5399573226836859684","potions_obtained":[{"floor":1,"key":"Block Potion"},{"floor":3,"key":"Dexterity Potion"},{"floor":14,"key":"Block Potion"}],"is_trial":false,"path_per_floor":["M","$","M","M","$","R","M","E","T","?","R","M","?","M","R","B",null,"M","?","$","?","$","E"],"character_chosen":"THE_SILENT","items_purchased":["Infinite Blades","Deflect","Slice","Noxious Fumes"],"campfire_rested":2,"item_purchase_floors":[2,2,5,20],"current_hp_per_floor":[58,58,50,43,43,43,43,5,15,15,37,37,22,20,42,34,66,49,49,49,49,49,0],"gold":16,"neow_bonus":"THREE_CARDS","is_prod":false,"is_daily":false,"chose_seed":false,"campfire_upgraded":1,"win_rate":0,"timestamp":1556920152,"path_taken":["M","?","M","?","$","R","M","E","T","?","R","M","?","M","R","BOSS","M","?","$","?","$","E"],"build_version":"2019-01-23","purchased_purges":0,"victory":false,"max_hp_per_floor":[66,66,66,66,66,66,66,66,76,76,76,76,76,76,76,76,76,76,76,76,76,76,76],"card_choices":[{"not_picked":["Footwork","Cloak And Dagger"],"picked":"Slice","floor":0},{"not_picked":["Finisher","Blur"],"picked":"Deflect","floor":1},{"not_picked":["Quick Slash","Eviscerate"],"picked":"Dodge and Roll","floor":3},{"not_picked":["Masterful Stab","Poisoned Stab"],"picked":"Finisher","floor":4},{"not_picked":["Reflex","Prepared","Skewer"],"picked":"SKIP","floor":7},{"not_picked":["Dagger Spray","Concentrate"],"picked":"Dash","floor":8},{"not_picked":["Deflect","Bouncing Flask"],"picked":"Deadly Poison","floor":12},{"not_picked":["Flying Knee","Masterful Stab"],"picked":"Escape Plan","floor":14},{"not_picked":["Die Die Die","Doppelganger"],"picked":"Wraith Form v2","floor":16},{"not_picked":["Calculated Gamble","Prepared"],"picked":"Concentrate","floor":18}],"player_experience":368294,"relics_obtained":[{"floor":8,"key":"War Paint"},{"floor":9,"key":"Pear"}],"event_choices":[{"damage_healed":0,"gold_gain":0,"player_choice":"Ignored","damage_taken":0,"max_hp_gain":0,"max_hp_loss":0,"event_name":"Liars Game","floor":10,"gold_loss":0},{"damage_healed":0,"gold_gain":0,"player_choice":"Entered Light","damage_taken":15,"max_hp_gain":0,"max_hp_loss":0,"event_name":"Shining Light","floor":13,"gold_loss":0,"cards_upgraded":["Survivor","Defend_G"]},{"cards_removed":["Strike_G"],"damage_healed":0,"gold_gain":0,"player_choice":"Gave Gold","damage_taken":0,"max_hp_gain":0,"max_hp_loss":0,"event_name":"Beggar","floor":19,"gold_loss":75},{"damage_healed":0,"gold_gain":0,"player_choice":"Smashed Altar","damage_taken":0,"max_hp_gain":0,"max_hp_loss":0,"event_name":"Forgotten Altar","floor":21,"gold_loss":0,"cards_obtained":["Decay"]}],"is_beta":false,"boss_relics":[{"not_picked":["Velvet Choker","Calling Bell"],"picked":"Philosopher\u0027s Stone"}],"items_purged_floors":[],"is_endless":false,"potions_floor_spawned":[1,3,8,14],"killed_by":"Gremlin Leader","ascension_level":14}