{"gold_per_floor":[111,129,145,22,39,39,72,72,72,99,25,25,25,2,2,101,151,161,4,14,14,34,67,67,79,79,79,98,98,114,128,128,231,231,251,261,166,216,216,216,241,80,105,105,105,117,151,171,171,171],"floor_reached":51,"playtime":2324,"items_purged":["Strike_B"],"score":1034,"play_id":"b31ceae2-53a3-4c79-8f4a-752fbbf46048","local_time":"20190306020745","is_ascension_mode":true,"campfire_choices":[{"data":"Loop","floor":6,"key":"SMITH"},{"data":"Sunder","floor":8,"key":"SMITH"},{"floor":13,"key":"REST"},{"floor":15,"key":"RECALL"},{"floor":24,"key":"REST"},{"floor":29,"key":"REST"},{"data":"Creative AI","floor":32,"key":"SMITH"},{"data":"Coolheaded","floor":40,"key":"SMITH"},{"data":"Hologram","floor":45,"key":"SMITH"},{"floor":49,"key":"REST"}],"neow_cost":"NONE","seed_source_timestamp":1212740240647385,"circlet_count":0,"master_deck":["Strike_B","Strike_B","Strike_B","Defend_B","Defend_B","Defend_B","Defend_B","Zap+1","Dualcast","Steam","Rebound","Hologram+1","Loop+1","Leap","Sunder+1","Sweeping Beam","Glacier","Defragment+1","Cold Snap+1","Biased Cognition","Barrage+1","Ball Lightning+1","Capacitor","Self Repair","Turbo","Reinforced Body+1","Creative AI+1","Coolheaded+1","Electrodynamics","Coolheaded+1","Force Field","Enlightenment","Dramatic Entrance+1","Consume+1","Bandage Up","Leap+1","Glacier+1"],"relics":["Cracked Core","WingedGreaves","Sundial","Pantograph","Tiny House","DataDisk","Bottled Flame","Molten Egg 2","Ornamental Fan","Philosopher\u0027s Stone","Bag of Preparation","Anchor","Pen Nib","Toxic Egg 2"],"potions_floor_usage":[22,23,41,41,46,50],"damage_taken":[{"damage":7,"enemies":"Small Slimes","floor":1,"turns":3},{"damage":0,"enemies":"Cultist","floor":2,"turns":3},{"damage":0,"enemies":"2 Louse","floor":3,"turns":2},{"damage":20,"enemies":"Lots of Slimes","floor":5,"turns":4},{"damage":8,"enemies":"Lagavulin","floor":7,"turns":8},{"damage":32,"enemies":"Gremlin Nob","floor":10,"turns":4},{"damage":13,"enemies":"Hexaghost","floor":16,"turns":13},{"damage":2,"enemies":"Spheric Guardian","floor":18,"turns":5},{"damage":1,"enemies":"Shell Parasite","floor":20,"turns":6},{"damage":8,"enemies":"Snecko","floor":22,"turns":6},{"damage":39,"enemies":"Gremlin Leader","floor":23,"turns":6},{"damage":20,"enemies":"Chosen and Byrds","floor":25,"turns":7},{"damage":8,"enemies":"3 Cultists","floor":28,"turns":7},{"damage":1,"enemies":"Cultist and Chosen","floor":30,"turns":8},{"damage":18,"enemies":"Centurion and Healer","floor":31,"turns":8},{"damage":21,"enemies":"Automaton","floor":33,"turns":9},{"damage":20,"enemies":"3 Darklings","floor":35,"turns":4},{"damage":9,"enemies":"Orb Walker","floor":36,"turns":5},{"damage":28,"enemies":"Nemesis","floor":41,"turns":9},{"damage":13,"enemies":"Sphere and 2 Shapes","floor":46,"turns":5},{"damage":24,"enemies":"Giant Head","floor":47,"turns":16},{"damage":1,"enemies":"Maw","floor":48,"turns":10},{"damage":40,"enemies":"Awakened One","floor":50,"turns":28}],"seed_played":"-5486871103145106345","potions_obtained":[{"floor":3,"key":"Dexterity Potion"},{"floor":7,"key":"Ancient Potion"},{"floor":10,"key":"FocusPotion"},{"floor":17,"key":"PowerPotion"},{"floor":22,"key":"FearPotion"},{"floor":33,"key":"Weak Potion"},{"floor":35,"key":"Poison Potion"},{"floor":41,"key":"SkillPotion"},{"floor":48,"key":"EssenceOfSteel"}],"is_trial":false,"path_per_floor":["M","M","M","$","M","R","E","R","T","E","$","?","R","$","R","B",null,"M","$","M","?","M","E","R","M","T","?","M","R","M","M","R","B",null,"M","M","$","T","?","R","E","$","T","?","R","M","E","M","R","B",null],"character_chosen":"DEFECT","items_purchased":["Loop","Leap","Defragment","Cold Snap","DataDisk","Enlightenment","Bandage Up"],"campfire_rested":4,"item_purchase_floors":[4,4,11,14,19,37,42],"current_hp_per_floor":[61,61,61,61,41,41,33,33,33,1,1,1,23,23,23,35,70,68,68,67,67,59,20,44,31,31,31,30,54,60,49,49,60,75,55,53,53,53,53,53,32,32,32,70,70,57,44,54,70,34],"gold":171,"neow_bonus":"UPGRADE_CARD","is_prod":false,"is_daily":false,"chose_seed":false,"campfire_upgraded":5,"win_rate":0,"timestamp":1551859665,"path_taken":["M","M","M","$","M","R","E","R","T","E","$","?","R","?","R","BOSS","M","$","?","?","M","E","R","M","T","?","?","R","M","M","R","BOSS","M","M","$","?","?","R","E","$","T","?","R","M","E","M","R","BOSS"],"build_version":"2019-01-23","purchased_purges":1,"victory":true,"max_hp_per_floor":[75,75,75,75,75,75,75,75,75,75,75,75,75,75,75,75,80,80,80,80,80,80,80,80,80,80,80,80,80,80,80,80,80,80,80,80,80,80,80,80,80,80,80,70,70,70,70,70,70,70],"card_choices":[{"not_picked":["Hello World","Skim"],"picked":"Steam","floor":1},{"not_picked":["Gash","Hologram"],"picked":"Rebound","floor":2},{"not_picked":["Steam","Gash"],"picked":"Hologram","floor":3},{"not_picked":["Coolheaded","Consume"],"picked":"Sunder","floor":5},{"not_picked":["Conserve Battery","Heatsinks"],"picked":"Sweeping Beam","floor":7},{"not_picked":["Coolheaded","Hologram"],"picked":"Glacier","floor":10},{"not_picked":["Core Surge","Thunder Strike"],"picked":"Biased Cognition","floor":16},{"not_picked":["Leap","Turbo"],"picked":"Barrage+1","floor":18},{"not_picked":["Steam","FTL"],"picked":"Ball Lightning+1","floor":20},{"not_picked":["Hologram","Double Energy"],"picked":"Self Repair","floor":22},{"not_picked":["Static Discharge+1","Ball Lightning"],"picked":"Turbo","floor":23},{"not_picked":["Rebound","Streamline"],"picked":"Reinforced Body+1","floor":25},{"not_picked":["Sunder+1","FTL+1","Sweeping Beam+1"],"picked":"SKIP","floor":28},{"not_picked":["Steam","Conserve Battery"],"picked":"Creative AI","floor":30},{"not_picked":["Turbo","Barrage+1"],"picked":"Coolheaded","floor":31},{"not_picked":["Seek","Creative AI"],"picked":"Electrodynamics","floor":33},{"not_picked":["Storm+1","Scrape+1"],"picked":"Coolheaded+1","floor":35},{"not_picked":["Barrage+1","Coolheaded"],"picked":"Force Field","floor":36},{"not_picked":["Metamorphosis","Swift Strike+1"],"picked":"Dramatic Entrance+1","floor":39},{"not_picked":["Ball Lightning+1","Skim+1"],"picked":"Consume+1","floor":41},{"not_picked":["Go for the Eyes+1","Ball Lightning+1"],"picked":"Leap+1","floor":46},{"not_picked":["Sweeping Beam+1","Redo+1","Stack"],"picked":"SKIP","floor":47},{"not_picked":["BootSequence+1","Turbo+1"],"picked":"Glacier+1","floor":48}],"player_experience":174696,"relics_obtained":[{"floor":7,"key":"WingedGreaves"},{"floor":9,"key":"Sundial"},{"floor":10,"key":"Pantograph"},{"floor":23,"key":"Bottled Flame"},{"floor":26,"key":"Molten Egg 2"},{"floor":38,"key":"Bag of Preparation"},{"floor":41,"key":"Anchor"},{"floor":43,"key":"Pen Nib"},{"floor":47,"key":"Toxic Egg 2"}],"event_choices":[{"damage_healed":0,"gold_gain":0,"player_choice":"Forge","damage_taken":0,"max_hp_gain":0,"max_hp_loss":0,"event_name":"Accursed Blacksmith","floor":12,"gold_loss":0,"cards_upgraded":["Defragment"]},{"damage_healed":0,"gold_gain":0,"player_choice":"Read","damage_taken":0,"max_hp_gain":0,"max_hp_loss":0,"event_name":"The Library","floor":21,"gold_loss":0,"cards_obtained":["Capacitor"]},{"damage_healed":0,"gold_gain":0,"player_choice":"Gave Potion","damage_taken":0,"relics_obtained":["Ornamental Fan"],"max_hp_gain":0,"max_hp_loss":0,"event_name":"WeMeetAgain","floor":27,"gold_loss":0},{"damage_healed":0,"gold_gain":0,"player_choice":"Memory 1","damage_taken":0,"max_hp_gain":0,"max_hp_loss":0,"event_name":"SensoryStone","floor":39,"gold_loss":0},{"damage_healed":70,"gold_gain":0,"player_choice":"Heal","damage_taken":0,"max_hp_gain":0,"max_hp_loss":10,"event_name":"The Moai Head","floor":44,"gold_loss":0}],"is_beta":false,"boss_relics":[{"not_picked":["Lizard Tail","Fusion Hammer"],"picked":"Tiny House"},{"not_picked":["Coffee Dripper","Runic Dome"],"picked":"Philosopher\u0027s Stone"}],"items_purged_floors":[42],"is_endless":false,"potions_floor_spawned":[3,7,10,20,22,33,35,41,48],"ascension_level":8}