{"gold_per_floor":[112,62,76,176,186,217,292,292,292,292,327,252,252,98,98,193,193,209,219,232,107,126,126,226,226,256,271,271,121,135,146,146,245,245,255,265,90,190,140,140,140,172,172,182,182,182,211,221,221,221],"floor_reached":51,"playtime":1292,"items_purged":["Strike_R","Strike_R","Defend_R","Defend_R","Defend_R+1"],"score":863,"play_id":"5aa4703d-d6ca-44cb-af61-d57408f67e05","local_time":"20190528135848","is_ascension_mode":false,"campfire_choices":[{"floor":10.0,"key":"REST"},{"data":"Bash","floor":13.0,"key":"SMITH"},{"data":"Spot Weakness","floor":15.0,"key":"SMITH"},{"data":"Cleave","floor":23.0,"key":"SMITH"},{"data":"Defend_R","floor":25.0,"key":"SMITH"},{"floor":32.0,"key":"REST"},{"data":"Pommel Strike","floor":41.0,"key":"SMITH"},{"data":"Pommel Strike+1","floor":45.0,"key":"PURGE"},{"floor":49.0,"key":"REST"}],"neow_cost":"NONE","seed_source_timestamp":632185222500819,"circlet_count":0,"master_deck":["Bash+1","Cleave+1","Spot Weakness+1","Shrug It Off+1","Limit Break+1"],"special_seed":0,"relics":["Burning Blood","Meat on the Bone","Question Card","Orichalcum","Toxic Egg 2","Mark of Pain","FossilizedHelix","Bottled Lightning","Tiny Chest","StoneCalendar","Empty Cage","Peace Pipe","The Courier","Strawberry","Turnip"],"potions_floor_usage":[50,50],"damage_taken":[{"damage":0.0,"enemies":"Small Slimes","floor":1.0,"turns":3.0},{"damage":11.0,"enemies":"Jaw Worm","floor":3.0,"turns":3.0},{"damage":6.0,"enemies":"Cultist","floor":5.0,"turns":4.0},{"damage":63.0,"enemies":"Lagavulin","floor":6.0,"turns":9.0},{"damage":19.0,"enemies":"3 Sentries","floor":11.0,"turns":7.0},{"damage":14.0,"enemies":"Hexaghost","floor":16.0,"turns":8.0},{"damage":7.0,"enemies":"Shell Parasite","floor":18.0,"turns":4.0},{"damage":28.0,"enemies":"Spheric Guardian","floor":19.0,"turns":7.0},{"damage":34.0,"enemies":"Cultist and Chosen","floor":20.0,"turns":6.0},{"damage":16.0,"enemies":"Snake Plant","floor":22.0,"turns":4.0},{"damage":29.0,"enemies":"Colosseum Slavers","floor":24.0,"turns":5.0},{"damage":6.0,"enemies":"Colosseum Nobs","floor":24.0,"turns":3.0},{"damage":19.0,"enemies":"3 Cultists","floor":27.0,"turns":4.0},{"damage":8.0,"enemies":"Centurion and Healer","floor":30.0,"turns":3.0},{"damage":0.0,"enemies":"Snecko","floor":31.0,"turns":5.0},{"damage":33.0,"enemies":"Champ","floor":33.0,"turns":7.0},{"damage":0.0,"enemies":"Orb Walker","floor":35.0,"turns":3.0},{"damage":27.0,"enemies":"3 Darklings","floor":36.0,"turns":3.0},{"damage":0.0,"enemies":"Mind Bloom Boss Battle","floor":38.0,"turns":7.0},{"damage":0.0,"enemies":"Giant Head","floor":42.0,"turns":5.0},{"damage":7.0,"enemies":"4 Shapes","floor":44.0,"turns":5.0},{"damage":15.0,"enemies":"Reptomancer","floor":47.0,"turns":5.0},{"damage":38.0,"enemies":"Sphere and 2 Shapes","floor":48.0,"turns":6.0},{"damage":56,"enemies":"Donu and Deca","floor":50,"turns":6}],"seed_played":"7220000995257880024","potions_obtained":[{"floor":6.0,"key":"SteroidPotion"},{"floor":11.0,"key":"Weak Potion"},{"floor":16.0,"key":"Poison Potion"},{"floor":18.0,"key":"FearPotion"},{"floor":20.0,"key":"Fire Potion"},{"floor":24.0,"key":"SteroidPotion"},{"floor":30.0,"key":"Fire Potion"},{"floor":33.0,"key":"Strength Potion"},{"floor":38.0,"key":"SkillPotion"},{"floor":47.0,"key":"Strength Potion"}],"is_trial":false,"path_per_floor":["M","?","M","?","M","E","?","?","T","R","E","$","R","$","R","B",null,"M","M","M","$","M","R","?","R","T","M","T","$","M","M","R","B",null,"M","M","$","?","$","?","R","E","T","M","R","?","E","M","R","B",null],"character_chosen":"IRONCLAD","items_purchased":["Shrug It Off+1","Pommel Strike"],"campfire_rested":3,"item_purchase_floors":[14,39],"current_hp_per_floor":[80,80,75,75,75,18,7,7,7,31,30,30,30,30,30,34,80,79,57,41,41,43,43,44,44,44,43,43,43,53,59,80,53,80,80,59,59,65,65,65,65,71,78,77,77,74,65,45,71,33],"gold":221,"neow_bonus":"REMOVE_CARD","is_prod":false,"is_daily":false,"chose_seed":false,"campfire_upgraded":5,"win_rate":0,"timestamp":1559069928,"path_taken":["M","?","M","?","?","E","?","?","T","R","E","$","R","$","R","BOSS","M","M","M","$","?","R","?","R","T","M","?","$","M","M","R","BOSS","M","M","$","?","$","?","R","E","T","M","R","?","E","M","R","BOSS"],"build_version":"2019-01-23","purchased_purges":5,"victory":true,"max_hp_per_floor":[80,80,80,80,80,80,80,80,80,80,80,80,80,80,80,80,80,80,80,80,80,80,80,80,80,80,80,80,80,80,80,80,80,80,80,80,80,80,80,80,80,80,87,87,87,87,87,87,87,87],"card_choices":[{"not_picked":["Sword Boomerang","Carnage"],"picked":"Cleave","floor":1.0},{"not_picked":["Flex","Entrench"],"picked":"Spot Weakness","floor":3.0},{"not_picked":["Power Through","Flex","Wild Strike"],"picked":"SKIP","floor":5.0},{"not_picked":["Anger","Fire Breathing","Perfected Strike"],"picked":"SKIP","floor":6.0},{"not_picked":["Feel No Pain","Sword Boomerang","Bloodletting","Clash"],"picked":"SKIP","floor":11.0},{"not_picked":["Fiend Fire","Bludgeon","Exhume+1"],"picked":"Limit Break+1","floor":16.0},{"not_picked":["Wild Strike+1","Warcry+1","Thunderclap","Armaments+1"],"picked":"SKIP","floor":18.0},{"not_picked":["Burning Pact+1","Anger","Fire Breathing+1","Body Slam+1"],"picked":"SKIP","floor":19.0},{"not_picked":["Clothesline","Shrug It Off+1","Second Wind+1","Ghostly Armor+1"],"picked":"SKIP","floor":20.0},{"not_picked":["Thunderclap","Flex+1","Headbutt","Twin Strike"],"picked":"SKIP","floor":22.0},{"not_picked":["Reckless Charge","Cleave+1","Burning Pact+1","Corruption"],"picked":"SKIP","floor":27.0},{"not_picked":["Spot Weakness+1","Twin Strike","Demon Form","Havoc+1"],"picked":"SKIP","floor":30.0},{"not_picked":["Wild Strike","Perfected Strike","Heavy Blade","Rampage"],"picked":"SKIP","floor":31.0},{"not_picked":["Flex+1","Warcry+1","Perfected Strike","Pommel Strike+1"],"picked":"SKIP","floor":35.0},{"not_picked":["Ghostly Armor+1","Shockwave+1","Fire Breathing","Sword Boomerang+1"],"picked":"SKIP","floor":36.0},{"not_picked":["Flame Barrier+1","Shockwave+1","Wild Strike+1","Clothesline+1"],"picked":"SKIP","floor":42.0},{"not_picked":["Clothesline","Flame Barrier+1","Iron Wave","Clash"],"picked":"SKIP","floor":44.0},{"not_picked":["Battle Trance+1","Metallicize","Entrench+1","Pummel+1"],"picked":"SKIP","floor":47.0},{"not_picked":["True Grit+1","Twin Strike+1","Cleave","Rampage"],"picked":"SKIP","floor":48.0}],"player_experience":471635,"relics_obtained":[{"floor":6.0,"key":"Meat on the Bone"},{"floor":9.0,"key":"Orichalcum"},{"floor":11.0,"key":"Toxic Egg 2"},{"floor":24.0,"key":"FossilizedHelix"},{"floor":24.0,"key":"Bottled Lightning"},{"floor":26.0,"key":"Tiny Chest"},{"floor":28.0,"key":"StoneCalendar"},{"floor":38.0,"key":"Peace Pipe"},{"floor":42.0,"key":"The Courier"},{"floor":43.0,"key":"Strawberry"},{"floor":47.0,"key":"Turnip"}],"event_choices":[{"cards_removed":["Strike_R"],"damage_healed":0.0,"max_hp_gain":0.0,"max_hp_loss":0.0,"gold_gain":0.0,"event_name":"The Cleric","player_choice":"Card Removal","floor":2.0,"gold_loss":50.0,"damage_taken":0.0},{"damage_healed":0.0,"max_hp_gain":0.0,"max_hp_loss":0.0,"gold_gain":100.0,"event_name":"Golden Shrine","player_choice":"Pray","floor":4.0,"gold_loss":0.0,"damage_taken":0.0},{"damage_healed":0.0,"max_hp_gain":0.0,"max_hp_loss":0.0,"gold_gain":75.0,"event_name":"World of Goop","player_choice":"Gather Gold","floor":7.0,"gold_loss":0.0,"damage_taken":11.0},{"damage_healed":0.0,"max_hp_gain":0.0,"max_hp_loss":0.0,"gold_gain":0.0,"event_name":"WeMeetAgain","player_choice":"Gave Potion","floor":8.0,"gold_loss":0.0,"damage_taken":0.0,"relics_obtained":["Question Card"]},{"damage_healed":0.0,"max_hp_gain":0.0,"max_hp_loss":0.0,"gold_gain":0.0,"event_name":"Colosseum","player_choice":"Fight","floor":24.0,"gold_loss":0.0,"damage_taken":0.0},{"damage_healed":0.0,"max_hp_gain":0.0,"max_hp_loss":0.0,"gold_gain":0.0,"event_name":"Colosseum","player_choice":"Fought Nobs","floor":24.0,"gold_loss":0.0,"damage_taken":0.0},{"damage_healed":0.0,"max_hp_gain":0.0,"max_hp_loss":0.0,"gold_gain":0.0,"event_name":"MindBloom","player_choice":"Fight","floor":38.0,"gold_loss":0.0,"damage_taken":0.0},{"damage_healed":0.0,"max_hp_gain":0.0,"max_hp_loss":0.0,"gold_gain":0.0,"event_name":"Mysterious Sphere","player_choice":"Ignored","floor":40.0,"gold_loss":0.0,"damage_taken":0.0},{"damage_healed":0.0,"max_hp_gain":0.0,"max_hp_loss":0.0,"gold_gain":0.0,"event_name":"Designer","player_choice":"Punched","floor":46.0,"gold_loss":0.0,"damage_taken":3.0}],"is_beta":false,"boss_relics":[{"not_picked":["Ectoplasm","Snecko Eye"],"picked":"Mark of Pain"},{"not_picked":["Runic Pyramid","Runic Cube"],"picked":"Empty Cage"}],"items_purged_floors":[12,14,21,29,37],"is_endless":false,"potions_floor_spawned":[6,11,16,18,20,24,30,33,38,47],"ascension_level":0}