{"gold_per_floor":[117,45,61,77,94,94,106,141,141,141,29,59,59,93,93,194,194,209,80,80,80,80,115,115,127,153,165,165],"floor_reached":28,"playtime":1941,"items_purged":["Strike_B"],"score":306,"play_id":"9a42d439-3b2c-40ff-ae64-4a9556a761d7","local_time":"20190519014134","is_ascension_mode":false,"campfire_choices":[{"data":"Loop","floor":6,"key":"SMITH"},{"floor":10,"key":"REST"},{"data":"Defragment","floor":15,"key":"SMITH"},{"data":"Glacier","floor":24,"key":"SMITH"}],"neow_cost":"PERCENT_DAMAGE","seed_source_timestamp":228142907324083,"circlet_count":0,"master_deck":["Strike_B","Strike_B","Strike_B","Defend_B","Defend_B","Defend_B","Defend_B","Zap","Dualcast","Turbo","Loop+1","Sweeping Beam","Chill","Echo Form","Glacier+1","Defragment+1","Fission","Blizzard","Redo","Coolheaded","Cold Snap","Writhe","Undo","Loop"],"relics":["Cracked Core","Emotion Chip","Bag of Marbles","Peace Pipe","Inserter","Juzu Bracelet","Kunai","Vajra"],"potions_floor_usage":[],"damage_taken":[{"damage":2,"enemies":"Small Slimes","floor":1,"turns":4},{"damage":9,"enemies":"2 Louse","floor":3,"turns":4},{"damage":3,"enemies":"Jaw Worm","floor":4,"turns":4},{"damage":5,"enemies":"Looter","floor":5,"turns":3},{"damage":5,"enemies":"Blue Slaver","floor":7,"turns":4},{"damage":6,"enemies":"Lagavulin","floor":8,"turns":7},{"damage":12,"enemies":"3 Sentries","floor":12,"turns":6},{"damage":0,"enemies":"Lagavulin","floor":14,"turns":7},{"damage":24,"enemies":"Slime Boss","floor":16,"turns":11},{"damage":4,"enemies":"3 Byrds","floor":18,"turns":6},{"damage":24,"enemies":"Book of Stabbing","floor":23,"turns":10},{"damage":9,"enemies":"Shell Parasite","floor":25,"turns":10},{"damage":4,"enemies":"Sentry and Sphere","floor":27,"turns":12},{"damage":33,"enemies":"Gremlin Leader","floor":28,"turns":3}],"seed_played":"2053547178250776041","potions_obtained":[{"floor":3,"key":"Regen Potion"},{"floor":7,"key":"SpeedPotion"},{"floor":14,"key":"Regen Potion"}],"is_trial":false,"path_per_floor":["M","$","M","M","M","R","M","E","T","R","$","E","?","E","R","B",null,"M","$","?","?","?","E","R","M","T","M","E"],"character_chosen":"DEFECT","items_purchased":["Loop","Defragment","Redo","Coolheaded","Cold Snap"],"campfire_rested":1,"item_purchase_floors":[2,11,19,19,19],"current_hp_per_floor":[66,66,57,54,49,49,44,38,38,64,64,52,52,52,52,28,89,85,85,85,68,68,44,44,35,35,31,0],"gold":165,"neow_bonus":"TWENTY_PERCENT_HP_BONUS","is_prod":false,"is_daily":false,"chose_seed":false,"campfire_upgraded":3,"win_rate":0,"timestamp":1558255294,"path_taken":["M","$","M","M","M","R","M","E","T","R","$","E","?","E","R","BOSS","M","$","?","?","?","E","R","M","T","M","E"],"build_version":"2019-01-23","purchased_purges":1,"victory":false,"max_hp_per_floor":[89,89,89,89,89,89,89,89,89,89,89,89,89,89,89,89,89,89,89,89,94,94,94,94,94,94,94,94],"card_choices":[{"not_picked":["Hologram","Rebound"],"picked":"Turbo","floor":1},{"not_picked":["Streamline","Reprogram","Go for the Eyes"],"picked":"SKIP","floor":3},{"not_picked":["Rebound","Steam"],"picked":"Sweeping Beam","floor":4},{"not_picked":["Chaos","Capacitor"],"picked":"Chill","floor":5},{"not_picked":["Defragment","Conserve Battery"],"picked":"Echo Form","floor":7},{"not_picked":["Conserve Battery","Scrape"],"picked":"Glacier","floor":8},{"not_picked":["Rip and Tear","BootSequence","Steam Power"],"picked":"SKIP","floor":12},{"not_picked":["Aggregate","Barrage","Gash"],"picked":"SKIP","floor":14},{"not_picked":["Seek","All For One"],"picked":"Fission","floor":16},{"not_picked":["Capacitor","Force Field"],"picked":"Blizzard","floor":18},{"not_picked":["White Noise+1","Streamline"],"picked":"Undo","floor":23},{"not_picked":["Go for the Eyes","Leap","Ball Lightning+1"],"picked":"SKIP","floor":25},{"not_picked":["Rip and Tear+1","Beam Cell+1"],"picked":"Loop","floor":27}],"player_experience":177623,"relics_obtained":[{"floor":8,"key":"Emotion Chip"},{"floor":12,"key":"Bag of Marbles"},{"floor":14,"key":"Peace Pipe"},{"floor":23,"key":"Kunai"},{"floor":26,"key":"Vajra"}],"event_choices":[{"damage_healed":0,"gold_gain":0,"player_choice":"Ignored","damage_taken":0,"max_hp_gain":0,"max_hp_loss":0,"event_name":"Liars Game","floor":13,"gold_loss":0},{"damage_healed":0,"gold_gain":0,"player_choice":"Opened","damage_taken":0,"relics_obtained":["Juzu Bracelet"],"max_hp_gain":0,"max_hp_loss":0,"event_name":"The Mausoleum","floor":20,"gold_loss":0,"cards_obtained":["Writhe"]},{"damage_healed":0,"gold_gain":0,"player_choice":"Shed Blood","damage_taken":22,"max_hp_gain":5,"max_hp_loss":0,"event_name":"Forgotten Altar","floor":21,"gold_loss":0},{"damage_healed":0,"gold_gain":0,"player_choice":"Ignored","damage_taken":0,"max_hp_gain":0,"max_hp_loss":0,"event_name":"Vampires","floor":22,"gold_loss":0}],"is_beta":false,"boss_relics":[{"not_picked":["Eternal Feather","Ectoplasm"],"picked":"Inserter"}],"items_purged_floors":[11],"is_endless":false,"potions_floor_spawned":[3,7,14,16,18],"killed_by":"Gremlin Leader","ascension_level":0}