{"gold_per_floor":[109,14,14,14,14,41,41,41,41,41,72,72,82,97,97,196,196,215,215,227,75,75,110,110,142,167,177,208,228,242,256,256,353,403,421,80,80,100,0,0,34,54,109,188,199,74,74,97,97,97],"floor_reached":51,"playtime":1932,"items_purged":["Strike_G","Strike_G","Strike_G"],"score":1237,"play_id":"9797c1f0-c6de-4ff9-ae23-a09724f914bb","local_time":"20190415125603","is_ascension_mode":true,"campfire_choices":[{"data":"Catalyst","floor":7,"key":"SMITH"},{"data":"Poisoned Stab","floor":10,"key":"SMITH"},{"data":"Catalyst","floor":15,"key":"SMITH"},{"floor":24,"key":"REST"},{"floor":32,"key":"REST"},{"data":"Tools of the Trade","floor":40,"key":"SMITH"},{"floor":47,"key":"REST"},{"data":"Calculated Gamble","floor":49,"key":"SMITH"}],"neow_cost":"NONE","seed_source_timestamp":428995098581930,"circlet_count":0,"master_deck":["AscendersBane","Defend_G","Defend_G","Defend_G","Defend_G","Defend_G","Strike_G","Strike_G","Survivor","Neutralize","Catalyst+1","Noxious Fumes+1","Poisoned Stab+1","Blur","PiercingWail+1","Catalyst+1","Quick Slash","Tools of the Trade+1","Footwork","Acrobatics+1","Caltrops","Backflip","Deadly Poison","Tactician","Cloak And Dagger+1","Well Laid Plans+1","Adrenaline","Leg Sweep","Adrenaline","Crippling Poison","Leg Sweep+1","Concentrate+1","Calculated Gamble+1","Tactician"],"relics":["Ring of the Snake","NeowsBlessing","Pantograph","Unceasing Top","Mummified Hand","Letter Opener","Bottled Tornado","Sozu","Sundial","Bronze Scales","Torii","Centennial Puzzle","Blood Vial","Regal Pillow","Tiny House","Ornamental Fan","Red Mask","Darkstone Periapt","Bag of Marbles","Molten Egg 2","Ancient Tea Set"],"potions_floor_usage":[28],"damage_taken":[{"damage":0,"enemies":"2 Louse","floor":1,"turns":1},{"damage":0,"enemies":"3 Sentries","floor":6,"turns":1},{"damage":0,"enemies":"Lagavulin","floor":11,"turns":1},{"damage":0,"enemies":"Jaw Worm","floor":13,"turns":3},{"damage":0,"enemies":"Cultist","floor":14,"turns":3},{"damage":16,"enemies":"Hexaghost","floor":16,"turns":7},{"damage":4,"enemies":"Shell Parasite","floor":18,"turns":5},{"damage":0,"enemies":"Chosen","floor":20,"turns":3},{"damage":31,"enemies":"Slavers","floor":23,"turns":5},{"damage":17,"enemies":"Book of Stabbing","floor":25,"turns":5},{"damage":0,"enemies":"Snake Plant","floor":27,"turns":2},{"damage":6,"enemies":"Slavers","floor":28,"turns":4},{"damage":0,"enemies":"Centurion and Healer","floor":29,"turns":4},{"damage":17,"enemies":"Shelled Parasite and Fungi","floor":30,"turns":5},{"damage":0,"enemies":"Snake Plant","floor":31,"turns":2},{"damage":10,"enemies":"Automaton","floor":33,"turns":6},{"damage":1,"enemies":"3 Darklings","floor":35,"turns":4},{"damage":11,"enemies":"Orb Walker","floor":38,"turns":5},{"damage":0,"enemies":"Giant Head","floor":41,"turns":7},{"damage":43,"enemies":"Jaw Worm Horde","floor":42,"turns":4},{"damage":0,"enemies":"Maw","floor":45,"turns":6},{"damage":28,"enemies":"Awakened One","floor":50,"turns":16}],"seed_played":"-7988712971754671681","potions_obtained":[{"floor":6,"key":"Strength Potion"},{"floor":13,"key":"Strength Potion"},{"floor":16,"key":"GhostInAJar"}],"is_trial":false,"path_per_floor":["M","$","?","?","$","E","R","T","T","R","E","$","M","M","R","B",null,"M","?","M","$","T","E","R","E","T","M","E","M","M","M","R","B",null,"M","$","?","M","?","R","E","M","T","T","M","$","R","T","R","B",null],"character_chosen":"THE_SILENT","items_purchased":["Noxious Fumes","Poisoned Stab","Caltrops","Ornamental Fan"],"campfire_rested":3,"item_purchase_floors":[2,2,21,36],"current_hp_per_floor":[63,63,63,60,60,60,60,60,60,60,60,60,60,60,60,54,66,62,62,62,62,62,31,52,35,35,37,33,35,20,22,58,60,73,74,74,71,60,60,60,62,21,21,21,23,23,59,59,59,43],"gold":97,"neow_bonus":"THREE_ENEMY_KILL","is_prod":false,"is_daily":false,"chose_seed":false,"campfire_upgraded":5,"win_rate":0,"timestamp":1555350963,"path_taken":["M","$","?","?","$","E","R","?","T","R","E","?","M","M","R","BOSS","M","?","M","$","?","E","R","E","T","M","E","?","M","M","R","BOSS","M","$","?","M","?","R","E","M","T","?","M","?","R","?","R","BOSS"],"build_version":"2019-01-23","purchased_purges":3,"victory":true,"max_hp_per_floor":[70,70,70,70,70,70,70,70,70,70,70,70,70,70,70,70,70,70,70,70,70,70,70,70,70,70,70,70,70,70,70,70,70,75,75,75,71,71,71,71,71,71,71,71,71,71,71,71,71,71],"card_choices":[{"not_picked":["Dodge and Roll","Underhanded Strike"],"picked":"Catalyst","floor":1},{"not_picked":["Escape Plan","Masterful Stab"],"picked":"Blur","floor":6},{"not_picked":["Accuracy","Sucker Punch"],"picked":"PiercingWail","floor":11},{"not_picked":["Dodge and Roll","Dagger Throw"],"picked":"Catalyst","floor":13},{"not_picked":["Underhanded Strike","Heel Hook"],"picked":"Quick Slash","floor":14},{"not_picked":["Envenom","Night Terror"],"picked":"Tools of the Trade","floor":16},{"not_picked":["Outmaneuver","Quick Slash"],"picked":"Footwork","floor":18},{"not_picked":["Blade Dance","Poisoned Stab"],"picked":"Acrobatics+1","floor":20},{"not_picked":["A Thousand Cuts","Caltrops"],"picked":"Backflip","floor":23},{"not_picked":["Underhanded Strike","Dodge and Roll"],"picked":"Deadly Poison","floor":25},{"not_picked":["Underhanded Strike","Dodge and Roll"],"picked":"Tactician","floor":27},{"not_picked":["Backflip","Riddle With Holes"],"picked":"Cloak And Dagger+1","floor":28},{"not_picked":["Dagger Throw","Backflip"],"picked":"Well Laid Plans+1","floor":29},{"not_picked":["Underhanded Strike+1","Caltrops"],"picked":"Adrenaline","floor":30},{"not_picked":["Blade Dance","Well Laid Plans"],"picked":"Leg Sweep","floor":31},{"not_picked":["Doppelganger","Malaise"],"picked":"Adrenaline","floor":33},{"not_picked":["Blur","Dagger Spray"],"picked":"Crippling Poison","floor":34},{"not_picked":["Dagger Throw","Slice"],"picked":"Leg Sweep+1","floor":35},{"not_picked":["Finisher+1","Acrobatics"],"picked":"Concentrate+1","floor":38},{"not_picked":["Flechettes+1","Underhanded Strike+1","Caltrops"],"picked":"SKIP","floor":41},{"not_picked":["Masterful Stab","Footwork+1"],"picked":"Calculated Gamble","floor":42},{"not_picked":["Flying Knee+1","Caltrops"],"picked":"Tactician","floor":45}],"player_experience":316314,"relics_obtained":[{"floor":6,"key":"Unceasing Top"},{"floor":8,"key":"Mummified Hand"},{"floor":9,"key":"Letter Opener"},{"floor":11,"key":"Bottled Tornado"},{"floor":22,"key":"Bronze Scales"},{"floor":23,"key":"Torii"},{"floor":25,"key":"Centennial Puzzle"},{"floor":26,"key":"Blood Vial"},{"floor":28,"key":"Regal Pillow"},{"floor":41,"key":"Darkstone Periapt"},{"floor":43,"key":"Bag of Marbles"},{"floor":44,"key":"Molten Egg 2"},{"floor":48,"key":"Ancient Tea Set"}],"event_choices":[{"damage_healed":0,"gold_gain":0,"player_choice":"Grow","damage_taken":0,"max_hp_gain":0,"max_hp_loss":0,"event_name":"Living Wall","floor":3,"gold_loss":0,"cards_upgraded":["Noxious Fumes"]},{"damage_healed":0,"gold_gain":0,"player_choice":"Success","damage_taken":3,"relics_obtained":["Pantograph"],"max_hp_gain":0,"max_hp_loss":0,"event_name":"Scrap Ooze","floor":4,"gold_loss":0},{"damage_healed":0,"gold_gain":0,"player_choice":"Gave Potion","damage_taken":0,"relics_obtained":["Sundial"],"max_hp_gain":0,"max_hp_loss":0,"event_name":"WeMeetAgain","floor":19,"gold_loss":0},{"damage_healed":0,"gold_gain":0,"player_choice":"Max HP","damage_taken":0,"max_hp_gain":0,"max_hp_loss":4,"event_name":"Winding Halls","floor":37,"gold_loss":0},{"damage_healed":0,"gold_gain":0,"player_choice":"Paid","damage_taken":0,"relics_obtained":["Red Mask"],"max_hp_gain":0,"max_hp_loss":0,"event_name":"Tomb of Lord Red Mask","floor":39,"gold_loss":100}],"is_beta":false,"boss_relics":[{"not_picked":["Orrery","WristBlade"],"picked":"Sozu"},{"not_picked":["Coffee Dripper","Fusion Hammer"],"picked":"Tiny House"}],"items_purged_floors":[21,36,46],"is_endless":false,"potions_floor_spawned":[6,13,16,18,25,30,31,35,42],"ascension_level":10}