{"gold_per_floor":[119,136,136,61,75,75,101,101,177,209,209,243,243,259,259,354,354,366,366,234,250,263,263,292,312,335,391,391],"floor_reached":28,"playtime":912,"items_purged":["Strike_R","Strike_R"],"score":290,"play_id":"0c2c1ff2-8b2c-4651-bcf3-73e8ea20f2a2","local_time":"20190520184014","is_ascension_mode":true,"campfire_choices":[{"data":"Bash","floor":6,"key":"SMITH"},{"data":"Cleave","floor":8,"key":"SMITH"},{"data":"Thunderclap","floor":11,"key":"SMITH"},{"data":"Reaper","floor":13,"key":"SMITH"},{"data":"Carnage","floor":15,"key":"SMITH"},{"data":"Double Tap","floor":23,"key":"SMITH"}],"neow_cost":"NONE","seed_source_timestamp":72058002402909,"circlet_count":0,"master_deck":["Strike_R","Strike_R","Strike_R","Defend_R","Defend_R+1","Defend_R","Defend_R+1","Bash+1","Cleave+1","Carnage+1","Shrug It Off","Iron Wave","Dropkick","Thunderclap+1","Reaper+1","Sword Boomerang","Double Tap+1","Inflame","Clothesline","Dual Wield+1","Reaper","Armaments","Headbutt"],"relics":["Burning Blood","War Paint","Gremlin Horn","Lantern","Smiling Mask","Eternal Feather","Dodecahedron","Dream Catcher","Tiny Chest"],"potions_floor_usage":[16,16,24,24,27,27,28],"damage_taken":[{"damage":8,"enemies":"Jaw Worm","floor":1,"turns":4},{"damage":2,"enemies":"2 Louse","floor":2,"turns":2},{"damage":1,"enemies":"Cultist","floor":5,"turns":3},{"damage":17,"enemies":"3 Sentries","floor":7,"turns":7},{"damage":14,"enemies":"Gremlin Nob","floor":10,"turns":3},{"damage":9,"enemies":"3 Sentries","floor":12,"turns":6},{"damage":0,"enemies":"2 Fungi Beasts","floor":14,"turns":3},{"damage":23,"enemies":"The Guardian","floor":16,"turns":8},{"damage":0,"enemies":"Chosen","floor":18,"turns":3},{"damage":24,"enemies":"3 Byrds","floor":21,"turns":6},{"damage":24,"enemies":"3 Cultists","floor":22,"turns":5},{"damage":26,"enemies":"Slavers","floor":24,"turns":4},{"damage":43,"enemies":"Sentry and Sphere","floor":25,"turns":6},{"damage":31,"enemies":"Book of Stabbing","floor":27,"turns":4},{"damage":78,"enemies":"Cultist and Chosen","floor":28,"turns":6}],"seed_played":"3398197582781236145","potions_obtained":[{"floor":1,"key":"FearPotion"},{"floor":10,"key":"PowerPotion"},{"floor":14,"key":"Strength Potion"},{"floor":16,"key":"Strength Potion"},{"floor":18,"key":"FearPotion"},{"floor":19,"key":"Explosive Potion"},{"floor":19,"key":"BloodPotion"},{"floor":25,"key":"Fire Potion"},{"floor":27,"key":"Explosive Potion"}],"is_trial":false,"path_per_floor":["M","M","?","$","M","R","E","R","T","E","R","E","R","M","R","B",null,"M","?","$","M","M","R","E","M","T","E","M"],"character_chosen":"IRONCLAD","items_purchased":["Inflame"],"campfire_rested":0,"item_purchase_floors":[20],"current_hp_per_floor":[78,80,85,85,85,85,74,74,74,66,66,63,63,79,79,62,85,85,85,85,73,55,67,65,35,35,27,0],"gold":391,"neow_bonus":"THREE_CARDS","is_prod":false,"is_daily":false,"chose_seed":false,"campfire_upgraded":6,"win_rate":0,"timestamp":1558399214,"path_taken":["M","M","?","$","M","R","E","R","T","E","R","E","R","M","R","BOSS","M","?","$","M","?","R","E","M","T","E","M"],"build_version":"2019-01-23","purchased_purges":2,"victory":false,"max_hp_per_floor":[80,80,85,85,85,85,85,85,85,85,85,85,85,85,85,85,85,85,85,85,85,85,85,85,85,85,85,85],"card_choices":[{"not_picked":["Havoc","Ghostly Armor"],"picked":"Cleave","floor":0},{"not_picked":["Warcry","Cleave"],"picked":"Carnage","floor":1},{"not_picked":["Cleave","Anger"],"picked":"Shrug It Off","floor":2},{"not_picked":["Seeing Red","Body Slam"],"picked":"Iron Wave","floor":5},{"not_picked":["Twin Strike","Anger"],"picked":"Dropkick","floor":7},{"not_picked":["Battle Trance","Iron Wave"],"picked":"Thunderclap","floor":10},{"not_picked":["True Grit","Body Slam"],"picked":"Reaper","floor":12},{"not_picked":["Perfected Strike","Seeing Red"],"picked":"Sword Boomerang","floor":14},{"not_picked":["Fiend Fire","Bludgeon"],"picked":"Double Tap","floor":16},{"not_picked":["Clash","Searing Blow","Body Slam"],"picked":"SKIP","floor":18},{"not_picked":["Shrug It Off","Iron Wave"],"picked":"Clothesline","floor":21},{"not_picked":["Armaments","Anger"],"picked":"Dual Wield+1","floor":22},{"not_picked":["Seeing Red","Anger"],"picked":"Reaper","floor":24},{"not_picked":["Feel No Pain","Havoc"],"picked":"Armaments","floor":25},{"not_picked":["Seeing Red","Thunderclap+1"],"picked":"Headbutt","floor":27}],"player_experience":274448,"relics_obtained":[{"floor":7,"key":"War Paint"},{"floor":9,"key":"Gremlin Horn"},{"floor":10,"key":"Lantern"},{"floor":12,"key":"Smiling Mask"},{"floor":24,"key":"Dodecahedron"},{"floor":26,"key":"Dream Catcher"},{"floor":27,"key":"Tiny Chest"}],"event_choices":[{"damage_healed":0,"gold_gain":0,"player_choice":"Donut","damage_taken":0,"max_hp_gain":5,"max_hp_loss":0,"event_name":"Big Fish","floor":3,"gold_loss":0},{"damage_healed":0,"gold_gain":0,"player_choice":"Got Potions","damage_taken":0,"max_hp_gain":0,"max_hp_loss":0,"event_name":"Lab","floor":19,"gold_loss":0}],"is_beta":false,"boss_relics":[{"not_picked":["Calling Bell","Velvet Choker"],"picked":"Eternal Feather"}],"items_purged_floors":[4,20],"is_endless":false,"potions_floor_spawned":[1,10,14,16,18,21,25,27],"killed_by":"Cultist and Chosen","ascension_level":1}