{"gold_per_floor":[109,119,135,135,153,178,178,203,230,230,241,65,65,79,79,178,178,197,214,139,155,183,183,183,183,209,226,243,262,296,310,310,407,407,417,368,387,406,406,419,419,519,519,88,88,116,116,47,47,47],"floor_reached":51,"playtime":2176,"items_purged":["Fiend Fire+1"],"score":759,"play_id":"42673bca-ac03-49df-8020-e16a7f5fa73d","local_time":"20190207002939","is_ascension_mode":false,"campfire_choices":[{"data":"Twin Strike","floor":7,"key":"SMITH"},{"data":"Heavy Blade","floor":13,"key":"SMITH"},{"data":"Flex","floor":15,"key":"SMITH"},{"floor":23,"key":"REST"},{"data":"Limit Break","floor":25,"key":"SMITH"},{"floor":32,"key":"REST"},{"data":"Limit Break","floor":45,"key":"SMITH"},{"data":"Flex","floor":47,"key":"SMITH"},{"floor":49,"key":"REST"}],"neow_cost":"NONE","seed_source_timestamp":372520892141744,"circlet_count":0,"master_deck":["Strike_R","Strike_R","Strike_R","Strike_R","Defend_R","Defend_R","Defend_R+1","Bash","Flex+1","Twin Strike+1","Shockwave","Thunderclap","Cleave","Feed","Heavy Blade+1","Spot Weakness+1","Limit Break+1","Flex+1","Iron Wave","Shrug It Off","Limit Break+1","Cleave+1","Dual Wield","Heavy Blade+1","Inflame"],"relics":["Burning Blood","Paper Frog","Boot","Vajra","Red Skull","Runic Pyramid","Red Mask","Bronze Scales","War Paint","Busted Crown","Incense Burner","Mercury Hourglass","PreservedInsect","DollysMirror","Happy Flower"],"potions_floor_usage":[6,8,16,16,33,33,38,50,50],"damage_taken":[{"damage":0,"enemies":"2 Louse","floor":1,"turns":3},{"damage":1,"enemies":"Cultist","floor":2,"turns":3},{"damage":2,"enemies":"Small Slimes","floor":3,"turns":3},{"damage":6,"enemies":"3 Louse","floor":5,"turns":3},{"damage":22,"enemies":"3 Sentries","floor":6,"turns":4},{"damage":13,"enemies":"Lagavulin","floor":8,"turns":3},{"damage":8,"enemies":"Red Slaver","floor":11,"turns":2},{"damage":0,"enemies":"2 Fungi Beasts","floor":14,"turns":2},{"damage":13,"enemies":"The Guardian","floor":16,"turns":5},{"damage":0,"enemies":"Chosen","floor":18,"turns":3},{"damage":40,"enemies":"2 Thieves","floor":19,"turns":3},{"damage":30,"enemies":"Sentry and Sphere","floor":21,"turns":4},{"damage":9,"enemies":"Masked Bandits","floor":22,"turns":3},{"damage":7,"enemies":"Shelled Parasite and Fungi","floor":27,"turns":3},{"damage":25,"enemies":"Snake Plant","floor":28,"turns":3},{"damage":1,"enemies":"Centurion and Healer","floor":29,"turns":3},{"damage":7,"enemies":"Gremlin Leader","floor":30,"turns":3},{"damage":20,"enemies":"3 Cultists","floor":31,"turns":4},{"damage":45,"enemies":"Automaton","floor":33,"turns":6},{"damage":3,"enemies":"Orb Walker","floor":35,"turns":3},{"damage":14,"enemies":"3 Darklings","floor":37,"turns":4},{"damage":11,"enemies":"Jaw Worm Horde","floor":38,"turns":4},{"damage":20,"enemies":"4 Shapes","floor":40,"turns":3},{"damage":9,"enemies":"Mind Bloom Boss Battle","floor":42,"turns":4},{"damage":40,"enemies":"Nemesis","floor":46,"turns":5},{"damage":28,"enemies":"Donu and Deca","floor":50,"turns":4}],"seed_played":"-8679480394657717957","potions_obtained":[{"floor":5,"key":"Poison Potion"},{"floor":6,"key":"Fire Potion"},{"floor":8,"key":"Poison Potion"},{"floor":11,"key":"FearPotion"},{"floor":21,"key":"Strength Potion"},{"floor":22,"key":"FearPotion"},{"floor":30,"key":"GamblersBrew"},{"floor":33,"key":"GamblersBrew"},{"floor":38,"key":"Regen Potion"}],"is_trial":false,"path_per_floor":["M","M","M","?","M","E","R","E","T","$","M","$","R","M","R","B",null,"M","M","$","M","?","R","?","R","T","M","M","M","E","M","R","B",null,"M","$","M","M","?","M","?","?","T","$","R","E","R","$","R","B",null],"character_chosen":"IRONCLAD","items_purchased":["Red Skull","Heavy Blade","SteroidPotion","PreservedInsect","Dual Wield","DollysMirror","Inflame"],"campfire_rested":3,"item_purchase_floors":[12,12,36,44,44,44,48],"current_hp_per_floor":[80,80,80,80,80,64,64,57,57,57,58,58,58,64,64,57,83,83,52,52,31,31,58,58,58,58,57,41,49,48,37,67,28,101,104,104,96,94,94,80,80,77,77,77,77,43,43,43,73,60],"gold":47,"neow_bonus":"ONE_RANDOM_RARE_CARD","is_prod":false,"is_daily":false,"chose_seed":false,"campfire_upgraded":6,"win_rate":0.0,"timestamp":1549524579,"path_taken":["M","M","M","?","M","E","R","E","T","?","?","$","R","M","R","BOSS","M","?","$","M","?","R","?","R","T","M","M","M","E","M","R","BOSS","M","$","M","M","?","?","?","?","T","$","R","E","R","?","R","BOSS"],"build_version":"2019-01-23","purchased_purges":1,"victory":true,"max_hp_per_floor":[80,80,80,80,80,80,80,80,80,80,83,83,83,83,83,83,83,83,86,86,89,92,92,92,92,92,92,95,98,98,101,101,101,101,104,104,104,107,107,107,102,102,102,102,102,102,102,102,102,102],"card_choices":[{"not_picked":["Shrug It Off","Combust"],"picked":"Flex","floor":1},{"not_picked":["Dual Wield","Flex"],"picked":"Twin Strike","floor":2},{"not_picked":["Feel No Pain","Twin Strike"],"picked":"Shockwave","floor":3},{"not_picked":["Sword Boomerang","Armaments"],"picked":"Thunderclap","floor":5},{"not_picked":["Sword Boomerang","Rupture"],"picked":"Cleave","floor":6},{"not_picked":["Ghostly Armor","Shrug It Off"],"picked":"Feed","floor":8},{"not_picked":["Headbutt","Clothesline","Shrug It Off"],"picked":"SKIP","floor":11},{"not_picked":["Pommel Strike","Sword Boomerang"],"picked":"Spot Weakness","floor":14},{"not_picked":["Brutality","Impervious"],"picked":"Limit Break","floor":16},{"not_picked":["Sword Boomerang+1","Seeing Red","Cleave+1"],"picked":"SKIP","floor":18},{"not_picked":["Dropkick","Blood for Blood+1","Anger+1"],"picked":"SKIP","floor":19},{"not_picked":["Shockwave","Fire Breathing"],"picked":"Flex","floor":21},{"not_picked":["Body Slam","Sword Boomerang+1","Dark Embrace"],"picked":"SKIP","floor":27},{"not_picked":["Entrench+1","Body Slam+1","Blood for Blood"],"picked":"SKIP","floor":28},{"not_picked":["Pummel","Intimidate","Warcry"],"picked":"SKIP","floor":29},{"not_picked":["Iron Wave","Perfected Strike"],"picked":"Shrug It Off","floor":30},{"not_picked":["Headbutt","Twin Strike","Body Slam"],"picked":"SKIP","floor":31},{"not_picked":["Juggernaut","Reaper"],"picked":"Limit Break","floor":33},{"not_picked":["Armaments"],"picked":"SKIP","floor":35},{"not_picked":["Shrug It Off+1"],"picked":"SKIP","floor":37},{"not_picked":["Whirlwind+1"],"picked":"SKIP","floor":38},{"not_picked":["True Grit"],"picked":"SKIP","floor":40},{"not_picked":[],"picked":"Cleave+1","floor":42},{"not_picked":["Flame Barrier+1"],"picked":"SKIP","floor":46}],"player_experience":4527,"relics_obtained":[{"floor":6,"key":"Paper Frog"},{"floor":8,"key":"Boot"},{"floor":9,"key":"Vajra"},{"floor":22,"key":"Red Mask"},{"floor":26,"key":"Bronze Scales"},{"floor":30,"key":"War Paint"},{"floor":42,"key":"Incense Burner"},{"floor":43,"key":"Mercury Hourglass"},{"floor":46,"key":"Happy Flower"}],"event_choices":[{"damage_healed":0,"gold_gain":0,"player_choice":"Forge","damage_taken":0,"max_hp_gain":0,"max_hp_loss":0,"event_name":"Accursed Blacksmith","floor":4,"gold_loss":0,"cards_upgraded":["Fiend Fire"]},{"damage_healed":0,"gold_gain":0,"player_choice":"Fought Bandits","damage_taken":0,"max_hp_gain":0,"max_hp_loss":0,"event_name":"Masked Bandits","floor":22,"gold_loss":0},{"cards_removed":["Strike_R"],"damage_healed":0,"gold_gain":0,"player_choice":"Took Card","damage_taken":0,"max_hp_gain":0,"max_hp_loss":0,"event_name":"NoteForYourself","floor":24,"gold_loss":0,"cards_obtained":["Iron Wave"]},{"cards_removed":["Defend_R"],"damage_healed":0,"gold_gain":0,"player_choice":"Card Removal","damage_taken":0,"max_hp_gain":0,"max_hp_loss":0,"event_name":"Wheel of Change","floor":39,"gold_loss":0},{"damage_healed":0,"gold_gain":0,"player_choice":"Max HP","damage_taken":0,"max_hp_gain":0,"max_hp_loss":5,"event_name":"Winding Halls","floor":41,"gold_loss":0},{"damage_healed":0,"gold_gain":0,"player_choice":"Fight","damage_taken":0,"max_hp_gain":0,"max_hp_loss":0,"event_name":"MindBloom","floor":42,"gold_loss":0}],"is_beta":false,"boss_relics":[{"not_picked":["Snecko Eye","Cursed Key"],"picked":"Runic Pyramid"},{"not_picked":["Lizard Tail","Eternal Feather"],"picked":"Busted Crown"}],"items_purged_floors":[20],"is_endless":false,"potions_floor_spawned":[5,6,8,11,21,22,30,33,38],"ascension_level":0}