{"gold_per_floor":[114,126,1,1,21,21,51,51,78,112,112,42,42,54,54,54],"floor_reached":16,"playtime":483,"items_purged":["Defend_R"],"score":108,"play_id":"ffa0cf5e-5851-4471-b4c9-34d829694018","local_time":"20190211014743","is_ascension_mode":false,"campfire_choices":[{"data":"Infernal Blade","floor":6,"key":"SMITH"},{"data":"Seeing Red","floor":8,"key":"SMITH"},{"data":"Bloodletting","floor":11,"key":"SMITH"},{"data":"Dual Wield","floor":15,"key":"SMITH"}],"neow_cost":"NONE","seed_source_timestamp":2158204231123779,"circlet_count":0,"master_deck":["Strike_R","Strike_R","Strike_R","Strike_R","Strike_R","Defend_R","Defend_R","Defend_R","Bash","Flex+1","Headbutt","Anger","Infernal Blade+1","Seeing Red+1","Bloodletting+1","Dual Wield+1","Perfected Strike"],"relics":["Burning Blood","NeowsBlessing","Regal Pillow","Juzu Bracelet","Thread and Needle"],"potions_floor_usage":[7,10,16],"damage_taken":[{"damage":0,"enemies":"2 Louse","floor":1,"turns":1},{"damage":0,"enemies":"Cultist","floor":2,"turns":1},{"damage":0,"enemies":"Small Slimes","floor":5,"turns":1},{"damage":23,"enemies":"Gremlin Nob","floor":7,"turns":4},{"damage":26,"enemies":"Lagavulin","floor":10,"turns":5},{"damage":1,"enemies":"Looter","floor":14,"turns":2},{"damage":57,"enemies":"The Guardian","floor":16,"turns":8}],"seed_played":"-3404305349058830016","potions_obtained":[{"floor":2,"key":"Swift Potion"},{"floor":7,"key":"SteroidPotion"},{"floor":14,"key":"Regen Potion"}],"is_trial":false,"path_per_floor":["M","M","$","?","M","R","E","R","T","E","R","$","$","M","R","B"],"character_chosen":"IRONCLAD","items_purchased":["Anger","Dual Wield"],"campfire_rested":0,"item_purchase_floors":[3,12],"current_hp_per_floor":[80,80,80,80,80,80,63,63,63,43,43,43,43,48,48,5],"gold":54,"neow_bonus":"THREE_ENEMY_KILL","is_prod":false,"is_daily":false,"chose_seed":false,"campfire_upgraded":4,"win_rate":0.0,"timestamp":1549871263,"path_taken":["M","M","$","?","M","R","E","R","T","E","R","?","$","M","R","BOSS"],"build_version":"2019-01-23","purchased_purges":1,"victory":false,"max_hp_per_floor":[80,80,80,80,80,80,80,80,80,80,80,80,80,80,80,80],"card_choices":[{"not_picked":["Sword Boomerang","Whirlwind"],"picked":"Flex","floor":1},{"not_picked":["Power Through","Seeing Red"],"picked":"Headbutt","floor":2},{"not_picked":["Shrug It Off","Intimidate"],"picked":"Infernal Blade","floor":5},{"not_picked":["Headbutt","Shrug It Off"],"picked":"Seeing Red","floor":7},{"not_picked":["Heavy Blade","Evolve"],"picked":"Bloodletting","floor":10},{"not_picked":["Fiend Fire","Dropkick"],"picked":"Perfected Strike","floor":14}],"player_experience":39761,"relics_obtained":[{"floor":7,"key":"Regal Pillow"},{"floor":9,"key":"Juzu Bracelet"},{"floor":10,"key":"Thread and Needle"}],"event_choices":[{"damage_healed":0,"gold_gain":0,"player_choice":"Forge","damage_taken":0,"max_hp_gain":0,"max_hp_loss":0,"event_name":"Accursed Blacksmith","floor":4,"gold_loss":0,"cards_upgraded":["Flex"]}],"is_beta":false,"boss_relics":[],"items_purged_floors":[3],"is_endless":false,"potions_floor_spawned":[2,7,14],"killed_by":"The Guardian","ascension_level":0}