{"gold_per_floor":[112,131,150,163,177,177,210,210,210,210,221,221,255,63,63,158,158,168,168,180,200,64,97,97,97,97,97,111,123,138,65,65,162,162,172,272,288,308,31,62,62,72,72,72,34,34,46,78,78,78],"floor_reached":51,"playtime":3611,"items_purged":["Strike_B","Strike_B"],"score":739,"play_id":"7fec756c-e1d7-47fa-903a-ded705c9f6dd","local_time":"20190207224250","is_ascension_mode":false,"campfire_choices":[{"data":"Zap","floor":6,"key":"SMITH"},{"data":"Storm","floor":8,"key":"SMITH"},{"data":"BootSequence","floor":10,"key":"SMITH"},{"data":"Defragment","floor":15,"key":"SMITH"},{"floor":24,"key":"REST"},{"floor":27,"key":"REST"},{"data":"Hello World","floor":32,"key":"SMITH"},{"data":"Hello World","floor":41,"key":"SMITH"},{"data":"Storm","floor":44,"key":"SMITH"},{"data":"Hello World","floor":46,"key":"SMITH"},{"floor":49,"key":"REST"}],"neow_cost":"NONE","seed_source_timestamp":1884755642244470,"circlet_count":0,"master_deck":["Strike_B+1","Defend_B","Defend_B","Defend_B","Zap+1","Dualcast","Go for the Eyes+1","Ball Lightning","Stack","BootSequence+1","Barrage","Storm+1","Iron Wave","Multi-Cast","Defragment+1","Conserve Battery","Rebound+1","Gash","Sunder+1","Hello World+1","Storm+1","Ball Lightning","Sweeping Beam+1","Hello World+1","Electrodynamics","Self Repair","Echo Form","Storm+1","Go for the Eyes","Steam+1","Hello World+1","Double Energy+1","Turbo","Hello World","Sweeping Beam+1","Turbo+1"],"relics":["Cracked Core","NeowsBlessing","Whetstone","Ornamental Fan","Mummified Hand","Philosopher\u0027s Stone","Dodecahedron","Anchor","Turnip","Empty Cage","Runic Capacitor","Bottled Lightning","Bottled Tornado","Centennial Puzzle"],"potions_floor_usage":[13,33,33,33,50,50],"damage_taken":[{"damage":0,"enemies":"Cultist","floor":1,"turns":1},{"damage":0,"enemies":"Small Slimes","floor":2,"turns":1},{"damage":0,"enemies":"Jaw Worm","floor":3,"turns":1},{"damage":0,"enemies":"Red Slaver","floor":4,"turns":3},{"damage":7,"enemies":"Blue Slaver","floor":5,"turns":3},{"damage":12,"enemies":"Gremlin Nob","floor":7,"turns":4},{"damage":3,"enemies":"Lots of Slimes","floor":11,"turns":4},{"damage":20,"enemies":"3 Sentries","floor":13,"turns":6},{"damage":4,"enemies":"Hexaghost","floor":16,"turns":9},{"damage":0,"enemies":"Chosen","floor":18,"turns":4},{"damage":23,"enemies":"Spheric Guardian","floor":20,"turns":5},{"damage":18,"enemies":"Snecko","floor":21,"turns":5},{"damage":22,"enemies":"Gremlin Leader","floor":23,"turns":5},{"damage":0,"enemies":"Chosen and Byrds","floor":28,"turns":6},{"damage":0,"enemies":"Cultist and Chosen","floor":29,"turns":3},{"damage":0,"enemies":"Centurion and Healer","floor":30,"turns":3},{"damage":8,"enemies":"Collector","floor":33,"turns":6},{"damage":5,"enemies":"Orb Walker","floor":35,"turns":3},{"damage":8,"enemies":"3 Shapes","floor":37,"turns":3},{"damage":4,"enemies":"Maw","floor":38,"turns":6},{"damage":16,"enemies":"Giant Head","floor":40,"turns":6},{"damage":5,"enemies":"Transient","floor":42,"turns":5},{"damage":0,"enemies":"Spire Growth","floor":47,"turns":2},{"damage":15,"enemies":"Nemesis","floor":48,"turns":3},{"damage":27,"enemies":"Donu and Deca","floor":50,"turns":6}],"seed_played":"6432322315607649511","potions_obtained":[{"floor":7,"key":"Regen Potion"},{"floor":13,"key":"SteroidPotion"},{"floor":16,"key":"Poison Potion"},{"floor":28,"key":"EssenceOfSteel"},{"floor":37,"key":"Explosive Potion"},{"floor":40,"key":"Explosive Potion"}],"is_trial":false,"path_per_floor":["M","M","M","M","M","R","E","R","T","R","M","?","E","$","R","B",null,"M","?","M","M","$","E","R","T","T","R","M","M","M","$","R","B",null,"M","?","M","M","$","E","R","M","T","R","$","R","M","E","R","B",null],"character_chosen":"DEFECT","items_purchased":["Defragment","Conserve Battery","Storm","Self Repair","Runic Capacitor","Hello World","Hello World"],"campfire_rested":3,"item_purchase_floors":[14,14,22,31,39,39,45],"current_hp_per_floor":[75,75,75,75,68,68,56,56,56,56,53,53,47,47,47,43,75,75,75,52,34,34,12,34,34,34,56,56,56,56,56,56,55,75,70,70,62,65,65,63,63,65,65,65,65,65,65,50,72,52],"gold":78,"neow_bonus":"THREE_ENEMY_KILL","is_prod":false,"is_daily":false,"chose_seed":false,"campfire_upgraded":8,"win_rate":0.0,"timestamp":1549600970,"path_taken":["M","M","M","M","M","R","E","R","T","R","M","?","E","?","R","BOSS","M","?","M","M","$","E","R","?","T","R","M","M","?","$","R","BOSS","M","?","M","M","$","E","R","?","T","R","$","R","M","E","R","BOSS"],"build_version":"2019-01-23","purchased_purges":2,"victory":true,"max_hp_per_floor":[75,75,75,75,75,75,75,75,75,75,75,75,75,75,75,75,75,75,75,75,75,75,75,75,75,75,75,75,75,75,75,75,75,75,75,75,75,75,75,75,75,75,75,75,75,75,75,75,75,75],"card_choices":[{"not_picked":["Leap","Stack"],"picked":"Go for the Eyes","floor":1},{"not_picked":["Defragment","Thunder Strike"],"picked":"Ball Lightning","floor":2},{"not_picked":["Sunder","Compile Driver"],"picked":"Stack","floor":3},{"not_picked":["Redo","Force Field"],"picked":"BootSequence","floor":4},{"not_picked":["Static Discharge","Genetic Algorithm"],"picked":"Barrage","floor":5},{"not_picked":["Melter","Redo"],"picked":"Storm","floor":7},{"not_picked":["Ball Lightning","Rebound"],"picked":"Recycle","floor":11},{"not_picked":["Sweeping Beam","Force Field"],"picked":"Multi-Cast","floor":13},{"not_picked":["Conserve Battery","Compile Driver+1"],"picked":"Rebound+1","floor":18},{"not_picked":["Barrage","Stack"],"picked":"Sunder+1","floor":20},{"not_picked":["Reprogram+1","Streamline"],"picked":"Hello World","floor":21},{"not_picked":["Coolheaded","Fission"],"picked":"Ball Lightning","floor":23},{"not_picked":["Ball Lightning","Leap"],"picked":"Sweeping Beam+1","floor":28},{"not_picked":["Stack","Cold Snap"],"picked":"Hello World","floor":29},{"not_picked":["Redo+1","Defragment"],"picked":"Electrodynamics","floor":30},{"not_picked":["Thunder Strike","Core Surge"],"picked":"Echo Form","floor":33},{"not_picked":["Auto Shields+1","Barrage+1"],"picked":"Storm+1","floor":35},{"not_picked":["Streamline+1","FTL+1"],"picked":"Go for the Eyes","floor":37},{"not_picked":["Sweeping Beam+1","Glacier"],"picked":"Steam+1","floor":38},{"not_picked":["Streamline","Undo"],"picked":"Double Energy+1","floor":40},{"not_picked":["Fusion+1","Conserve Battery"],"picked":"Turbo","floor":42},{"not_picked":["Blizzard+1","Cold Snap"],"picked":"Sweeping Beam+1","floor":47},{"not_picked":["Streamline","Rebound"],"picked":"Turbo+1","floor":48}],"player_experience":18855,"relics_obtained":[{"floor":7,"key":"Whetstone"},{"floor":9,"key":"Ornamental Fan"},{"floor":13,"key":"Mummified Hand"},{"floor":23,"key":"Dodecahedron"},{"floor":25,"key":"Anchor"},{"floor":26,"key":"Turnip"},{"floor":40,"key":"Bottled Lightning"},{"floor":43,"key":"Bottled Tornado"},{"floor":48,"key":"Centennial Puzzle"}],"event_choices":[{"cards_removed":["Strike_B"],"damage_healed":0,"gold_gain":0,"player_choice":"Took Card","damage_taken":0,"max_hp_gain":0,"max_hp_loss":0,"event_name":"NoteForYourself","floor":12,"gold_loss":0,"cards_obtained":["Iron Wave"]},{"damage_healed":0,"gold_gain":0,"player_choice":"Read","damage_taken":0,"max_hp_gain":0,"max_hp_loss":0,"event_name":"The Library","floor":19,"gold_loss":0,"cards_obtained":["Gash"]},{"damage_healed":0,"gold_gain":100,"player_choice":"Pray","damage_taken":0,"max_hp_gain":0,"max_hp_loss":0,"event_name":"Golden Shrine","floor":36,"gold_loss":0}],"is_beta":false,"boss_relics":[{"not_picked":["Eternal Feather","Runic Dome"],"picked":"Philosopher\u0027s Stone"},{"not_picked":["Busted Crown","Cursed Key"],"picked":"Empty Cage"}],"items_purged_floors":[14,22],"is_endless":false,"potions_floor_spawned":[7,13,16,28,29,37,40],"ascension_level":0}