{"gold_per_floor":[110,123,137,148,168,168,200,200,200,200,135,147,161,177,177,274,274,284,304,194,194,194,194,194,194,276,142,159,186,0,13,13,113,113,129,129,139,485,496,522,522,522,522,522,522,522],"floor_reached":46,"playtime":1392,"items_purged":["Strike_R","Strike_R"],"score":718,"play_id":"28d55519-aa39-486b-9641-a03677999036","local_time":"20190318224232","is_ascension_mode":true,"campfire_choices":[{"data":"Armaments","floor":6.0,"key":"SMITH"},{"data":"Searing Blow","floor":8.0,"key":"SMITH"},{"data":"Searing Blow+1","floor":10.0,"key":"SMITH"},{"data":"Searing Blow+2","floor":15.0,"key":"SMITH"},{"data":"Searing Blow+3","floor":23.0,"key":"SMITH"},{"data":"Searing Blow+4","floor":25.0,"key":"SMITH"},{"floor":32.0,"key":"REST"},{"data":"Searing Blow+5","floor":41,"key":"SMITH"},{"data":"Searing Blow+6","floor":44,"key":"SMITH"}],"neow_cost":"NONE","seed_source_timestamp":0,"circlet_count":0,"master_deck":["Strike_R","Strike_R","Strike_R","Defend_R","Defend_R","Defend_R","Defend_R","Bash","Pommel Strike","Hemokinesis","Searing Blow+7","Armaments+1","Flame Barrier","Disarm","Thunderclap","Twin Strike","Infernal Blade","Demon Form","Clothesline","Pommel Strike+1","Corruption","Dual Wield","Inflame","Infernal Blade+1","Seeing Red","Heavy Blade","Ghostly Armor"],"special_seed":0,"relics":["Burning Blood","NeowsBlessing","PreservedInsect","Bag of Marbles","Bag of Preparation","Snecko Eye","MutagenicStrength","Bottled Tornado","Bottled Flame","Anchor","Black Star","Old Coin","Gremlin Horn","StoneCalendar","Ornamental Fan"],"potions_floor_usage":[40,46,46],"damage_taken":[{"damage":0.0,"enemies":"Cultist","floor":1.0,"turns":1.0},{"damage":0.0,"enemies":"2 Louse","floor":2.0,"turns":1.0},{"damage":0.0,"enemies":"Jaw Worm","floor":3.0,"turns":1.0},{"damage":12.0,"enemies":"Looter","floor":4.0,"turns":4.0},{"damage":6.0,"enemies":"Large Slime","floor":5.0,"turns":5.0},{"damage":17.0,"enemies":"3 Sentries","floor":7.0,"turns":9.0},{"damage":9.0,"enemies":"Blue Slaver","floor":12.0,"turns":3.0},{"damage":10.0,"enemies":"Lots of Slimes","floor":13.0,"turns":3.0},{"damage":20.0,"enemies":"Large Slime","floor":14.0,"turns":8.0},{"damage":40.0,"enemies":"The Guardian","floor":16.0,"turns":14.0},{"damage":28.0,"enemies":"2 Thieves","floor":18.0,"turns":3.0},{"damage":0.0,"enemies":"Shell Parasite","floor":19.0,"turns":1.0},{"damage":0.0,"enemies":"Centurion and Healer","floor":28.0,"turns":2.0},{"damage":7.0,"enemies":"Slavers","floor":29.0,"turns":3.0},{"damage":19.0,"enemies":"Shelled Parasite and Fungi","floor":31.0,"turns":5.0},{"damage":16.0,"enemies":"Champ","floor":33.0,"turns":6.0},{"damage":12,"enemies":"3 Shapes","floor":35,"turns":5},{"damage":0,"enemies":"Orb Walker","floor":37,"turns":2},{"damage":28,"enemies":"2 Orb Walkers","floor":38,"turns":3},{"damage":13,"enemies":"Transient","floor":39,"turns":5},{"damage":5,"enemies":"Nemesis","floor":40,"turns":3},{"damage":55,"enemies":"Giant Head","floor":46,"turns":6}],"seed_played":"-1891978797638271786","potions_obtained":[{"floor":4.0,"key":"AttackPotion"},{"floor":12.0,"key":"SteroidPotion"},{"floor":14.0,"key":"AttackPotion"},{"floor":18.0,"key":"Fire Potion"},{"floor":29.0,"key":"EssenceOfSteel"},{"floor":33.0,"key":"SpeedPotion"},{"floor":35,"key":"EssenceOfSteel"},{"floor":40,"key":"Poison Potion"}],"is_trial":false,"path_per_floor":["M","M","M","M","M","R","E","R","T","R","?","M","M","M","R","B",null,"M","M","$","?","?","R","?","R","T","$","M","E","$","M","R","B",null,"M","?","M","?","M","E","R","?","T","R","?","E"],"character_chosen":"IRONCLAD","items_purchased":["Corruption","Dual Wield","Anchor","Seeing Red"],"campfire_rested":1,"item_purchase_floors":[20,27,30,30],"current_hp_per_floor":[78,80,80,74,74,74,63,63,63,63,63,60,56,42,42,8,62,40,46,46,46,46,46,46,46,46,46,52,51,51,38,62,52,73,67,67,73,51,44,45,45,45,45,45,45,0],"gold":522,"neow_bonus":"THREE_ENEMY_KILL","is_prod":false,"is_daily":false,"chose_seed":false,"campfire_upgraded":8,"win_rate":0,"timestamp":1552966952,"path_taken":["M","M","?","?","?","R","E","R","T","R","?","M","M","?","R","BOSS","M","M","$","?","?","R","?","R","T","$","M","E","?","M","R","BOSS","M","?","?","?","M","E","R","?","T","R","?","E"],"build_version":"2019-01-23","purchased_purges":2,"victory":false,"max_hp_per_floor":[80,80,80,80,80,80,80,80,80,80,80,80,80,80,80,80,80,80,80,80,80,80,80,80,80,80,80,80,80,80,80,80,80,80,80,80,80,80,80,80,80,80,80,80,80,80],"card_choices":[{"not_picked":["Havoc","Rage"],"picked":"Pommel Strike","floor":1.0},{"not_picked":["Havoc","Body Slam"],"picked":"Hemokinesis","floor":2.0},{"not_picked":["Disarm","Anger"],"picked":"Searing Blow","floor":3.0},{"not_picked":["Perfected Strike","Heavy Blade"],"picked":"Armaments","floor":4.0},{"not_picked":["Warcry","Clothesline"],"picked":"Flame Barrier","floor":5.0},{"not_picked":["Entrench","Juggernaut"],"picked":"Disarm","floor":7.0},{"not_picked":["Wild Strike","Iron Wave"],"picked":"Thunderclap","floor":12.0},{"not_picked":["Armaments","Clothesline"],"picked":"Twin Strike","floor":13.0},{"not_picked":["Clash","Havoc"],"picked":"Infernal Blade","floor":14.0},{"not_picked":["Dark Embrace","Berserk"],"picked":"Demon Form","floor":16.0},{"not_picked":["Warcry","Iron Wave+1"],"picked":"Clothesline","floor":18.0},{"not_picked":["Havoc","Thunderclap"],"picked":"Pommel Strike+1","floor":19.0},{"not_picked":["Wild Strike","Sword Boomerang"],"picked":"Inflame","floor":28.0},{"not_picked":["Headbutt+1","Evolve"],"picked":"Infernal Blade+1","floor":29.0},{"not_picked":["Seeing Red","Battle Trance","Anger"],"picked":"SKIP","floor":31.0},{"not_picked":["Impervious","Juggernaut"],"picked":"Immolate","floor":33.0},{"not_picked":["Rupture","Sentinel","Fire Breathing+1"],"picked":"SKIP","floor":35},{"not_picked":["Perfected Strike","Power Through+1","Iron Wave"],"picked":"SKIP","floor":37},{"not_picked":["Headbutt","Infernal Blade+1"],"picked":"Heavy Blade","floor":39},{"not_picked":["Clash","Havoc"],"picked":"Ghostly Armor","floor":40}],"player_experience":223649,"relics_obtained":[{"floor":7.0,"key":"PreservedInsect"},{"floor":9.0,"key":"Bag of Marbles"},{"floor":26.0,"key":"Bottled Tornado"},{"floor":29.0,"key":"Bottled Flame"},{"floor":38,"key":"Old Coin"},{"floor":40,"key":"Gremlin Horn"},{"floor":40,"key":"StoneCalendar"},{"floor":43,"key":"Ornamental Fan"}],"event_choices":[{"damage_healed":0.0,"max_hp_gain":0.0,"max_hp_loss":0.0,"gold_gain":0.0,"event_name":"WeMeetAgain","player_choice":"Paid Gold","floor":11.0,"gold_loss":65.0,"damage_taken":0.0,"relics_obtained":["Bag of Preparation"]},{"damage_healed":0.0,"max_hp_gain":0.0,"max_hp_loss":0.0,"gold_gain":0.0,"event_name":"Vampires","player_choice":"Ignored","floor":21.0,"gold_loss":0.0,"damage_taken":0.0},{"damage_healed":0.0,"max_hp_gain":0.0,"max_hp_loss":0.0,"gold_gain":0.0,"event_name":"Cursed Tome","player_choice":"Ignored","floor":22.0,"gold_loss":0.0,"damage_taken":0.0},{"damage_healed":0.0,"max_hp_gain":0.0,"max_hp_loss":0.0,"gold_gain":0.0,"event_name":"Drug Dealer","player_choice":"Inject Mutagens","floor":24.0,"gold_loss":0.0,"damage_taken":0.0,"relics_obtained":["MutagenicStrength"]},{"damage_healed":0,"gold_gain":0,"player_choice":"Bought 0 Potions","damage_taken":0,"max_hp_gain":0,"max_hp_loss":0,"event_name":"The Woman in Blue","floor":36,"gold_loss":0},{"damage_healed":0,"gold_gain":0,"player_choice":"Fight","damage_taken":0,"max_hp_gain":0,"max_hp_loss":0,"event_name":"Mysterious Sphere","floor":38,"gold_loss":0},{"cards_removed":["Immolate"],"damage_healed":0,"gold_gain":0,"player_choice":"Removed Attack","damage_taken":0,"max_hp_gain":0,"max_hp_loss":0,"event_name":"Falling","floor":42,"gold_loss":0},{"damage_healed":0,"gold_gain":0,"player_choice":"Ignored","damage_taken":0,"max_hp_gain":0,"max_hp_loss":0,"event_name":"Tomb of Lord Red Mask","floor":45,"gold_loss":0}],"is_beta":false,"boss_relics":[{"not_picked":["Runic Pyramid","Runic Cube"],"picked":"Snecko Eye"},{"not_picked":["Lizard Tail","Velvet Choker"],"picked":"Black Star"}],"items_purged_floors":[20,27],"is_endless":false,"potions_floor_spawned":[4,12,14,18,29,33,35,37,40],"killed_by":"Giant Head","ascension_level":8}