{"gold_per_floor":[113,125,138,158,169,197,43,63,63,81,100,100,100,113,113,216,216,226,53,53,69,84,84,34,52,101,101,121,121],"floor_reached":29,"playtime":1566,"items_purged":[],"score":233,"play_id":"e78270ab-1ecc-4539-ab70-3d9a833228df","local_time":"20190525001719","is_ascension_mode":false,"campfire_choices":[{"floor":12,"key":"REST"},{"data":"Noxious Fumes","floor":15,"key":"SMITH"},{"floor":23,"key":"REST"},{"floor":27,"key":"REST"}],"neow_cost":"NONE","seed_source_timestamp":30317951793097,"circlet_count":0,"master_deck":["Defend_G","Defend_G","Defend_G","Defend_G","Defend_G","Strike_G","Strike_G","Strike_G","Strike_G","Strike_G+1","Survivor","Neutralize","Flying Knee","Dash","Poisoned Stab","Noxious Fumes+1","Crippling Poison","Backflip","Escape Plan","Envenom","Corpse Explosion","Noxious Fumes","Bane+1","Footwork","Blur","Shame","Cloak And Dagger","Setup+1","Leg Sweep"],"relics":["Ring of the Snake","NeowsBlessing","Snake Skull","Happy Flower","Nunchaku","Pear","Black Star","Singing Bowl","Whetstone"],"potions_floor_usage":[],"damage_taken":[{"damage":0,"enemies":"2 Louse","floor":1,"turns":1},{"damage":0,"enemies":"Cultist","floor":2,"turns":1},{"damage":0,"enemies":"Small Slimes","floor":3,"turns":1},{"damage":0,"enemies":"2 Fungi Beasts","floor":4,"turns":4},{"damage":1,"enemies":"Gremlin Gang","floor":5,"turns":5},{"damage":26,"enemies":"3 Sentries","floor":6,"turns":7},{"damage":17,"enemies":"Exordium Thugs","floor":8,"turns":4},{"damage":0,"enemies":"Blue Slaver","floor":10,"turns":4},{"damage":4,"enemies":"Large Slime","floor":11,"turns":6},{"damage":3,"enemies":"Looter","floor":14,"turns":4},{"damage":43,"enemies":"Hexaghost","floor":16,"turns":10},{"damage":13,"enemies":"Chosen","floor":18,"turns":4},{"damage":28,"enemies":"2 Thieves","floor":21,"turns":5},{"damage":20,"enemies":"Snake Plant","floor":22,"turns":6},{"damage":30,"enemies":"Shelled Parasite and Fungi","floor":25,"turns":6},{"damage":18,"enemies":"Snecko","floor":28,"turns":6},{"damage":22,"enemies":"Snake Plant","floor":29,"turns":4}],"seed_played":"-2194284457883946125","potions_obtained":[{"floor":3,"key":"PowerPotion"},{"floor":4,"key":"PowerPotion"},{"floor":5,"key":"AttackPotion"},{"floor":6,"key":"SkillPotion"},{"floor":14,"key":"Block Potion"},{"floor":16,"key":"Ancient Potion"}],"is_trial":false,"path_per_floor":["M","M","M","M","M","E","$","M","T","M","M","R","?","M","R","B",null,"M","$","?","M","M","R","?","M","T","R","M","M"],"character_chosen":"THE_SILENT","items_purchased":["Happy Flower","Bane","Footwork","Blur"],"campfire_rested":3,"item_purchase_floors":[7,19,19,19],"current_hp_per_floor":[70,70,70,70,69,43,43,26,26,26,22,43,53,50,50,7,80,67,67,67,41,21,45,45,15,15,39,21,0],"gold":121,"neow_bonus":"THREE_ENEMY_KILL","is_prod":false,"is_daily":false,"chose_seed":false,"campfire_upgraded":1,"win_rate":0,"timestamp":1558768639,"path_taken":["M","M","M","M","M","E","$","M","T","M","M","R","?","M","R","BOSS","M","?","?","M","M","R","?","M","T","R","?","M"],"build_version":"2019-01-23","purchased_purges":0,"victory":false,"max_hp_per_floor":[70,70,70,70,70,70,70,70,70,70,70,70,80,80,80,80,80,80,80,80,82,82,82,82,82,82,82,82,82],"card_choices":[{"not_picked":["Predator","Blade Dance"],"picked":"Flying Knee","floor":1},{"not_picked":["Reflex","Terror"],"picked":"Dash","floor":2},{"not_picked":["Eviscerate","Outmaneuver","PiercingWail"],"picked":"SKIP","floor":3},{"not_picked":["Underhanded Strike","Deflect"],"picked":"Poisoned Stab","floor":4},{"not_picked":["Acrobatics","Endless Agony"],"picked":"Noxious Fumes","floor":5},{"not_picked":["Terror","Masterful Stab"],"picked":"Crippling Poison","floor":6},{"not_picked":["Backstab","Dagger Throw"],"picked":"Backflip","floor":8},{"not_picked":["Calculated Gamble","Slice","Infinite Blades"],"picked":"SKIP","floor":10},{"not_picked":["Flechettes","Predator"],"picked":"Escape Plan","floor":11},{"not_picked":["Choke","Flying Knee"],"picked":"Envenom","floor":14},{"not_picked":["Die Die Die","After Image"],"picked":"Corpse Explosion","floor":16},{"not_picked":["Sucker Punch+1","Poisoned Stab"],"picked":"Noxious Fumes","floor":18},{"not_picked":["Deadly Poison","PiercingWail","Sucker Punch"],"picked":"Singing Bowl","floor":21},{"not_picked":["Prepared","Deflect"],"picked":"Cloak And Dagger","floor":22},{"not_picked":["Deflect","Crippling Poison+1"],"picked":"Setup+1","floor":25},{"not_picked":["Underhanded Strike","Reflex"],"picked":"Leg Sweep","floor":28}],"player_experience":287443,"relics_obtained":[{"floor":6,"key":"Snake Skull"},{"floor":9,"key":"Nunchaku"},{"floor":26,"key":"Whetstone"}],"event_choices":[{"damage_healed":0,"gold_gain":0,"player_choice":"Gave Potion","damage_taken":0,"relics_obtained":["Pear"],"max_hp_gain":0,"max_hp_loss":0,"event_name":"WeMeetAgain","floor":13,"gold_loss":0},{"damage_healed":0,"gold_gain":0,"player_choice":"Stole Relic","damage_taken":0,"relics_obtained":["Singing Bowl"],"max_hp_gain":0,"max_hp_loss":0,"event_name":"Addict","floor":20,"gold_loss":0,"cards_obtained":["Shame"]},{"damage_healed":0,"gold_gain":0,"player_choice":"Bet on Murderer","damage_taken":0,"max_hp_gain":0,"max_hp_loss":0,"event_name":"The Joust","floor":24,"gold_loss":50}],"is_beta":false,"boss_relics":[{"not_picked":["Philosopher\u0027s Stone","Eternal Feather"],"picked":"Black Star"}],"items_purged_floors":[],"is_endless":false,"potions_floor_spawned":[3,4,5,6,14,16,21,22],"killed_by":"Snake Plant","ascension_level":0}