{"gold_per_floor":[119,136,154,164,18,50,50,65,90,90,124,124,140,140,140,245,245,260,132,151,164,182,217,217,251,278,278,278,328,348,360,360,360],"floor_reached":33,"playtime":2443,"items_purged":["Bash"],"score":301,"play_id":"9f40aa36-d13f-4871-ad0d-2d53541b8e5e","local_time":"20190210223531","is_ascension_mode":false,"campfire_choices":[{"data":"Disarm","floor":7,"key":"SMITH"},{"data":"Dual Wield","floor":15,"key":"SMITH"},{"data":"Flex","floor":24,"key":"SMITH"},{"floor":28,"key":"REST"},{"floor":32,"key":"REST"}],"neow_cost":"NONE","seed_source_timestamp":2144712522603791,"circlet_count":0,"master_deck":["Strike_R+1","Strike_R","Strike_R","Strike_R","Strike_R","Defend_R","Defend_R","Defend_R","Defend_R","Sword Boomerang","Armaments+1","Disarm+1","Dual Wield+1","Anger","Battle Trance","Parasite","Demon Form","Flex+1","Armaments","Rupture","Intimidate","Sword Boomerang+1","Anger","Armaments+1","Battle Trance","Headbutt"],"relics":["Burning Blood","Potion Belt","PreservedInsect","Blood Vial","Happy Flower","Orichalcum","Bottled Lightning","Black Star","Juzu Bracelet","Vajra","Bag of Preparation","Centennial Puzzle","Whetstone"],"potions_floor_usage":[22,23,23,25,27,33,33],"damage_taken":[{"damage":5,"enemies":"Small Slimes","floor":1,"turns":4},{"damage":3,"enemies":"Jaw Worm","floor":2,"turns":4},{"damage":1,"enemies":"Cultist","floor":3,"turns":4},{"damage":8,"enemies":"Blue Slaver","floor":4,"turns":5},{"damage":39,"enemies":"Lagavulin","floor":6,"turns":9},{"damage":24,"enemies":"Gremlin Gang","floor":8,"turns":7},{"damage":25,"enemies":"3 Sentries","floor":11,"turns":7},{"damage":3,"enemies":"Looter","floor":13,"turns":3},{"damage":31,"enemies":"The Guardian","floor":16,"turns":11},{"damage":8,"enemies":"3 Byrds","floor":18,"turns":8},{"damage":2,"enemies":"Chosen","floor":20,"turns":5},{"damage":25,"enemies":"Snecko","floor":21,"turns":6},{"damage":4,"enemies":"Cultist and Chosen","floor":22,"turns":6},{"damage":43,"enemies":"Slavers","floor":23,"turns":5},{"damage":30,"enemies":"Gremlin Leader","floor":25,"turns":7},{"damage":16,"enemies":"Centurion and Healer","floor":27,"turns":4},{"damage":17,"enemies":"Sentry and Sphere","floor":30,"turns":4},{"damage":5,"enemies":"Cultist and Chosen","floor":31,"turns":6},{"damage":73,"enemies":"Automaton","floor":33,"turns":6}],"seed_played":"-2235310259995233919","potions_obtained":[{"floor":2,"key":"GamblersBrew"},{"floor":4,"key":"Dexterity Potion"},{"floor":11,"key":"BloodPotion"},{"floor":13,"key":"GamblersBrew"},{"floor":16,"key":"SteroidPotion"},{"floor":22,"key":"PowerPotion"},{"floor":25,"key":"SmokeBomb"},{"floor":31,"key":"PowerPotion"}],"is_trial":false,"path_per_floor":["M","M","M","M","$","E","R","M","T","?","E","T","M","?","R","B",null,"M","$","M","M","M","E","R","E","T","M","R","?","M","M","R","B"],"character_chosen":"IRONCLAD","items_purchased":["PreservedInsect","Armaments"],"campfire_rested":2,"item_purchase_floors":[5,19],"current_hp_per_floor":[80,80,80,78,78,45,45,29,29,49,32,32,37,37,37,14,80,78,78,80,61,65,38,38,16,16,8,32,32,23,26,50,0],"gold":360,"neow_bonus":"RANDOM_COMMON_RELIC","is_prod":false,"is_daily":false,"chose_seed":false,"campfire_upgraded":3,"win_rate":0.0,"timestamp":1549859731,"path_taken":["M","M","M","M","$","E","R","M","T","?","E","?","M","?","R","BOSS","M","$","M","?","M","E","R","E","T","M","R","?","M","M","R","BOSS"],"build_version":"2019-01-23","purchased_purges":1,"victory":false,"max_hp_per_floor":[80,80,80,80,80,80,80,80,80,80,80,80,80,80,80,80,80,80,80,80,80,80,80,80,80,80,80,80,80,80,80,80,80],"card_choices":[{"not_picked":["Twin Strike","Wild Strike"],"picked":"Sword Boomerang","floor":1},{"not_picked":["Pommel Strike","Thunderclap"],"picked":"Armaments","floor":2},{"not_picked":["Searing Blow","Infernal Blade"],"picked":"Disarm","floor":3},{"not_picked":["Whirlwind","Armaments"],"picked":"Dual Wield","floor":4},{"not_picked":["Pummel","Heavy Blade"],"picked":"Anger","floor":6},{"not_picked":["Feel No Pain","Heavy Blade"],"picked":"Battle Trance","floor":8},{"not_picked":["Havoc","Wild Strike","True Grit"],"picked":"SKIP","floor":11},{"not_picked":["Limit Break","Warcry","Havoc"],"picked":"SKIP","floor":13},{"not_picked":["Juggernaut","Limit Break"],"picked":"Demon Form","floor":16},{"not_picked":["Shockwave+1","Rupture"],"picked":"Flex","floor":18},{"not_picked":["Body Slam","Iron Wave"],"picked":"Rupture","floor":20},{"not_picked":["True Grit+1","Clash"],"picked":"Intimidate","floor":21},{"not_picked":["Uppercut+1","Double Tap"],"picked":"Sword Boomerang","floor":22},{"not_picked":["Shockwave","Clothesline+1"],"picked":"Anger","floor":23},{"not_picked":["Blood for Blood","Sentinel+1"],"picked":"Armaments+1","floor":25},{"not_picked":["Ghostly Armor+1","True Grit+1"],"picked":"Battle Trance","floor":30},{"not_picked":["Rage","Evolve"],"picked":"Headbutt","floor":31}],"player_experience":35615,"relics_obtained":[{"floor":6,"key":"Blood Vial"},{"floor":9,"key":"Happy Flower"},{"floor":11,"key":"Orichalcum"},{"floor":12,"key":"Bottled Lightning"},{"floor":23,"key":"Juzu Bracelet"},{"floor":23,"key":"Vajra"},{"floor":25,"key":"Bag of Preparation"},{"floor":25,"key":"Centennial Puzzle"},{"floor":26,"key":"Whetstone"}],"event_choices":[{"damage_healed":20,"gold_gain":0,"player_choice":"Healed and dodged fight","damage_taken":0,"max_hp_gain":0,"max_hp_loss":0,"event_name":"Mushrooms","floor":10,"gold_loss":0,"cards_obtained":["Parasite"]},{"damage_healed":0,"gold_gain":0,"player_choice":"Forge","damage_taken":0,"max_hp_gain":0,"max_hp_loss":0,"event_name":"Accursed Blacksmith","floor":14,"gold_loss":0,"cards_upgraded":["Armaments"]},{"damage_healed":0,"gold_gain":100,"player_choice":"Bet on Murderer","damage_taken":0,"max_hp_gain":0,"max_hp_loss":0,"event_name":"The Joust","floor":29,"gold_loss":50}],"is_beta":false,"boss_relics":[{"not_picked":["Runic Dome","Mark of Pain"],"picked":"Black Star"}],"items_purged_floors":[19],"is_endless":false,"potions_floor_spawned":[2,4,11,13,16,21,22,25,31],"killed_by":"Automaton","ascension_level":0}