{"gold_per_floor":[119,44,63,79,99,99,99,99,144,176,176,190,214,234,234,234],"floor_reached":16,"playtime":617,"items_purged":["Strike_G"],"score":104,"play_id":"7d6f7020-8e05-4e28-9ed8-750862cef3d6","local_time":"20190528004904","is_ascension_mode":false,"campfire_choices":[{"data":"Dash","floor":6,"key":"SMITH"},{"data":"Flying Knee","floor":8,"key":"SMITH"},{"floor":15,"key":"REST"}],"neow_cost":"TEN_PERCENT_HP_LOSS","seed_source_timestamp":21992716738657,"circlet_count":0,"master_deck":["Defend_G","Defend_G","Defend_G","Defend_G","Defend_G","Strike_G","Strike_G","Strike_G","Strike_G","Survivor","Neutralize","Acrobatics","Dash+1","Flying Knee+1","Die Die Die","Injury","Noxious Fumes","Bane","Backstab"],"relics":["Ring of the Snake","Turnip","Potion Belt","Vajra","Golden Idol"],"potions_floor_usage":[],"damage_taken":[{"damage":1,"enemies":"Jaw Worm","floor":1,"turns":4},{"damage":4,"enemies":"Small Slimes","floor":3,"turns":5},{"damage":4,"enemies":"Cultist","floor":4,"turns":5},{"damage":7,"enemies":"Gremlin Gang","floor":5,"turns":8},{"damage":18,"enemies":"3 Sentries","floor":10,"turns":10},{"damage":0,"enemies":"Exordium Wildlife","floor":12,"turns":3},{"damage":6,"enemies":"Large Slime","floor":13,"turns":5},{"damage":0,"enemies":"2 Fungi Beasts","floor":14,"turns":2},{"damage":40,"enemies":"The Guardian","floor":16,"turns":10}],"seed_played":"3339425088985929841","potions_obtained":[{"floor":4,"key":"SteroidPotion"},{"floor":10,"key":"FairyPotion"},{"floor":12,"key":"Regen Potion"},{"floor":13,"key":"PowerPotion"},{"floor":14,"key":"Strength Potion"}],"is_trial":false,"path_per_floor":["M","$","M","M","M","R","?","R","T","E","?","M","M","M","R","B"],"character_chosen":"THE_SILENT","items_purchased":[],"campfire_rested":1,"item_purchase_floors":[],"current_hp_per_floor":[62,62,58,54,47,47,47,47,47,29,29,29,23,23,41,1],"gold":234,"neow_bonus":"ONE_RARE_RELIC","is_prod":false,"is_daily":false,"chose_seed":false,"campfire_upgraded":2,"win_rate":0,"timestamp":1559029744,"path_taken":["M","$","M","M","M","R","?","R","T","E","?","M","M","M","R","BOSS"],"build_version":"2019-01-23","purchased_purges":1,"victory":false,"max_hp_per_floor":[63,63,63,63,63,63,63,63,63,63,63,63,63,63,63,63],"card_choices":[{"not_picked":["Deadly Poison","Backflip"],"picked":"Acrobatics","floor":1},{"not_picked":["Acrobatics","PiercingWail","Well Laid Plans"],"picked":"SKIP","floor":3},{"not_picked":["Masterful Stab","Dagger Spray"],"picked":"Dash","floor":4},{"not_picked":["Accuracy","Crippling Poison"],"picked":"Flying Knee","floor":5},{"not_picked":["Caltrops","Reflex"],"picked":"Die Die Die","floor":10},{"not_picked":["Slice","Cloak And Dagger"],"picked":"Noxious Fumes","floor":12},{"not_picked":["Outmaneuver","Heel Hook"],"picked":"Bane","floor":13},{"not_picked":["Dodge and Roll","Calculated Gamble"],"picked":"Backstab","floor":14}],"player_experience":349530,"relics_obtained":[{"floor":9,"key":"Potion Belt"},{"floor":10,"key":"Vajra"}],"event_choices":[{"damage_healed":0,"gold_gain":0,"player_choice":"Ignored","damage_taken":0,"max_hp_gain":0,"max_hp_loss":0,"event_name":"Liars Game","floor":7,"gold_loss":0},{"damage_healed":0,"gold_gain":0,"player_choice":"Take Wound","damage_taken":0,"relics_obtained":["Golden Idol"],"max_hp_gain":0,"max_hp_loss":0,"event_name":"Golden Idol","floor":11,"gold_loss":0,"cards_obtained":["Injury"]}],"is_beta":false,"boss_relics":[],"items_purged_floors":[2],"is_endless":false,"potions_floor_spawned":[4,10,12,13,14],"killed_by":"The Guardian","ascension_level":0}