{"gold_per_floor":[115,134,134,59,59,59,9,9,34,50,62,75,95,110,110,213,213,231,242,260,260,160,160,160,177,177,191,191,191],"floor_reached":29,"playtime":2775,"items_purged":["Strike_B","Strike_B"],"score":244,"play_id":"2890bcfd-6379-43ca-a2a4-7c5fbbb02837","local_time":"20190515005801","is_ascension_mode":false,"campfire_choices":[{"data":"Zap","floor":6,"key":"SMITH"},{"data":"Dualcast","floor":8,"key":"SMITH"},{"floor":15,"key":"REST"},{"floor":23,"key":"REST"}],"neow_cost":"NONE","seed_source_timestamp":32605872243379,"circlet_count":0,"master_deck":["Defend_B","Defend_B","Defend_B","Defend_B","Zap+1","Dualcast+1","Tempest","Compile Driver","Barrage","Cold Snap","Electrodynamics","Conserve Battery","Creative AI","Capacitor","Reprogram","Doom and Gloom","Bite","Bite","Bite","Bite","Bite","Conserve Battery+1","Genetic Algorithm"],"relics":["Cracked Core","Bronze Scales","Potion Belt","Bag of Preparation","Fusion Hammer","Unceasing Top"],"potions_floor_usage":[],"damage_taken":[{"damage":6,"enemies":"2 Louse","floor":1,"turns":3},{"damage":0,"enemies":"Small Slimes","floor":2,"turns":3},{"damage":1,"enemies":"Jaw Worm","floor":10,"turns":3},{"damage":2,"enemies":"2 Fungi Beasts","floor":11,"turns":3},{"damage":1,"enemies":"Exordium Wildlife","floor":12,"turns":4},{"damage":8,"enemies":"Lots of Slimes","floor":13,"turns":2},{"damage":5,"enemies":"3 Louse","floor":14,"turns":2},{"damage":47,"enemies":"Hexaghost","floor":16,"turns":9},{"damage":12,"enemies":"Shell Parasite","floor":18,"turns":5},{"damage":16,"enemies":"2 Thieves","floor":19,"turns":3},{"damage":16,"enemies":"Sentry and Sphere","floor":20,"turns":5},{"damage":32,"enemies":"Centurion and Healer","floor":25,"turns":4},{"damage":10,"enemies":"Cultist and Chosen","floor":27,"turns":4},{"damage":5,"enemies":"Colosseum Slavers","floor":28,"turns":2},{"damage":16,"enemies":"Snake Plant","floor":29,"turns":1}],"seed_played":"-310734803832267957","potions_obtained":[{"floor":1,"key":"Regen Potion"},{"floor":10,"key":"Ancient Potion"},{"floor":12,"key":"LiquidBronze"},{"floor":13,"key":"SpeedPotion"},{"floor":18,"key":"Weak Potion"}],"is_trial":false,"path_per_floor":["M","M","?","$","?","R","?","R","T","M","M","M","M","M","R","B",null,"M","M","M","?","$","R","?","M","T","M","?","M"],"character_chosen":"DEFECT","items_purchased":[],"campfire_rested":2,"item_purchase_floors":[],"current_hp_per_floor":[76,76,73,73,73,73,73,73,73,72,70,69,61,56,80,33,82,70,54,38,65,65,82,57,27,27,21,16,0],"gold":191,"neow_bonus":"TEN_PERCENT_HP_BONUS","is_prod":false,"is_daily":false,"chose_seed":false,"campfire_upgraded":2,"win_rate":0.0,"timestamp":1557907081,"path_taken":["M","M","?","$","?","R","?","R","T","M","M","M","M","M","R","BOSS","M","M","M","?","$","R","?","M","T","M","?","M"],"build_version":"2019-01-23","purchased_purges":2,"victory":false,"max_hp_per_floor":[82,82,82,82,82,82,82,82,82,82,82,82,82,82,82,82,82,82,82,82,82,82,82,57,57,57,57,57,57],"card_choices":[{"not_picked":["Rip and Tear","Storm"],"picked":"Tempest","floor":1},{"not_picked":["Leap","White Noise"],"picked":"Compile Driver","floor":2},{"not_picked":["Leap","Streamline"],"picked":"Barrage","floor":10},{"not_picked":["Reinforced Body","Beam Cell"],"picked":"Cold Snap","floor":11},{"not_picked":["Ball Lightning","Static Discharge"],"picked":"Electrodynamics","floor":12},{"not_picked":["Compile Driver","Coolheaded"],"picked":"Conserve Battery","floor":13},{"not_picked":["Go for the Eyes","Steam","Gash"],"picked":"SKIP","floor":14},{"not_picked":["All For One","Thunder Strike"],"picked":"Creative AI","floor":16},{"not_picked":["Streamline","Beam Cell"],"picked":"Capacitor","floor":18},{"not_picked":["Glacier","Streamline"],"picked":"Reprogram","floor":19},{"not_picked":["Compile Driver+1","Conserve Battery"],"picked":"Doom and Gloom","floor":20},{"not_picked":["Thunder Strike","Sweeping Beam"],"picked":"Conserve Battery+1","floor":25},{"not_picked":["Gash","Hologram"],"picked":"Genetic Algorithm","floor":27}],"player_experience":23736,"relics_obtained":[{"floor":9,"key":"Bag of Preparation"},{"floor":26,"key":"Unceasing Top"}],"event_choices":[{"damage_healed":0,"gold_gain":0,"player_choice":"Success","damage_taken":3,"relics_obtained":["Bronze Scales"],"max_hp_gain":0,"max_hp_loss":0,"event_name":"Scrap Ooze","floor":3,"gold_loss":0},{"damage_healed":0,"gold_gain":0,"player_choice":"Box","damage_taken":0,"relics_obtained":["Potion Belt"],"max_hp_gain":0,"max_hp_loss":0,"event_name":"Big Fish","floor":5,"gold_loss":0,"cards_obtained":["Regret"]},{"cards_removed":["Regret"],"damage_healed":0,"gold_gain":0,"player_choice":"Card Removal","damage_taken":0,"max_hp_gain":0,"max_hp_loss":0,"event_name":"The Cleric","floor":7,"gold_loss":50},{"damage_healed":27,"gold_gain":0,"player_choice":"Heal","damage_taken":0,"max_hp_gain":0,"max_hp_loss":0,"event_name":"The Library","floor":21,"gold_loss":0},{"damage_healed":0,"gold_gain":0,"player_choice":"Became a vampire","damage_taken":0,"max_hp_gain":0,"max_hp_loss":25,"event_name":"Vampires","floor":24,"gold_loss":0,"cards_obtained":["Bite","Bite","Bite","Bite","Bite"]},{"damage_healed":0,"gold_gain":0,"player_choice":"Fight","damage_taken":0,"max_hp_gain":0,"max_hp_loss":0,"event_name":"Colosseum","floor":28,"gold_loss":0},{"damage_healed":0,"gold_gain":0,"player_choice":"Fled From Nobs","damage_taken":0,"max_hp_gain":0,"max_hp_loss":0,"event_name":"Colosseum","floor":28,"gold_loss":0}],"is_beta":false,"boss_relics":[{"not_picked":["Ectoplasm","Busted Crown"],"picked":"Fusion Hammer"}],"items_purged_floors":[4,22],"is_endless":false,"potions_floor_spawned":[1,10,12,13,18,19],"killed_by":"Snake Plant","ascension_level":0}