{"gold_per_floor":[110,21,37,37,53,53,82,102,129,129,129,154,164,164,164,242,242,242,242,19,19,19,19],"floor_reached":23,"playtime":567,"items_purged":["Strike_B"],"score":402,"play_id":"38c0cafd-0e5f-417c-8a39-f1c5a0196142","local_time":"20190528193820","is_ascension_mode":true,"campfire_choices":[{"data":"Static Discharge","floor":6,"key":"SMITH"},{"floor":11,"key":"REST"},{"data":"Zap","floor":15,"key":"SMITH"}],"neow_cost":"NONE","seed_source_timestamp":653496324238145,"circlet_count":0,"master_deck":["AscendersBane","Strike_B","Strike_B","Strike_B","Defend_B","Defend_B","Defend_B","Defend_B","Zap+1","Dualcast","Ball Lightning","Static Discharge+1","Streamline+1","Glacier","Steam Power","All For One","Turbo","Core Surge","Gash"],"relics":["Sozu","PreservedInsect","Smiling Mask","Nunchaku","Strawberry","Ectoplasm","Blood Vial","Pocketwatch"],"potions_floor_usage":[],"damage_taken":[{"damage":5,"enemies":"Small Slimes","floor":1,"turns":4},{"damage":2,"enemies":"Jaw Worm","floor":3,"turns":3},{"damage":7,"enemies":"2 Louse","floor":5,"turns":2},{"damage":21,"enemies":"3 Sentries","floor":7,"turns":6},{"damage":11,"enemies":"Lots of Slimes","floor":8,"turns":4},{"damage":12,"enemies":"Lagavulin","floor":12,"turns":5},{"damage":7,"enemies":"2 Fungi Beasts","floor":13,"turns":3},{"damage":22,"enemies":"The Guardian","floor":16,"turns":9},{"damage":18,"enemies":"Spheric Guardian","floor":18,"turns":4},{"damage":12,"enemies":"Chosen","floor":19,"turns":5},{"damage":19,"enemies":"Snake Plant","floor":22,"turns":2},{"damage":18,"enemies":"Gremlin Leader","floor":23,"turns":3}],"seed_played":"1360167839324667163","potions_obtained":[],"is_trial":false,"path_per_floor":["M","$","M","?","M","R","E","M","T","T","R","E","M","?","R","B",null,"M","M","$","?","M","E"],"character_chosen":"DEFECT","items_purchased":["Static Discharge","Blood Vial"],"campfire_rested":1,"item_purchase_floors":[2,20],"current_hp_per_floor":[59,59,57,57,50,50,29,18,18,18,39,34,27,27,27,5,60,42,30,30,30,13,0],"gold":19,"neow_bonus":"BOSS_RELIC","is_prod":false,"is_daily":false,"chose_seed":false,"campfire_upgraded":2,"win_rate":0,"timestamp":1559090300,"path_taken":["M","$","M","?","M","R","E","M","T","?","R","E","M","?","R","BOSS","M","?","$","?","M","E"],"build_version":"2019-01-23","purchased_purges":1,"victory":false,"max_hp_per_floor":[71,71,71,71,71,71,71,71,71,71,71,78,78,78,78,78,78,78,78,78,78,78,78],"card_choices":[{"not_picked":["Double Energy","Storm"],"picked":"Ball Lightning","floor":1},{"not_picked":["Tempest","Heatsinks"],"picked":"Streamline","floor":3},{"not_picked":["Streamline","Reinforced Body"],"picked":"Glacier","floor":5},{"not_picked":["Barrage","Streamline"],"picked":"Steam Power","floor":7},{"not_picked":["Beam Cell","Steam Power","Streamline"],"picked":"SKIP","floor":8},{"not_picked":["Steam","Turbo"],"picked":"All For One","floor":12},{"not_picked":["Double Energy","Aggregate"],"picked":"Turbo","floor":13},{"not_picked":["All For One","Amplify"],"picked":"Core Surge","floor":16},{"not_picked":["Stack","Turbo","Rebound"],"picked":"SKIP","floor":18},{"not_picked":["FTL","Force Field"],"picked":"Gash","floor":19},{"not_picked":["Redo","Stack"],"picked":"Gash","floor":22}],"player_experience":473243,"relics_obtained":[{"floor":7,"key":"PreservedInsect"},{"floor":9,"key":"Smiling Mask"},{"floor":10,"key":"Nunchaku"},{"floor":12,"key":"Strawberry"}],"event_choices":[{"damage_healed":0,"gold_gain":0,"player_choice":"Ignored","damage_taken":0,"max_hp_gain":0,"max_hp_loss":0,"event_name":"Liars Game","floor":4,"gold_loss":0},{"damage_healed":0,"gold_gain":0,"player_choice":"Upgraded","damage_taken":0,"max_hp_gain":0,"max_hp_loss":0,"event_name":"Upgrade Shrine","floor":14,"gold_loss":0,"cards_upgraded":["Streamline"]},{"cards_removed":["Gash"],"damage_healed":0,"gold_gain":0,"player_choice":"Gave Card","damage_taken":0,"relics_obtained":["Pocketwatch"],"max_hp_gain":0,"max_hp_loss":0,"event_name":"WeMeetAgain","floor":21,"gold_loss":0}],"is_beta":false,"boss_relics":[{"not_picked":["Velvet Choker","White Beast Statue"],"picked":"Ectoplasm"}],"items_purged_floors":[20],"is_endless":false,"potions_floor_spawned":[8,13,16,18,22],"killed_by":"Gremlin Leader","ascension_level":20}