{"gold_per_floor":[118,129,141,155,170,196,196,196,196,214,214,243,243,277,277,372,372,382,126,136,16,16,16,51,51,76,110,127,2,35,35,35,131,131,150,165,175,191,236,236,262,281,281,281,281,316,316,344,344,344],"floor_reached":51,"playtime":3093,"items_purged":["Pain"],"score":902,"play_id":"4ba4be6f-820b-4e74-af52-c56c85c68051","local_time":"20190527223920","is_ascension_mode":true,"campfire_choices":[{"floor":7,"key":"REST"},{"floor":11,"key":"REST"},{"data":"Corruption","floor":15,"key":"SMITH"},{"floor":23,"key":"REST"},{"floor":25,"key":"REST"},{"floor":32,"key":"REST"},{"floor":40,"key":"REST"},{"floor":45,"key":"RECALL"},{"floor":47,"key":"REST"},{"floor":49,"key":"REST"}],"neow_cost":"NONE","seed_source_timestamp":11676647272185,"circlet_count":0,"master_deck":["Strike_R","Strike_R","Strike_R","Strike_R","Defend_R","Defend_R","Defend_R","Defend_R","Bash","Corruption+1","Pommel Strike","Metallicize","Shrug It Off","Havoc","True Grit","Clothesline","Uppercut","Limit Break","True Grit","Sentinel","Rampage","Rupture","Hemokinesis","Spot Weakness","Ghostly Armor","Metallicize","Blood for Blood","Armaments","Iron Wave+1","Shrug It Off","Power Through","Impervious","Heavy Blade","Parasite","Fiend Fire","Evolve+1","Heavy Blade+1","Carnage","Forethought","Armaments+1"],"relics":["Burning Blood","Pocketwatch","Strawberry","Ancient Tea Set","Shuriken","Mummified Hand","Fusion Hammer","WarpedTongs","Bag of Marbles","Potion Belt","PreservedInsect","Bottled Tornado","Snecko Eye","Du-Vu Doll","Mango","Singing Bowl","Happy Flower"],"potions_floor_usage":[],"damage_taken":[{"damage":1,"enemies":"Cultist","floor":1,"turns":3},{"damage":0,"enemies":"Jaw Worm","floor":2,"turns":5},{"damage":8,"enemies":"2 Louse","floor":3,"turns":4},{"damage":14,"enemies":"Lots of Slimes","floor":4,"turns":7},{"damage":22,"enemies":"2 Fungi Beasts","floor":5,"turns":5},{"damage":51,"enemies":"3 Sentries","floor":6,"turns":11},{"damage":0,"enemies":"Large Slime","floor":10,"turns":6},{"damage":2,"enemies":"Lagavulin","floor":12,"turns":8},{"damage":13,"enemies":"Gremlin Nob","floor":14,"turns":5},{"damage":34,"enemies":"The Guardian","floor":16,"turns":10},{"damage":14,"enemies":"2 Thieves","floor":18,"turns":4},{"damage":16,"enemies":"Chosen","floor":20,"turns":4},{"damage":43,"enemies":"Slavers","floor":24,"turns":5},{"damage":35,"enemies":"Gremlin Leader","floor":27,"turns":6},{"damage":7,"enemies":"Snecko","floor":28,"turns":3},{"damage":11,"enemies":"Book of Stabbing","floor":30,"turns":5},{"damage":22,"enemies":"Champ","floor":33,"turns":8},{"damage":8,"enemies":"3 Shapes","floor":35,"turns":3},{"damage":9,"enemies":"3 Darklings","floor":36,"turns":5},{"damage":12,"enemies":"Spire Growth","floor":37,"turns":3},{"damage":25,"enemies":"Writhing Mass","floor":38,"turns":6},{"damage":26,"enemies":"2 Orb Walkers","floor":39,"turns":5},{"damage":2,"enemies":"Reptomancer","floor":41,"turns":5},{"damage":13,"enemies":"3 Darklings","floor":42,"turns":6},{"damage":6,"enemies":"Giant Head","floor":46,"turns":4},{"damage":65,"enemies":"Reptomancer","floor":48,"turns":5},{"damage":71,"enemies":"Awakened One","floor":50,"turns":8}],"seed_played":"-6772832938499766009","potions_obtained":[{"floor":2,"key":"GamblersBrew"},{"floor":6,"key":"Explosive Potion"},{"floor":12,"key":"Fire Potion"},{"floor":14,"key":"EssenceOfSteel"},{"floor":28,"key":"EssenceOfSteel"},{"floor":30,"key":"Poison Potion"}],"is_trial":false,"path_per_floor":["M","M","M","M","M","E","R","?","T","M","R","E","?","E","R","B",null,"M","$","M","$","?","R","E","R","T","E","M","$","E","?","R","B",null,"M","M","M","M","?","R","E","M","T","?","R","E","R","E","R","B",null],"character_chosen":"IRONCLAD","items_purchased":["Sentinel","Rampage","Rupture","Hemokinesis","Ghostly Armor","Metallicize","Shrug It Off"],"campfire_rested":8,"item_purchase_floors":[19,19,19,19,21,21,29],"current_hp_per_floor":[80,80,78,70,54,9,33,33,40,46,72,76,76,69,69,41,87,79,79,69,69,69,87,50,76,76,47,46,46,41,41,67,51,87,85,82,76,57,37,63,81,74,74,74,74,76,103,44,74,9],"gold":344,"neow_bonus":"REMOVE_CARD","is_prod":false,"is_daily":false,"chose_seed":false,"campfire_upgraded":1,"win_rate":0,"timestamp":1559021960,"path_taken":["M","M","M","M","?","E","R","?","T","M","R","E","?","E","R","BOSS","M","?","M","$","?","R","E","R","T","E","?","?","E","?","R","BOSS","M","M","M","M","?","R","E","M","T","?","R","E","R","E","R","BOSS"],"build_version":"2019-01-23","purchased_purges":1,"victory":true,"max_hp_per_floor":[80,80,80,80,80,80,80,80,87,87,87,87,87,87,87,87,87,87,87,87,87,87,87,87,87,87,87,87,87,87,87,87,87,87,87,87,87,87,87,87,101,101,101,101,101,103,103,103,103,103],"card_choices":[{"not_picked":["Anger","Body Slam"],"picked":"Corruption","floor":1},{"not_picked":["Thunderclap","Anger"],"picked":"Pommel Strike","floor":2},{"not_picked":["Rage","Sever Soul"],"picked":"Metallicize","floor":3},{"not_picked":["Berserk","Body Slam"],"picked":"Shrug It Off","floor":4},{"not_picked":["Heavy Blade","Rage"],"picked":"Havoc","floor":5},{"not_picked":["Cleave","Dual Wield"],"picked":"True Grit","floor":6},{"not_picked":["Infernal Blade","Wild Strike"],"picked":"Clothesline","floor":10},{"not_picked":["Entrench","Ghostly Armor"],"picked":"Uppercut","floor":12},{"not_picked":["Perfected Strike","Reckless Charge","Heavy Blade"],"picked":"SKIP","floor":14},{"not_picked":["Double Tap","Barricade"],"picked":"Limit Break","floor":16},{"not_picked":["Sword Boomerang","Anger"],"picked":"True Grit","floor":18},{"not_picked":["Wild Strike+1","Body Slam"],"picked":"Spot Weakness","floor":20},{"not_picked":["Pummel","Clash+1"],"picked":"Blood for Blood","floor":24},{"not_picked":["Wild Strike","Clash"],"picked":"Armaments","floor":27},{"not_picked":["Body Slam","Flex+1"],"picked":"Iron Wave+1","floor":28},{"not_picked":["Body Slam","Warcry+1"],"picked":"Power Through","floor":30},{"not_picked":["Exhume","Berserk"],"picked":"Impervious","floor":33},{"not_picked":["Body Slam","Clash+1","Cleave"],"picked":"SKIP","floor":35},{"not_picked":["Clothesline","Rage+1"],"picked":"Heavy Blade","floor":36},{"not_picked":["Twin Strike+1","Pommel Strike+1","Sword Boomerang"],"picked":"SKIP","floor":37},{"not_picked":["Corruption+1","Pummel+1"],"picked":"Fiend Fire","floor":38},{"not_picked":["Cleave+1","Heavy Blade"],"picked":"Evolve+1","floor":39},{"not_picked":["Warcry","Juggernaut"],"picked":"Heavy Blade+1","floor":41},{"not_picked":["Warcry+1","Havoc+1"],"picked":"Carnage","floor":42},{"not_picked":["Good Instincts","Purity"],"picked":"Forethought","floor":44},{"not_picked":["Body Slam+1","Heavy Blade+1","True Grit"],"picked":"Singing Bowl","floor":46},{"not_picked":["Iron Wave","Second Wind+1"],"picked":"Armaments+1","floor":48}],"player_experience":342884,"relics_obtained":[{"floor":6,"key":"Pocketwatch"},{"floor":9,"key":"Strawberry"},{"floor":12,"key":"Ancient Tea Set"},{"floor":14,"key":"Mummified Hand"},{"floor":24,"key":"Bag of Marbles"},{"floor":26,"key":"Potion Belt"},{"floor":27,"key":"PreservedInsect"},{"floor":30,"key":"Bottled Tornado"},{"floor":39,"key":"Du-Vu Doll"},{"floor":41,"key":"Mango"},{"floor":46,"key":"Singing Bowl"},{"floor":48,"key":"Happy Flower"}],"event_choices":[{"damage_healed":0,"gold_gain":0,"player_choice":"Ignored","damage_taken":0,"max_hp_gain":0,"max_hp_loss":0,"event_name":"Golden Wing","floor":8,"gold_loss":0},{"damage_healed":0,"gold_gain":0,"player_choice":"Gave Potion","damage_taken":0,"relics_obtained":["Shuriken"],"max_hp_gain":0,"max_hp_loss":0,"event_name":"WeMeetAgain","floor":13,"gold_loss":0},{"damage_healed":0,"gold_gain":0,"player_choice":"Rummage","damage_taken":0,"relics_obtained":["WarpedTongs"],"max_hp_gain":0,"max_hp_loss":0,"event_name":"Accursed Blacksmith","floor":22,"gold_loss":0,"cards_obtained":["Pain"]},{"damage_healed":0,"gold_gain":0,"player_choice":"Ignored","damage_taken":0,"max_hp_gain":0,"max_hp_loss":0,"event_name":"Beggar","floor":31,"gold_loss":0},{"damage_healed":0,"gold_gain":0,"player_choice":"Fight","damage_taken":0,"max_hp_gain":0,"max_hp_loss":0,"event_name":"Mysterious Sphere","floor":39,"gold_loss":0},{"damage_healed":0,"gold_gain":0,"player_choice":"Memory 1","damage_taken":0,"max_hp_gain":0,"max_hp_loss":0,"event_name":"SensoryStone","floor":44,"gold_loss":0}],"is_beta":false,"boss_relics":[{"not_picked":["Eternal Feather","Calling Bell"],"picked":"Fusion Hammer"},{"not_picked":["Lizard Tail","Velvet Choker"],"picked":"Snecko Eye"}],"items_purged_floors":[29],"is_endless":false,"potions_floor_spawned":[2,5,6,12,14,24,28,30,35,36,39,41,46],"ascension_level":1}