{"gold_per_floor":[116,130,147,160,175,201,51,51,51,82,102,102,125,163,163,284,284,303,316,340,45,69,69,107,107,107,120,120,146,146,161,161,257,257,277,294,0,0,0,31,31,31,54,54,74,174,174,200,200,200],"floor_reached":50,"playtime":2262,"items_purged":["Strike_B","Strike_B"],"score":647,"play_id":"1171e4b9-ac79-4477-8308-f7b2e55803ae","local_time":"20190221042527","is_ascension_mode":true,"campfire_choices":[{"floor":8,"key":"REST"},{"floor":15,"key":"REST"},{"data":"Zap","floor":23,"key":"SMITH"},{"data":"Consume","floor":28,"key":"SMITH"},{"data":"White Noise","floor":32,"key":"SMITH"},{"data":"Buffer","floor":41,"key":"SMITH"},{"data":"Capacitor","floor":47,"key":"SMITH"},{"floor":49,"key":"REST"}],"neow_cost":"NONE","seed_source_timestamp":97910665986464,"circlet_count":0,"master_deck":["Defend_B+1","Defend_B","Defend_B","Defend_B","Zap+1","Dualcast","Consume+1","Capacitor+1","Hologram","Steam","FTL","Beam Cell","Injury","FTL","Reinforced Body","Self Repair","BootSequence+1","Hologram","White Noise+1","Buffer+1","Go for the Eyes","Trip","Parasite","Leap+1"],"relics":["Cracked Core","Singing Bowl","DataDisk","Torii","Emotion Chip","Bloody Idol","Cables","Busted Crown","Anchor","Ancient Tea Set","Mummified Hand","Centennial Puzzle","Philosopher\u0027s Stone","Bag of Preparation","War Paint","Bag of Marbles","Du-Vu Doll","Toxic Egg 2"],"potions_floor_usage":[6,10,13,14,22,22,29,33,40,42,42,46,50],"damage_taken":[{"damage":0,"enemies":"Cultist","floor":1,"turns":3},{"damage":0,"enemies":"Small Slimes","floor":2,"turns":3},{"damage":9,"enemies":"2 Louse","floor":3,"turns":4},{"damage":8,"enemies":"Exordium Thugs","floor":4,"turns":5},{"damage":4,"enemies":"Blue Slaver","floor":5,"turns":4},{"damage":30,"enemies":"3 Sentries","floor":6,"turns":9},{"damage":8,"enemies":"Lagavulin","floor":10,"turns":5},{"damage":1,"enemies":"3 Louse","floor":11,"turns":2},{"damage":0,"enemies":"Gremlin Gang","floor":13,"turns":3},{"damage":33,"enemies":"Gremlin Nob","floor":14,"turns":4},{"damage":10,"enemies":"The Guardian","floor":16,"turns":8},{"damage":2,"enemies":"Shell Parasite","floor":18,"turns":4},{"damage":16,"enemies":"Spheric Guardian","floor":19,"turns":4},{"damage":13,"enemies":"Snecko","floor":20,"turns":4},{"damage":8,"enemies":"3 Cultists","floor":22,"turns":6},{"damage":23,"enemies":"Slavers","floor":24,"turns":5},{"damage":14,"enemies":"Snake Plant","floor":27,"turns":5},{"damage":13,"enemies":"Book of Stabbing","floor":29,"turns":4},{"damage":14,"enemies":"Snecko","floor":31,"turns":5},{"damage":54,"enemies":"Automaton","floor":33,"turns":9},{"damage":39,"enemies":"3 Darklings","floor":35,"turns":6},{"damage":1,"enemies":"3 Shapes","floor":36,"turns":3},{"damage":32,"enemies":"Giant Head","floor":40,"turns":9},{"damage":0,"enemies":"Reptomancer","floor":42,"turns":7},{"damage":8,"enemies":"Writhing Mass","floor":45,"turns":5},{"damage":19,"enemies":"Mind Bloom Boss Battle","floor":46,"turns":8},{"damage":61,"enemies":"Nemesis","floor":48,"turns":11},{"damage":60,"enemies":"Donu and Deca","floor":50,"turns":9}],"seed_played":"-6680042106184865255","potions_obtained":[{"floor":2,"key":"PowerPotion"},{"floor":3,"key":"EssenceOfSteel"},{"floor":10,"key":"Explosive Potion"},{"floor":11,"key":"Strength Potion"},{"floor":14,"key":"SmokeBomb"},{"floor":16,"key":"Swift Potion"},{"floor":20,"key":"PowerPotion"},{"floor":24,"key":"Dexterity Potion"},{"floor":29,"key":"Regen Potion"},{"floor":33,"key":"LiquidBronze"},{"floor":36,"key":"Explosive Potion"},{"floor":45,"key":"Swift Potion"},{"floor":48,"key":"Block Potion"}],"is_trial":false,"path_per_floor":["M","M","M","M","M","E","$","R","T","E","M","?","M","E","R","B",null,"M","M","M","$","M","R","E","?","T","M","R","E","?","M","R","B",null,"M","M","$","?","$","E","R","E","T","?","M","?","R","E","R","B"],"character_chosen":"DEFECT","items_purchased":["DataDisk","Anchor","Self Repair","Bag of Preparation","Go for the Eyes"],"campfire_rested":3,"item_purchase_floors":[7,21,21,37,37],"current_hp_per_floor":[75,75,66,58,54,24,24,46,46,40,41,41,43,10,34,26,83,83,69,56,56,62,62,46,46,46,46,46,47,47,45,45,18,91,66,72,72,72,72,54,54,61,66,66,72,67,67,18,48,0],"gold":200,"neow_bonus":"REMOVE_CARD","is_prod":false,"is_daily":false,"chose_seed":false,"campfire_upgraded":5,"win_rate":0,"timestamp":1550744727,"path_taken":["M","?","M","M","M","E","$","R","T","E","M","?","M","E","R","BOSS","M","M","M","$","M","R","E","?","T","M","R","E","?","?","R","BOSS","M","M","$","?","$","E","R","E","T","?","?","?","R","E","R","BOSS"],"build_version":"2019-01-23","purchased_purges":2,"victory":false,"max_hp_per_floor":[75,75,75,75,75,75,75,75,75,77,79,79,81,81,81,83,83,85,87,87,87,87,87,87,87,87,89,89,91,91,91,91,91,91,93,95,95,95,95,97,97,97,97,97,99,101,101,101,101,101],"card_choices":[{"not_picked":["Stack","Steam"],"picked":"Consume","floor":1},{"not_picked":["Sweeping Beam","Redo"],"picked":"Capacitor","floor":2},{"not_picked":["Leap","Barrage"],"picked":"Hologram","floor":3},{"not_picked":["Chaos","Hologram"],"picked":"Steam","floor":4},{"not_picked":["Coolheaded","Undo"],"picked":"FTL","floor":5},{"not_picked":["Reprogram","FTL"],"picked":"Beam Cell","floor":6},{"not_picked":["Rebound","Reinforced Body","Auto Shields"],"picked":"Singing Bowl","floor":10},{"not_picked":["Barrage","Rip and Tear","Amplify"],"picked":"Singing Bowl","floor":11},{"not_picked":["Hologram","Force Field","Static Discharge"],"picked":"Singing Bowl","floor":13},{"not_picked":["Sweeping Beam","Skim"],"picked":"FTL","floor":14},{"not_picked":["Biased Cognition","All For One","Hyperbeam"],"picked":"Singing Bowl","floor":16},{"not_picked":["Coolheaded"],"picked":"Singing Bowl","floor":18},{"not_picked":["Blizzard"],"picked":"Singing Bowl","floor":19},{"not_picked":[],"picked":"Reinforced Body","floor":20},{"not_picked":[],"picked":"BootSequence","floor":22},{"not_picked":[],"picked":"Hologram","floor":24},{"not_picked":["Fusion+1"],"picked":"Singing Bowl","floor":27},{"not_picked":["Sweeping Beam+1"],"picked":"Singing Bowl","floor":29},{"not_picked":[],"picked":"White Noise","floor":31},{"not_picked":[],"picked":"Buffer","floor":33},{"not_picked":["Barrage+1"],"picked":"Singing Bowl","floor":35},{"not_picked":["Ball Lightning+1"],"picked":"Singing Bowl","floor":36},{"not_picked":[],"picked":"Trip","floor":38},{"not_picked":["Steam"],"picked":"Singing Bowl","floor":40},{"not_picked":["Doom and Gloom"],"picked":"Singing Bowl","floor":45},{"not_picked":["Turbo"],"picked":"Singing Bowl","floor":46},{"not_picked":[],"picked":"Leap","floor":48}],"player_experience":77354,"relics_obtained":[{"floor":6,"key":"Singing Bowl"},{"floor":9,"key":"Torii"},{"floor":10,"key":"Emotion Chip"},{"floor":14,"key":"Cables"},{"floor":24,"key":"Ancient Tea Set"},{"floor":26,"key":"Mummified Hand"},{"floor":29,"key":"Centennial Puzzle"},{"floor":40,"key":"War Paint"},{"floor":43,"key":"Bag of Marbles"},{"floor":46,"key":"Du-Vu Doll"},{"floor":48,"key":"Toxic Egg 2"}],"event_choices":[{"damage_healed":0,"gold_gain":0,"player_choice":"Take Wound","damage_taken":0,"relics_obtained":["Golden Idol"],"max_hp_gain":0,"max_hp_loss":0,"event_name":"Golden Idol","floor":12,"gold_loss":0,"cards_obtained":["Injury"]},{"damage_healed":0,"gold_gain":0,"player_choice":"Gave Idol","damage_taken":0,"relics_obtained":["Bloody Idol"],"max_hp_gain":0,"max_hp_loss":0,"event_name":"Forgotten Altar","floor":25,"relics_lost":["Golden Idol"],"gold_loss":0},{"damage_healed":0,"gold_gain":0,"player_choice":"Ignored","damage_taken":0,"max_hp_gain":0,"max_hp_loss":0,"event_name":"Ghosts","floor":30,"gold_loss":0},{"damage_healed":0,"gold_gain":0,"player_choice":"Memory 1","damage_taken":0,"max_hp_gain":0,"max_hp_loss":0,"event_name":"SensoryStone","floor":38,"gold_loss":0},{"cards_removed":["Strike_B"],"damage_healed":0,"gold_gain":0,"player_choice":"Purged","damage_taken":0,"max_hp_gain":0,"max_hp_loss":0,"event_name":"Purifier","floor":44,"gold_loss":0},{"damage_healed":0,"gold_gain":0,"player_choice":"Fight","damage_taken":0,"max_hp_gain":0,"max_hp_loss":0,"event_name":"MindBloom","floor":46,"gold_loss":0}],"is_beta":false,"boss_relics":[{"not_picked":["White Beast Statue","Cursed Key"],"picked":"Busted Crown"},{"not_picked":["Empty Cage","Velvet Choker"],"picked":"Philosopher\u0027s Stone"}],"items_purged_floors":[21,37],"is_endless":false,"potions_floor_spawned":[2,3,10,11,14,16,20,24,29,33,36,42,45,48],"killed_by":"Donu and Deca","ascension_level":1}