{"gold_per_floor":[112,131,141,158,176,176,192,192,264,279,297,315,315,315,315,410,410,430,430,440,113,132,132,132],"floor_reached":24,"playtime":2556,"items_purged":["Strike_G"],"score":194,"play_id":"2248c8db-eea1-4606-bd2b-e340ee8545a4","local_time":"20190516210426","is_ascension_mode":false,"campfire_choices":[{"data":"Noxious Fumes","floor":6,"key":"SMITH"},{"floor":8,"key":"REST"},{"floor":15,"key":"REST"},{"floor":23,"key":"REST"}],"neow_cost":"NONE","seed_source_timestamp":125092880522311,"circlet_count":0,"master_deck":["Defend_G","Defend_G","Defend_G","Defend_G","Defend_G","Strike_G","Strike_G","Strike_G","Strike_G","Survivor","Neutralize","Impatience","Footwork","Noxious Fumes+1","Bouncing Flask","Catalyst","Well Laid Plans","Backflip","Envenom","Backflip","Deflect","PiercingWail","Footwork","Bouncing Flask","Flechettes+1","Backflip"],"relics":["Ring of the Snake","Matryoshka","Anchor","Ninja Scroll","Orrery","Girya","Kunai"],"potions_floor_usage":[],"damage_taken":[{"damage":1,"enemies":"Cultist","floor":1,"turns":5},{"damage":6,"enemies":"2 Louse","floor":2,"turns":5},{"damage":0,"enemies":"Jaw Worm","floor":3,"turns":5},{"damage":5,"enemies":"Blue Slaver","floor":4,"turns":4},{"damage":23,"enemies":"Exordium Wildlife","floor":5,"turns":6},{"damage":1,"enemies":"Red Slaver","floor":7,"turns":4},{"damage":0,"enemies":"Blue Slaver","floor":10,"turns":6},{"damage":14,"enemies":"Large Slime","floor":11,"turns":6},{"damage":6,"enemies":"2 Fungi Beasts","floor":12,"turns":4},{"damage":12,"enemies":"The Guardian","floor":16,"turns":9},{"damage":17,"enemies":"3 Byrds","floor":18,"turns":7},{"damage":4,"enemies":"Shell Parasite","floor":20,"turns":6},{"damage":22,"enemies":"Chosen and Byrds","floor":22,"turns":7},{"damage":48,"enemies":"Gremlin Leader","floor":24,"turns":7}],"seed_played":"6456586044338816035","potions_obtained":[{"floor":2,"key":"Strength Potion"},{"floor":3,"key":"Ancient Potion"},{"floor":7,"key":"SpeedPotion"},{"floor":16,"key":"Swift Potion"}],"is_trial":false,"path_per_floor":["M","M","M","M","M","R","M","R","T","M","M","M","?","T","R","B",null,"M","?","M","$","M","R","E"],"character_chosen":"THE_SILENT","items_purchased":["Kunai"],"campfire_rested":3,"item_purchase_floors":[21],"current_hp_per_floor":[69,63,63,58,35,35,34,55,55,55,41,35,35,35,56,44,70,53,53,49,49,27,48,0],"gold":132,"neow_bonus":"RANDOM_COLORLESS","is_prod":false,"is_daily":false,"chose_seed":false,"campfire_upgraded":1,"win_rate":0.0,"timestamp":1558065866,"path_taken":["M","M","M","M","?","R","M","R","T","M","?","?","?","?","R","BOSS","M","?","M","$","M","R","E"],"build_version":"2019-01-23","purchased_purges":1,"victory":false,"max_hp_per_floor":[70,70,70,70,70,70,70,70,70,70,70,70,70,70,70,70,70,70,70,70,70,70,70,70],"card_choices":[{"not_picked":["Acrobatics","Deflect"],"picked":"Footwork","floor":1},{"not_picked":["Poisoned Stab","Outmaneuver"],"picked":"Noxious Fumes","floor":2},{"not_picked":["Dodge and Roll","Noxious Fumes"],"picked":"Bouncing Flask","floor":3},{"not_picked":["Cloak And Dagger","Finisher","Slice"],"picked":"SKIP","floor":4},{"not_picked":["Distraction","Flechettes","Riddle With Holes"],"picked":"SKIP","floor":5},{"not_picked":["Quick Slash","Eviscerate"],"picked":"Catalyst","floor":7},{"not_picked":["Prepared","Blade Dance","Cloak And Dagger"],"picked":"SKIP","floor":10},{"not_picked":["Dagger Spray","Dagger Throw"],"picked":"Well Laid Plans","floor":11},{"not_picked":["Dagger Throw","Reflex"],"picked":"Backflip","floor":12},{"not_picked":["Phantasmal Killer","Venomology"],"picked":"Envenom","floor":16},{"not_picked":["Quick Slash","Flechettes"],"picked":"Backflip","floor":17},{"not_picked":["Endless Agony","Expertise"],"picked":"Deflect","floor":17},{"not_picked":["Prepared","Backflip"],"picked":"PiercingWail","floor":17},{"not_picked":["Poisoned Stab","Deadly Poison"],"picked":"Footwork","floor":17},{"not_picked":["Masterful Stab","Deflect"],"picked":"Bouncing Flask","floor":17},{"not_picked":["Dagger Spray","Terror","Poisoned Stab+1"],"picked":"SKIP","floor":18},{"not_picked":["Glass Knife","Dodge and Roll+1"],"picked":"Flechettes+1","floor":20},{"not_picked":["Catalyst","Dagger Throw"],"picked":"Backflip","floor":22}],"player_experience":93178,"relics_obtained":[{"floor":9,"key":"Matryoshka"},{"floor":14,"key":"Anchor"},{"floor":14,"key":"Ninja Scroll"}],"event_choices":[{"damage_healed":0,"gold_gain":0,"player_choice":"Ignored","damage_taken":0,"max_hp_gain":0,"max_hp_loss":0,"event_name":"Liars Game","floor":13,"gold_loss":0},{"damage_healed":0,"gold_gain":0,"player_choice":"Opened","damage_taken":0,"relics_obtained":["Girya"],"max_hp_gain":0,"max_hp_loss":0,"event_name":"The Mausoleum","floor":19,"gold_loss":0}],"is_beta":false,"boss_relics":[{"not_picked":["Ectoplasm","White Beast Statue"],"picked":"Orrery"}],"items_purged_floors":[21],"is_endless":false,"potions_floor_spawned":[2,3,7,11,16],"killed_by":"Gremlin Leader","ascension_level":0}