{"gold_per_floor":[114,189,364,364,364,364,399,399,447,461,461,3,3,37,37,37],"floor_reached":16,"playtime":212,"items_purged":["Strike_B"],"score":166,"play_id":"4cdce64c-7350-4a30-a84b-470fc7a2d886","local_time":"20190427154728","is_ascension_mode":true,"campfire_choices":[{"data":"Zap","floor":6,"key":"SMITH"},{"floor":8,"key":"REST"},{"floor":13,"key":"REST"},{"floor":15,"key":"REST"}],"neow_cost":"NONE","seed_source_timestamp":908609370862,"circlet_count":0,"master_deck":["AscendersBane","Strike_B","Strike_B","Defend_B","Defend_B","Defend_B","Defend_B+1","Zap+1","Dualcast","Streamline+1","Doubt","Coolheaded","Self Repair","BootSequence","Ball Lightning","Static Discharge"],"relics":["Cracked Core","Vajra","Golden Idol","PreservedInsect","Omamori","Mummified Hand","Pen Nib"],"potions_floor_usage":[],"damage_taken":[{"damage":1,"enemies":"2 Louse","floor":1,"turns":2},{"damage":38,"enemies":"Gremlin Nob","floor":7,"turns":5},{"damage":0,"enemies":"Small Slimes","floor":10,"turns":3},{"damage":18,"enemies":"Lagavulin","floor":14,"turns":4},{"damage":45,"enemies":"Slime Boss","floor":16,"turns":5}],"seed_played":"-7095381567579156880","potions_obtained":[{"floor":10,"key":"Energy Potion"}],"is_trial":false,"path_per_floor":["M","?","?","?","?","R","E","R","T","M","?","$","R","E","R","B"],"character_chosen":"DEFECT","items_purchased":["Mummified Hand","BootSequence","Ball Lightning"],"campfire_rested":3,"item_purchase_floors":[12,12,12],"current_hp_per_floor":[67,56,56,41,41,41,3,23,23,23,16,16,36,25,45,0],"gold":37,"neow_bonus":"RANDOM_COMMON_RELIC","is_prod":false,"is_daily":false,"chose_seed":false,"campfire_upgraded":1,"win_rate":0,"timestamp":1556398048,"path_taken":["M","?","?","?","?","R","E","R","T","?","?","$","R","E","R","BOSS"],"build_version":"2019-01-23","purchased_purges":1,"victory":false,"max_hp_per_floor":[75,75,75,75,69,69,69,69,69,69,69,69,69,69,69,69],"card_choices":[{"not_picked":["Beam Cell","Gash"],"picked":"Streamline","floor":1},{"not_picked":["Chill","Barrage"],"picked":"Coolheaded","floor":7},{"not_picked":["Aggregate","Reprogram"],"picked":"Self Repair","floor":10},{"not_picked":["Ball Lightning","Hologram"],"picked":"Static Discharge","floor":14}],"player_experience":333181,"relics_obtained":[{"floor":7,"key":"PreservedInsect"},{"floor":9,"key":"Omamori"},{"floor":14,"key":"Pen Nib"}],"event_choices":[{"damage_healed":0,"gold_gain":75,"player_choice":"Gather Gold","damage_taken":11,"max_hp_gain":0,"max_hp_loss":0,"event_name":"World of Goop","floor":2,"gold_loss":0},{"damage_healed":0,"gold_gain":175,"player_choice":"AGREE","damage_taken":0,"max_hp_gain":0,"max_hp_loss":0,"event_name":"Liars Game","floor":3,"gold_loss":0,"cards_obtained":["Doubt"]},{"damage_healed":0,"gold_gain":0,"player_choice":"Entered Light","damage_taken":15,"max_hp_gain":0,"max_hp_loss":0,"event_name":"Shining Light","floor":4,"gold_loss":0,"cards_upgraded":["Streamline","Defend_B"]},{"damage_healed":0,"gold_gain":0,"player_choice":"Lose Max HP","damage_taken":0,"relics_obtained":["Golden Idol"],"max_hp_gain":0,"max_hp_loss":6,"event_name":"Golden Idol","floor":5,"gold_loss":0},{"cards_removed":["Strike_B"],"damage_healed":0,"gold_gain":0,"player_choice":"Card Removal","damage_taken":7,"max_hp_gain":0,"max_hp_loss":0,"event_name":"Golden Wing","floor":11,"gold_loss":0}],"is_beta":false,"boss_relics":[],"items_purged_floors":[12],"is_endless":false,"potions_floor_spawned":[10],"killed_by":"Slime Boss","ascension_level":12}