{"gold_per_floor":[113,128,78,90,106,106,131,131,180,180,195,195,207,221,221,317,317,335,335,335,335,38,38,54,54,54,73,84,84,14,14,14,110,110,130,0,17,17,36,36,36,36,83,95,95,110,110,110,110,110],"floor_reached":50,"playtime":5340,"items_purged":["Defend_G"],"score":467,"play_id":"31acbc74-1ab6-4197-9298-b8cbdc8a6e1b","local_time":"20190527012846","is_ascension_mode":false,"campfire_choices":[{"data":"Prepared","floor":6,"key":"SMITH"},{"floor":8,"key":"REST"},{"data":"Neutralize","floor":10,"key":"SMITH"},{"data":"Tactician","floor":12,"key":"SMITH"},{"floor":15,"key":"REST"},{"data":"Envenom","floor":23,"key":"SMITH"},{"data":"Slice","floor":25,"key":"SMITH"},{"floor":29,"key":"REST"},{"data":"Footwork","floor":32,"key":"SMITH"},{"floor":40,"key":"REST"},{"data":"Adrenaline","floor":42,"key":"SMITH"},{"data":"Prepared","floor":45,"key":"SMITH"},{"floor":47,"key":"REST"},{"data":"Blade Dance","floor":49,"key":"SMITH"}],"neow_cost":"NONE","seed_source_timestamp":114785038382200,"circlet_count":0,"master_deck":["Defend_G","Defend_G","Defend_G","Defend_G","Strike_G","Strike_G","Strike_G","Strike_G","Survivor","Neutralize+1","Prepared+1","Slice+1","Tactician+1","Dagger Throw","Envenom+1","Infinite Blades","After Image","Infinite Blades","Deflect+1","Backflip+1","Unload","Footwork+1","Adrenaline+1","Bane","Riddle With Holes+1","After Image","Prepared+1","Slice","Quick Slash+1","Prepared+1","Sadistic Nature","Panacea","Riddle With Holes","Riddle With Holes","Blade Dance+1"],"relics":["Ring of the Serpent","Meat on the Bone","Nloth\u0027s Gift","Snake Skull","Matryoshka","Boot","Orrery","Red Mask","Omamori","Smiling Mask","Vajra"],"potions_floor_usage":[18,50,50],"damage_taken":[{"damage":2,"enemies":"Small Slimes","floor":1,"turns":6},{"damage":0,"enemies":"2 Louse","floor":2,"turns":4},{"damage":1,"enemies":"Cultist","floor":4,"turns":5},{"damage":5,"enemies":"Large Slime","floor":5,"turns":9},{"damage":47,"enemies":"3 Sentries","floor":7,"turns":17},{"damage":8,"enemies":"3 Louse","floor":11,"turns":4},{"damage":0,"enemies":"Blue Slaver","floor":13,"turns":6},{"damage":2,"enemies":"Looter","floor":14,"turns":4},{"damage":59,"enemies":"The Guardian","floor":16,"turns":14},{"damage":0,"enemies":"Chosen","floor":18,"turns":5},{"damage":8,"enemies":"Shell Parasite","floor":24,"turns":6},{"damage":5,"enemies":"Shelled Parasite and Fungi","floor":27,"turns":6},{"damage":19,"enemies":"Sentry and Sphere","floor":28,"turns":8},{"damage":28,"enemies":"Champ","floor":33,"turns":10},{"damage":28,"enemies":"3 Darklings","floor":35,"turns":7},{"damage":3,"enemies":"3 Shapes","floor":37,"turns":6},{"damage":8,"enemies":"Writhing Mass","floor":39,"turns":7},{"damage":0,"enemies":"3 Darklings","floor":44,"turns":6},{"damage":38,"enemies":"4 Shapes","floor":46,"turns":6},{"damage":73,"enemies":"Awakened One","floor":50,"turns":8}],"seed_played":"-1971393269447300019","potions_obtained":[{"floor":1,"key":"Fruit Juice"},{"floor":4,"key":"Regen Potion"},{"floor":5,"key":"SteroidPotion"},{"floor":18,"key":"Energy Potion"},{"floor":46,"key":"SkillPotion"}],"is_trial":false,"path_per_floor":["M","M","?","M","M","R","E","R","T","R","M","R","M","M","R","B",null,"M","?","?","?","$","R","M","R","T","M","M","R","$","?","R","B",null,"M","?","M","?","M","R","?","R","T","M","R","M","R","?","R","B"],"character_chosen":"THE_SILENT","items_purchased":["Snake Skull","Infinite Blades","Footwork"],"campfire_rested":5,"item_purchase_floors":[22,22,30],"current_hp_per_floor":[75,75,75,74,69,69,22,45,45,45,49,49,49,47,70,23,77,82,66,66,66,66,66,58,58,58,53,46,70,70,70,70,42,82,54,54,51,46,50,74,74,74,74,74,74,48,72,72,72,0],"gold":110,"neow_bonus":"TEN_PERCENT_HP_BONUS","is_prod":false,"is_daily":false,"chose_seed":false,"campfire_upgraded":9,"win_rate":0.0,"timestamp":1558934926,"path_taken":["M","M","?","M","M","R","E","R","T","R","M","R","M","M","R","BOSS","M","?","?","?","$","R","M","R","T","M","?","R","$","?","R","BOSS","M","?","M","?","M","R","?","R","T","?","R","M","R","?","R","BOSS"],"build_version":"2019-01-23","purchased_purges":1,"victory":false,"max_hp_per_floor":[77,77,77,77,77,77,77,77,77,77,77,77,77,77,77,77,77,82,82,82,82,82,82,82,82,82,82,82,82,82,82,82,82,82,82,82,82,82,82,82,82,82,82,82,82,82,82,82,82,82],"card_choices":[{"not_picked":["Predator","Deflect"],"picked":"Prepared","floor":1},{"not_picked":["Finisher","Acrobatics"],"picked":"Slice","floor":2},{"not_picked":["Acrobatics","Poisoned Stab"],"picked":"Tactician","floor":4},{"not_picked":["Acrobatics","Dagger Spray"],"picked":"Deflect","floor":5},{"not_picked":["Backflip","Caltrops"],"picked":"Dagger Throw","floor":7},{"not_picked":["Sucker Punch","Flechettes","Blade Dance"],"picked":"SKIP","floor":11},{"not_picked":["Calculated Gamble","Leg Sweep"],"picked":"Envenom","floor":13},{"not_picked":["Noxious Fumes","Bane"],"picked":"Infinite Blades","floor":14},{"not_picked":["Die Die Die","Night Terror"],"picked":"After Image","floor":16},{"not_picked":["Sucker Punch+1","Deadly Poison","Deflect"],"picked":"SKIP","floor":18},{"not_picked":["Dodge and Roll","Bullet Time"],"picked":"Deflect+1","floor":24},{"not_picked":["Dodge and Roll","Poisoned Stab"],"picked":"Backflip+1","floor":27},{"not_picked":["Sucker Punch","Leg Sweep"],"picked":"Unload","floor":28},{"not_picked":["Glass Knife","Burst"],"picked":"Adrenaline","floor":33},{"not_picked":["Deflect","Flying Knee"],"picked":"Bane","floor":34},{"not_picked":["Reflex+1","Deflect+1"],"picked":"Riddle With Holes+1","floor":34},{"not_picked":["Flying Knee","Well Laid Plans"],"picked":"After Image","floor":34},{"not_picked":["Dodge and Roll","Envenom"],"picked":"Prepared","floor":34},{"not_picked":["Reflex","PiercingWail"],"picked":"Slice","floor":34},{"not_picked":["Outmaneuver+1","Flying Knee+1"],"picked":"Quick Slash+1","floor":35},{"not_picked":["Expertise","Heel Hook"],"picked":"Prepared+1","floor":37},{"not_picked":["Trip","Discovery"],"picked":"Sadistic Nature","floor":38},{"not_picked":["PanicButton","The Bomb"],"picked":"Panacea","floor":38},{"not_picked":["PiercingWail","Flying Knee"],"picked":"Riddle With Holes","floor":39},{"not_picked":["Crippling Poison","Deadly Poison+1"],"picked":"Riddle With Holes","floor":44},{"not_picked":["Deflect","Acrobatics+1"],"picked":"Blade Dance","floor":46}],"player_experience":40231,"relics_obtained":[{"floor":7,"key":"Meat on the Bone"},{"floor":9,"key":"PreservedInsect"},{"floor":26,"key":"Matryoshka"},{"floor":43,"key":"Smiling Mask"},{"floor":43,"key":"Vajra"}],"event_choices":[{"cards_removed":["Strike_G"],"damage_healed":0,"gold_gain":0,"player_choice":"Card Removal","damage_taken":0,"max_hp_gain":0,"max_hp_loss":0,"event_name":"The Cleric","floor":3,"gold_loss":50},{"damage_healed":0,"gold_gain":0,"player_choice":"Obtained Book","damage_taken":16,"max_hp_gain":0,"max_hp_loss":0,"event_name":"Cursed Tome","floor":19,"gold_loss":0},{"damage_healed":0,"gold_gain":0,"player_choice":"Ignored","damage_taken":0,"max_hp_gain":0,"max_hp_loss":0,"event_name":"Ghosts","floor":20,"gold_loss":0},{"damage_healed":0,"gold_gain":0,"player_choice":"Traded Relic","damage_taken":0,"relics_obtained":["Nloth\u0027s Gift"],"max_hp_gain":0,"max_hp_loss":0,"event_name":"N\u0027loth","floor":21,"relics_lost":["PreservedInsect"],"gold_loss":0},{"damage_healed":0,"gold_gain":0,"player_choice":"Opened","damage_taken":0,"relics_obtained":["Boot"],"max_hp_gain":0,"max_hp_loss":0,"event_name":"The Mausoleum","floor":31,"gold_loss":0},{"damage_healed":0,"gold_gain":0,"player_choice":"Paid","damage_taken":0,"relics_obtained":["Red Mask"],"max_hp_gain":0,"max_hp_loss":0,"event_name":"Tomb of Lord Red Mask","floor":36,"gold_loss":130},{"damage_healed":0,"gold_gain":0,"player_choice":"Memory 2","damage_taken":5,"max_hp_gain":0,"max_hp_loss":0,"event_name":"SensoryStone","floor":38,"gold_loss":0},{"damage_healed":0,"gold_gain":0,"player_choice":"Gave Potion","damage_taken":0,"relics_obtained":["Omamori"],"max_hp_gain":0,"max_hp_loss":0,"event_name":"WeMeetAgain","floor":41,"gold_loss":0},{"cards_removed":["Deflect"],"damage_healed":0,"gold_gain":0,"player_choice":"Removed Skill","damage_taken":0,"max_hp_gain":0,"max_hp_loss":0,"event_name":"Falling","floor":48,"gold_loss":0}],"is_beta":false,"boss_relics":[{"not_picked":["Busted Crown","Velvet Choker"],"picked":"Ring of the Serpent"},{"not_picked":["Sozu","Empty Cage"],"picked":"Orrery"}],"items_purged_floors":[22],"is_endless":false,"potions_floor_spawned":[1,4,5,13,18,24,28,39,46],"killed_by":"Awakened One","ascension_level":0}