{"gold_per_floor":[116,116,12,26,43,43,70,70,70,70,84,84,97,97,97,197,197,209,209,134,152,77,77,92,92,146,146,163,163,181,200,200,301,301,314,325,325,336,352,352,372,372,450,462,462,562,575,62,62,62],"floor_reached":50,"playtime":3549,"items_purged":["Defend_G","Defend_G"],"score":446,"play_id":"d4287aeb-6062-4fbb-b25c-29f2abec1984","local_time":"20190527025807","is_ascension_mode":false,"campfire_choices":[{"data":"Prepared","floor":6,"key":"SMITH"},{"floor":8,"key":"REST"},{"data":"Neutralize","floor":10,"key":"SMITH"},{"floor":15,"key":"REST"},{"data":"Prepared","floor":23,"key":"SMITH"},{"data":"Calculated Gamble","floor":25,"key":"SMITH"},{"data":"Tools of the Trade","floor":27,"key":"SMITH"},{"data":"Calculated Gamble","floor":29,"key":"SMITH"},{"floor":32,"key":"REST"},{"floor":40,"key":"REST"},{"floor":42,"key":"REST"},{"floor":45,"key":"REST"},{"floor":49,"key":"REST"}],"neow_cost":"NONE","seed_source_timestamp":121945530508200,"circlet_count":0,"master_deck":["Defend_G","Defend_G","Strike_G","Strike_G","Strike_G","Survivor","Neutralize+1","Prepared+1","Acrobatics","Underhanded Strike","Calculated Gamble+1","Tools of the Trade+1","Finisher","Unload","Prepared+1","Underhanded Strike","Calculated Gamble+1","Expertise","A Thousand Cuts","Reflex","Acrobatics"],"relics":["Ring of the Serpent","Tingsha","Darkstone Periapt","Ginger","Blood Vial","Tiny Chest","Fusion Hammer","Mercury Hourglass","Bronze Scales","Pear"],"potions_floor_usage":[33,33,33,33,39,50,50,50],"damage_taken":[{"damage":0,"enemies":"2 Louse","floor":1,"turns":5},{"damage":1,"enemies":"Jaw Worm","floor":4,"turns":7},{"damage":0,"enemies":"Cultist","floor":5,"turns":4},{"damage":13,"enemies":"Lagavulin","floor":7,"turns":5},{"damage":4,"enemies":"Large Slime","floor":11,"turns":5},{"damage":13,"enemies":"Lots of Slimes","floor":13,"turns":3},{"damage":32,"enemies":"Slime Boss","floor":16,"turns":10},{"damage":3,"enemies":"Shell Parasite","floor":18,"turns":4},{"damage":0,"enemies":"Spheric Guardian","floor":21,"turns":3},{"damage":17,"enemies":"Chosen and Byrds","floor":24,"turns":4},{"damage":17,"enemies":"3 Cultists","floor":28,"turns":4},{"damage":9,"enemies":"Snake Plant","floor":30,"turns":3},{"damage":13,"enemies":"Cultist and Chosen","floor":31,"turns":4},{"damage":40,"enemies":"Collector","floor":33,"turns":6},{"damage":11,"enemies":"Orb Walker","floor":35,"turns":2},{"damage":20,"enemies":"3 Darklings","floor":36,"turns":3},{"damage":6,"enemies":"Spire Growth","floor":38,"turns":3},{"damage":29,"enemies":"Jaw Worm Horde","floor":39,"turns":3},{"damage":13,"enemies":"3 Darklings","floor":41,"turns":3},{"damage":11,"enemies":"Writhing Mass","floor":44,"turns":4},{"damage":7,"enemies":"Spire Growth","floor":47,"turns":2},{"damage":87,"enemies":"Time Eater","floor":50,"turns":6}],"seed_played":"-536155149002672320","potions_obtained":[{"floor":4,"key":"SkillPotion"},{"floor":12,"key":"EntropicBrew"},{"floor":12,"key":"SteroidPotion"},{"floor":24,"key":"Fire Potion"},{"floor":30,"key":"Swift Potion"},{"floor":36,"key":"SkillPotion"},{"floor":41,"key":"Dexterity Potion"}],"is_trial":false,"path_per_floor":["M","?","?","M","M","R","E","R","T","R","M","?","M","?","R","B",null,"M","?","?","M","$","R","M","R","T","R","M","R","M","M","R","B",null,"M","M","?","M","M","R","M","R","T","M","R","?","M","$","R","B"],"character_chosen":"THE_SILENT","items_purchased":["Bronze Scales","Pear"],"campfire_rested":7,"item_purchase_floors":[48,48],"current_hp_per_floor":[70,63,63,62,62,62,49,70,70,70,66,66,53,46,67,37,70,67,67,67,69,69,69,53,53,53,53,38,38,31,20,41,3,70,59,41,34,30,3,24,13,34,34,25,46,46,41,51,75,0],"gold":62,"neow_bonus":"REMOVE_CARD","is_prod":false,"is_daily":false,"chose_seed":false,"campfire_upgraded":6,"win_rate":0.0,"timestamp":1558940287,"path_taken":["M","?","?","M","?","R","E","R","T","R","M","?","?","?","R","BOSS","M","?","?","M","$","R","M","R","T","R","M","R","M","M","R","BOSS","M","M","?","?","?","R","M","R","T","M","R","?","?","$","R","BOSS"],"build_version":"2019-01-23","purchased_purges":2,"victory":false,"max_hp_per_floor":[70,70,70,70,70,70,70,70,70,70,70,70,70,70,70,70,70,70,70,70,70,70,70,70,70,70,70,70,70,70,70,70,70,70,70,70,70,70,70,70,70,70,70,70,70,70,70,80,80,80],"card_choices":[{"not_picked":["Choke","Bane"],"picked":"Prepared","floor":1},{"not_picked":["Blur","Quick Slash"],"picked":"Acrobatics","floor":4},{"not_picked":["Sucker Punch","Catalyst"],"picked":"Underhanded Strike","floor":5},{"not_picked":["Outmaneuver","Crippling Poison"],"picked":"Calculated Gamble","floor":7},{"not_picked":["Well Laid Plans","Acrobatics"],"picked":"Tools of the Trade","floor":11},{"not_picked":["PiercingWail","Flying Knee"],"picked":"Finisher","floor":13},{"not_picked":["Corpse Explosion","Venomology"],"picked":"Unload","floor":16},{"not_picked":["PiercingWail","Masterful Stab","Deflect"],"picked":"SKIP","floor":18},{"not_picked":["PiercingWail+1","Backflip"],"picked":"Prepared","floor":21},{"not_picked":["Endless Agony+1","PiercingWail+1"],"picked":"Underhanded Strike","floor":24},{"not_picked":["Flying Knee","Prepared"],"picked":"Calculated Gamble","floor":28},{"not_picked":["All Out Attack","Acrobatics+1"],"picked":"Expertise","floor":30},{"not_picked":["Dagger Spray+1","Dodge and Roll+1","Slice+1"],"picked":"SKIP","floor":31},{"not_picked":["Envenom","Burst"],"picked":"A Thousand Cuts","floor":33},{"not_picked":["Backflip","Bouncing Flask","All Out Attack+1"],"picked":"SKIP","floor":35},{"not_picked":["Dodge and Roll+1","Slice+1"],"picked":"Reflex","floor":36},{"not_picked":["Flying Knee+1","Caltrops","PiercingWail+1"],"picked":"SKIP","floor":38},{"not_picked":["Heel Hook","Leg Sweep","Flying Knee"],"picked":"SKIP","floor":39},{"not_picked":["Quick Slash","Outmaneuver","Predator+1"],"picked":"SKIP","floor":41},{"not_picked":["Backflip+1","Unload","PiercingWail"],"picked":"SKIP","floor":44},{"not_picked":["Outmaneuver","Poisoned Stab+1"],"picked":"Acrobatics","floor":47}],"player_experience":47223,"relics_obtained":[{"floor":7,"key":"Darkstone Periapt"},{"floor":9,"key":"Ginger"},{"floor":26,"key":"Tiny Chest"},{"floor":43,"key":"Mercury Hourglass"}],"event_choices":[{"cards_removed":["Strike_G"],"damage_healed":0,"gold_gain":0,"player_choice":"Card Removal","damage_taken":7,"max_hp_gain":0,"max_hp_loss":0,"event_name":"Golden Wing","floor":2,"gold_loss":0},{"damage_healed":0,"gold_gain":0,"player_choice":"Paid Gold","damage_taken":0,"relics_obtained":["Tingsha"],"max_hp_gain":0,"max_hp_loss":0,"event_name":"WeMeetAgain","floor":3,"gold_loss":104},{"damage_healed":0,"gold_gain":0,"player_choice":"Got Potions","damage_taken":0,"max_hp_gain":0,"max_hp_loss":0,"event_name":"Lab","floor":12,"gold_loss":0},{"damage_healed":0,"gold_gain":0,"player_choice":"Success","damage_taken":7,"relics_obtained":["Blood Vial"],"max_hp_gain":0,"max_hp_loss":0,"event_name":"Scrap Ooze","floor":14,"gold_loss":0},{"damage_healed":0,"gold_gain":0,"player_choice":"Ignored","damage_taken":0,"max_hp_gain":0,"max_hp_loss":0,"event_name":"Vampires","floor":19,"gold_loss":0},{"cards_removed":["Defend_G"],"damage_healed":0,"gold_gain":0,"player_choice":"Gave Gold","damage_taken":0,"max_hp_gain":0,"max_hp_loss":0,"event_name":"Beggar","floor":20,"gold_loss":75},{"damage_healed":0,"gold_gain":0,"player_choice":"Damaged","damage_taken":7,"max_hp_gain":0,"max_hp_loss":0,"event_name":"Wheel of Change","floor":37,"gold_loss":0},{"damage_healed":0,"gold_gain":100,"player_choice":"Pray","damage_taken":0,"max_hp_gain":0,"max_hp_loss":0,"event_name":"Golden Shrine","floor":46,"gold_loss":0}],"is_beta":false,"boss_relics":[{"not_picked":["Tiny House","Sozu"],"picked":"Ring of the Serpent"},{"not_picked":["Coffee Dripper","Runic Dome"],"picked":"Fusion Hammer"}],"items_purged_floors":[22,48],"is_endless":false,"potions_floor_spawned":[4,13,24,30,31,36,41,47],"killed_by":"Time Eater","ascension_level":0}