{"gold_per_floor":[114,22,97,112,132,158,158,192,192,223,223,240,253,253,253,330,330,349,369,384,18,18,18,18],"floor_reached":24,"playtime":530,"items_purged":["Strike_B"],"score":492,"play_id":"4d28206b-cde1-41e3-be48-65b3948c72cf","local_time":"20190513010312","is_ascension_mode":true,"campfire_choices":[{"floor":7.0,"key":"REST"},{"floor":15.0,"key":"REST"},{"floor":23.0,"key":"REST"}],"neow_cost":"NONE","seed_source_timestamp":1329860227303227,"circlet_count":0,"master_deck":["AscendersBane","Strike_B","Strike_B","Strike_B","Defend_B","Defend_B","Defend_B","Defend_B","Zap","Dualcast","Rebound","Sunder","Gash","Beam Cell","Rip and Tear","Reinforced Body","Hyperbeam+1","Go for the Eyes","Self Repair","Machine Learning","Cold Snap","Conserve Battery","Apotheosis","Steam","Gash","Necronomicurse"],"special_seed":0,"relics":["Velvet Choker","Strawberry","Gremlin Horn","Pantograph","Mercury Hourglass","Orrery","Necronomicon"],"potions_floor_usage":[24,24],"damage_taken":[{"damage":1.0,"enemies":"Cultist","floor":1.0,"turns":4.0},{"damage":4.0,"enemies":"Jaw Worm","floor":4.0,"turns":3.0},{"damage":2.0,"enemies":"2 Louse","floor":5.0,"turns":2.0},{"damage":26.0,"enemies":"Gremlin Nob","floor":6.0,"turns":4.0},{"damage":15.0,"enemies":"Lagavulin","floor":8.0,"turns":6.0},{"damage":8.0,"enemies":"Gremlin Nob","floor":10.0,"turns":3.0},{"damage":3.0,"enemies":"Gremlin Gang","floor":12.0,"turns":3.0},{"damage":10.0,"enemies":"Lots of Slimes","floor":13.0,"turns":2.0},{"damage":0.0,"enemies":"Slime Boss","floor":16.0,"turns":5.0},{"damage":12.0,"enemies":"2 Thieves","floor":18.0,"turns":2.0},{"damage":28.0,"enemies":"Shell Parasite","floor":19.0,"turns":4.0},{"damage":2.0,"enemies":"Centurion and Healer","floor":20.0,"turns":3.0},{"damage":45,"enemies":"Slavers","floor":24,"turns":3}],"seed_played":"-1763759701304802762","potions_obtained":[{"floor":5.0,"key":"GamblersBrew"},{"floor":6.0,"key":"Dexterity Potion"},{"floor":13.0,"key":"FocusPotion"}],"is_trial":false,"path_per_floor":["M","$","?","M","M","E","R","E","T","E","?","M","M","?","R","B",null,"M","M","M","$","?","R","E"],"character_chosen":"DEFECT","items_purchased":["Sunder","Gash","Apotheosis","Steam","Gash"],"campfire_rested":3,"item_purchase_floors":[2,2,21,21,21],"current_hp_per_floor":[63,63,52,48,46,27,50,35,35,27,27,24,14,14,37,69,76,64,36,41,41,20,43,0],"gold":18,"neow_bonus":"BOSS_RELIC","is_prod":false,"is_daily":false,"chose_seed":false,"campfire_upgraded":0,"win_rate":0,"timestamp":1557727392,"path_taken":["M","$","?","M","M","E","R","E","T","E","?","?","M","?","R","BOSS","M","M","?","?","?","R","E"],"build_version":"2019-01-23","purchased_purges":1,"victory":false,"max_hp_per_floor":[71,71,71,71,71,78,78,78,78,78,78,78,78,78,78,78,78,78,78,78,78,78,78,78],"card_choices":[{"not_picked":["Redo","Turbo"],"picked":"Rebound","floor":1.0},{"not_picked":["Scrape","Hologram"],"picked":"Beam Cell","floor":4.0},{"not_picked":["Hologram","Redo"],"picked":"Rip and Tear","floor":5.0},{"not_picked":["Go for the Eyes","Steam"],"picked":"Reinforced Body","floor":6.0},{"not_picked":["Stack","Redo"],"picked":"Hyperbeam","floor":8.0},{"not_picked":["Static Discharge","Darkness","Streamline"],"picked":"SKIP","floor":10.0},{"not_picked":["Sunder","Redo"],"picked":"Go for the Eyes","floor":12.0},{"not_picked":["Turbo","Capacitor"],"picked":"Self Repair","floor":13.0},{"not_picked":["Core Surge","Multi-Cast"],"picked":"Machine Learning","floor":16.0},{"not_picked":["Conserve Battery","Compile Driver"],"picked":"Cold Snap","floor":17.0},{"not_picked":["Hello World","Static Discharge"],"picked":"Conserve Battery","floor":17.0},{"not_picked":["Undo","Rip and Tear","Aggregate"],"picked":"SKIP","floor":18.0},{"not_picked":["Scrape+1","Cold Snap","Multi-Cast"],"picked":"SKIP","floor":19.0},{"not_picked":["Redo","Chaos","Turbo"],"picked":"SKIP","floor":20.0}],"player_experience":413701,"relics_obtained":[{"floor":6.0,"key":"Strawberry"},{"floor":8.0,"key":"Gremlin Horn"},{"floor":9.0,"key":"Pantograph"},{"floor":10.0,"key":"Mercury Hourglass"},{"floor":22.0,"key":"Necronomicon"}],"event_choices":[{"damage_healed":0.0,"max_hp_gain":0.0,"max_hp_loss":0.0,"gold_gain":75.0,"event_name":"World of Goop","player_choice":"Gather Gold","floor":3.0,"gold_loss":0.0,"damage_taken":11.0},{"damage_healed":0.0,"max_hp_gain":0.0,"max_hp_loss":0.0,"gold_gain":0.0,"event_name":"Shining Light","player_choice":"Ignored","floor":11.0,"gold_loss":0.0,"damage_taken":0.0},{"damage_healed":0.0,"max_hp_gain":0.0,"max_hp_loss":0.0,"gold_gain":0.0,"event_name":"Upgrade Shrine","player_choice":"Upgraded","floor":14.0,"gold_loss":0.0,"damage_taken":0.0,"cards_upgraded":["Hyperbeam"]},{"damage_healed":0.0,"max_hp_gain":0.0,"max_hp_loss":0.0,"gold_gain":0.0,"event_name":"Cursed Tome","player_choice":"Obtained Book","floor":22.0,"gold_loss":0.0,"damage_taken":21.0}],"is_beta":false,"boss_relics":[{"not_picked":["Calling Bell","Runic Dome"],"picked":"Orrery"}],"items_purged_floors":[21],"is_endless":false,"potions_floor_spawned":[5,6,13,19],"killed_by":"Slavers","ascension_level":17}