{"gold_per_floor":[11,28,43,62,73,73,100,100,123,123,48,28,43,66,66,164,164,176,194,194,213,231,231,242,242,265,281,281,281,281,295,295,295],"floor_reached":33,"playtime":10120,"items_purged":["Strike_G"],"score":251,"play_id":"89863090-e475-4d7e-b56e-e4e59870f8ad","local_time":"20190520210450","is_ascension_mode":false,"campfire_choices":[{"data":"Cloak And Dagger","floor":6,"key":"SMITH"},{"data":"Sucker Punch","floor":8,"key":"SMITH"},{"data":"Flying Knee","floor":10,"key":"SMITH"},{"data":"Accuracy","floor":15,"key":"SMITH"},{"floor":23,"key":"REST"},{"floor":25,"key":"REST"},{"data":"Phantasmal Killer","floor":28,"key":"SMITH"},{"floor":30,"key":"REST"},{"floor":32,"key":"REST"}],"neow_cost":"NO_GOLD","seed_source_timestamp":293814951930398,"circlet_count":0,"master_deck":["Defend_G","Defend_G","Defend_G","Strike_G","Strike_G","Strike_G","Strike_G","Survivor","Neutralize","Blur","Cloak And Dagger+1","Reflex","Sucker Punch+1","Flying Knee+1","Accuracy+1","Backflip","Infinite Blades","Phantasmal Killer+1","Dodge and Roll+1","Acrobatics+1","Deflect","Backflip+1","Dagger Spray","Sucker Punch","Grand Finale","Flechettes"],"relics":["Ring of the Snake","Incense Burner","Ancient Tea Set","Vajra","Odd Mushroom","Runic Pyramid","Smiling Mask"],"potions_floor_usage":[],"damage_taken":[{"damage":2,"enemies":"Jaw Worm","floor":1,"turns":4},{"damage":0,"enemies":"2 Louse","floor":2,"turns":2},{"damage":0,"enemies":"Cultist","floor":3,"turns":4},{"damage":2,"enemies":"Lots of Slimes","floor":4,"turns":6},{"damage":8,"enemies":"Exordium Wildlife","floor":5,"turns":10},{"damage":18,"enemies":"3 Sentries","floor":7,"turns":11},{"damage":0,"enemies":"Looter","floor":13,"turns":3},{"damage":1,"enemies":"The Mushroom Lair","floor":14,"turns":4},{"damage":26,"enemies":"The Guardian","floor":16,"turns":10},{"damage":0,"enemies":"Chosen","floor":18,"turns":3},{"damage":7,"enemies":"3 Byrds","floor":19,"turns":6},{"damage":22,"enemies":"Snecko","floor":21,"turns":8},{"damage":20,"enemies":"Snake Plant","floor":22,"turns":6},{"damage":8,"enemies":"Cultist and Chosen","floor":24,"turns":8},{"damage":12,"enemies":"Shelled Parasite and Fungi","floor":27,"turns":7},{"damage":11,"enemies":"Snake Plant","floor":31,"turns":5},{"damage":68,"enemies":"Automaton","floor":33,"turns":6}],"seed_played":"-6690242120085167447","potions_obtained":[{"floor":1,"key":"Swift Potion"},{"floor":4,"key":"PowerPotion"},{"floor":5,"key":"GhostInAJar"},{"floor":13,"key":"LiquidBronze"}],"is_trial":false,"path_per_floor":["M","M","M","M","M","R","E","R","T","R","$","?","M","?","R","B",null,"M","M","?","M","M","R","M","R","T","M","R","?","R","M","R","B"],"character_chosen":"THE_SILENT","items_purchased":[],"campfire_rested":4,"item_purchase_floors":[],"current_hp_per_floor":[68,68,68,66,58,58,40,40,40,40,40,40,40,39,39,13,70,70,63,56,34,14,35,27,48,48,36,36,36,57,46,67,0],"gold":295,"neow_bonus":"ONE_RARE_RELIC","is_prod":false,"is_daily":false,"chose_seed":false,"campfire_upgraded":5,"win_rate":0,"timestamp":1558411490,"path_taken":["M","M","M","M","M","R","E","R","T","R","$","?","M","?","R","BOSS","M","M","?","?","M","R","?","R","T","M","R","?","R","M","R","BOSS"],"build_version":"2019-01-23","purchased_purges":1,"victory":false,"max_hp_per_floor":[70,70,70,70,70,70,70,70,70,70,70,70,70,70,70,70,70,70,70,70,70,70,70,70,70,70,70,70,70,70,70,70,70],"card_choices":[{"not_picked":["All Out Attack","Slice"],"picked":"Blur","floor":1},{"not_picked":["Catalyst","Backstab"],"picked":"Cloak And Dagger","floor":2},{"not_picked":["Expertise","Dodge and Roll"],"picked":"Reflex","floor":3},{"not_picked":["Prepared","Deflect"],"picked":"Sucker Punch","floor":4},{"not_picked":["Poisoned Stab","Blade Dance"],"picked":"Flying Knee","floor":5},{"not_picked":["Escape Plan","Quick Slash"],"picked":"Accuracy","floor":7},{"not_picked":["Deadly Poison","Slice"],"picked":"Backflip","floor":13},{"not_picked":["PiercingWail","Backflip"],"picked":"Infinite Blades","floor":14},{"not_picked":["Glass Knife","Unload"],"picked":"Phantasmal Killer","floor":16},{"not_picked":["Poisoned Stab","PiercingWail"],"picked":"Dodge and Roll+1","floor":18},{"not_picked":["Bane","Poisoned Stab"],"picked":"Acrobatics+1","floor":19},{"not_picked":["Choke","Sucker Punch"],"picked":"Deflect","floor":21},{"not_picked":["Well Laid Plans","Dagger Spray"],"picked":"Backflip+1","floor":22},{"not_picked":["Bane+1","Accuracy","Heel Hook+1"],"picked":"SKIP","floor":24},{"not_picked":["Eviscerate","Blade Dance"],"picked":"Dagger Spray","floor":27},{"not_picked":["Flying Knee","All Out Attack+1"],"picked":"Flechettes","floor":31}],"player_experience":220869,"relics_obtained":[{"floor":7,"key":"Ancient Tea Set"},{"floor":9,"key":"Vajra"},{"floor":14,"key":"Odd Mushroom"},{"floor":26,"key":"Smiling Mask"}],"event_choices":[{"damage_healed":0,"gold_gain":0,"player_choice":"Left Gold","damage_taken":0,"max_hp_gain":0,"max_hp_loss":0,"event_name":"World of Goop","floor":12,"gold_loss":20},{"damage_healed":0,"gold_gain":0,"player_choice":"Fought Mushrooms","damage_taken":0,"max_hp_gain":0,"max_hp_loss":0,"event_name":"Mushrooms","floor":14,"gold_loss":0},{"damage_healed":0,"gold_gain":0,"player_choice":"","damage_taken":7,"max_hp_gain":0,"max_hp_loss":0,"event_name":"Knowing Skull","floor":20,"potions_obtained":[],"gold_loss":0,"cards_obtained":[]},{"damage_healed":0,"gold_gain":0,"cards_transformed":["Defend_G","Defend_G"],"player_choice":"Became Test Subject","damage_taken":0,"max_hp_gain":0,"max_hp_loss":0,"event_name":"Drug Dealer","floor":29,"gold_loss":0,"cards_obtained":["Sucker Punch","Grand Finale"]}],"is_beta":false,"boss_relics":[{"not_picked":["Black Star","Runic Dome"],"picked":"Runic Pyramid"}],"items_purged_floors":[11],"is_endless":false,"potions_floor_spawned":[1,4,5,7,13,18,19,31],"killed_by":"Automaton","ascension_level":0}