{"gold_per_floor":[109,122,137,102,102,131,131,166,166,166,192,192,206,233,233,233],"floor_reached":16,"playtime":591,"items_purged":[],"score":179,"play_id":"00bac22f-7a27-4603-a0c8-126d43868e4e","local_time":"20190405190218","is_ascension_mode":true,"campfire_choices":[{"floor":7,"key":"REST"},{"floor":10,"key":"REST"},{"data":"Glass Knife","floor":15,"key":"SMITH"}],"neow_cost":"NONE","seed_source_timestamp":1709044490754715,"circlet_count":0,"master_deck":["Defend_G","Defend_G","Defend_G","Defend_G","Defend_G","Strike_G","Strike_G","Strike_G","Strike_G","Survivor","Neutralize+1","Deadly Poison","Backflip","Glass Knife+1","PiercingWail","Outmaneuver","Bouncing Flask","Riddle With Holes+1","Backstab+1"],"relics":["Ring of the Snake","Blood Vial","Meat on the Bone","Vajra","Question Card","Molten Egg 2","Omamori"],"potions_floor_usage":[14],"damage_taken":[{"damage":0,"enemies":"2 Louse","floor":1,"turns":3},{"damage":2,"enemies":"Jaw Worm","floor":2,"turns":3},{"damage":6,"enemies":"Small Slimes","floor":3,"turns":6},{"damage":37,"enemies":"3 Sentries","floor":6,"turns":14},{"damage":35,"enemies":"Gremlin Nob","floor":8,"turns":5},{"damage":34,"enemies":"3 Sentries","floor":11,"turns":14},{"damage":0,"enemies":"Looter","floor":13,"turns":3},{"damage":12,"enemies":"Lagavulin","floor":14,"turns":5},{"damage":37,"enemies":"Slime Boss","floor":16,"turns":8}],"seed_played":"-3130150846733025958","potions_obtained":[{"floor":6,"key":"Ancient Potion"},{"floor":11,"key":"Weak Potion"},{"floor":13,"key":"Energy Potion"}],"is_trial":false,"path_per_floor":["M","M","M","?","?","E","R","E","T","R","E","T","M","E","R","B"],"character_chosen":"THE_SILENT","items_purchased":[],"campfire_rested":2,"item_purchase_floors":[],"current_hp_per_floor":[63,61,55,70,63,26,47,14,14,35,15,15,29,31,31,0],"gold":233,"neow_bonus":"UPGRADE_CARD","is_prod":false,"is_daily":false,"chose_seed":false,"campfire_upgraded":1,"win_rate":0,"timestamp":1554508938,"path_taken":["M","M","M","?","?","E","R","E","T","R","E","?","?","E","R","BOSS"],"build_version":"2019-01-23","purchased_purges":0,"victory":false,"max_hp_per_floor":[70,70,70,70,70,70,70,70,70,70,70,70,70,70,70,70],"card_choices":[{"not_picked":["Acrobatics","Dagger Spray"],"picked":"Deadly Poison","floor":1},{"not_picked":["Blade Dance","Calculated Gamble"],"picked":"Backflip","floor":2},{"not_picked":["Cloak And Dagger","Poisoned Stab"],"picked":"Glass Knife","floor":3},{"not_picked":["Quick Slash","Outmaneuver"],"picked":"PiercingWail","floor":6},{"not_picked":["Flechettes","Reflex"],"picked":"Outmaneuver","floor":8},{"not_picked":["Poisoned Stab","Cloak And Dagger"],"picked":"Bouncing Flask","floor":11},{"not_picked":["Poisoned Stab+1","Underhanded Strike+1","Reflex"],"picked":"Riddle With Holes+1","floor":13},{"not_picked":["Bane+1","Calculated Gamble","Flying Knee+1"],"picked":"Backstab+1","floor":14}],"player_experience":288105,"relics_obtained":[{"floor":6,"key":"Blood Vial"},{"floor":8,"key":"Meat on the Bone"},{"floor":9,"key":"Vajra"},{"floor":11,"key":"Question Card"},{"floor":12,"key":"Molten Egg 2"},{"floor":14,"key":"Omamori"}],"event_choices":[{"damage_healed":17,"gold_gain":0,"player_choice":"Healed","damage_taken":0,"max_hp_gain":0,"max_hp_loss":0,"event_name":"The Cleric","floor":4,"gold_loss":35},{"cards_removed":["Strike_G"],"damage_healed":0,"gold_gain":0,"player_choice":"Card Removal","damage_taken":7,"max_hp_gain":0,"max_hp_loss":0,"event_name":"Golden Wing","floor":5,"gold_loss":0}],"is_beta":false,"boss_relics":[],"items_purged_floors":[],"is_endless":false,"potions_floor_spawned":[6,11,13],"killed_by":"Slime Boss","ascension_level":8}