{"gold_per_floor":[116,116,131,131,131,172,172,212,261,261,261],"floor_reached":11,"playtime":356,"items_purged":[],"score":138,"play_id":"c967f0a6-d05b-4ab0-bcac-8aed1ab746ab","local_time":"20190510024559","is_ascension_mode":true,"campfire_choices":[],"neow_cost":"NONE","seed_source_timestamp":1077097754437125,"circlet_count":0,"master_deck":["AscendersBane","Strike_B","Strike_B+1","Strike_B","Defend_B","Defend_B","Defend_B","Defend_B","Zap","Dualcast+1","Coolheaded","Sunder","Leap","BootSequence","Steam","Static Discharge","Cold Snap","Undo","Hologram"],"relics":["Orrery","Dream Catcher","Golden Idol","Blue Candle","Emotion Chip","Pen Nib"],"potions_floor_usage":[8,11],"damage_taken":[{"damage":0,"enemies":"Cultist","floor":1,"turns":3},{"damage":1,"enemies":"Small Slimes","floor":3,"turns":4},{"damage":18,"enemies":"Lagavulin","floor":6,"turns":9},{"damage":2,"enemies":"3 Sentries","floor":8,"turns":11},{"damage":35,"enemies":"Gremlin Nob","floor":11,"turns":4}],"seed_played":"-6383383791334767379","potions_obtained":[{"floor":3,"key":"EssenceOfSteel"},{"floor":8,"key":"EssenceOfSteel"}],"is_trial":false,"path_per_floor":["M","?","M","?","?","E","?","E","T","?","E"],"character_chosen":"DEFECT","items_purchased":[],"campfire_rested":0,"item_purchase_floors":[],"current_hp_per_floor":[64,46,45,68,64,46,27,25,25,25,0],"gold":261,"neow_bonus":"BOSS_RELIC","is_prod":false,"is_daily":false,"chose_seed":false,"campfire_upgraded":0,"win_rate":0,"timestamp":1557474359,"path_taken":["M","?","M","?","?","E","?","E","T","?","E"],"build_version":"2019-01-23","purchased_purges":0,"victory":false,"max_hp_per_floor":[71,71,71,71,64,64,64,64,64,64,64],"card_choices":[{"not_picked":["FTL","Turbo"],"picked":"Coolheaded","floor":0},{"not_picked":["Storm","Conserve Battery"],"picked":"Sunder","floor":0},{"not_picked":["Conserve Battery","Force Field"],"picked":"Leap","floor":0},{"not_picked":["Conserve Battery","Ball Lightning"],"picked":"BootSequence","floor":0},{"not_picked":["Hologram","Streamline"],"picked":"Steam","floor":0},{"not_picked":["Rip and Tear","Redo"],"picked":"Static Discharge","floor":1},{"not_picked":["Consume","Loop"],"picked":"Cold Snap","floor":3},{"not_picked":["Consume","Loop"],"picked":"Undo","floor":6},{"not_picked":["Double Energy","Hyperbeam"],"picked":"Hologram","floor":8}],"player_experience":390322,"relics_obtained":[{"floor":6,"key":"Blue Candle"},{"floor":8,"key":"Emotion Chip"},{"floor":9,"key":"Pen Nib"}],"event_choices":[{"damage_healed":0,"gold_gain":0,"player_choice":"Success","damage_taken":18,"relics_obtained":["Dream Catcher"],"max_hp_gain":0,"max_hp_loss":0,"event_name":"Scrap Ooze","floor":2,"gold_loss":0},{"damage_healed":23,"gold_gain":0,"player_choice":"Banana","damage_taken":0,"max_hp_gain":0,"max_hp_loss":0,"event_name":"Big Fish","floor":4,"gold_loss":0},{"damage_healed":0,"gold_gain":0,"player_choice":"Lose Max HP","damage_taken":0,"relics_obtained":["Golden Idol"],"max_hp_gain":0,"max_hp_loss":7,"event_name":"Golden Idol","floor":5,"gold_loss":0},{"damage_healed":0,"gold_gain":0,"player_choice":"Entered Light","damage_taken":19,"max_hp_gain":0,"max_hp_loss":0,"event_name":"Shining Light","floor":7,"gold_loss":0,"cards_upgraded":["Strike_B","Dualcast"]},{"cards_removed":["Strike_B"],"damage_healed":0,"gold_gain":0,"player_choice":"Offered Basic","damage_taken":0,"max_hp_gain":0,"max_hp_loss":0,"event_name":"Bonfire Elementals","floor":10,"gold_loss":0}],"is_beta":false,"boss_relics":[],"items_purged_floors":[],"is_endless":false,"potions_floor_spawned":[3,8],"killed_by":"Gremlin Nob","ascension_level":15}