{"gold_per_floor":[115,115,133,144,69,95,115,115,115,190,190,190,217,232,232,334,334,347,347,154,69,82,117,217,217,217,251,76,76],"floor_reached":29,"playtime":2253,"items_purged":["Defend_R","Writhe","Defend_R"],"score":269,"play_id":"9c72b9e1-8823-4817-a297-992a6a66581e","local_time":"20190211030424","is_ascension_mode":false,"campfire_choices":[{"data":"Dual Wield","floor":8,"key":"SMITH"},{"data":"Anger","floor":12,"key":"SMITH"},{"floor":15,"key":"REST"},{"data":"Body Slam","floor":25,"key":"SMITH"}],"neow_cost":"NONE","seed_source_timestamp":2161035557431433,"circlet_count":0,"master_deck":["Strike_R","Strike_R","Strike_R+1","Strike_R","Strike_R","Defend_R+1","Defend_R+1","Bash","Anger+1","Perfected Strike","Dual Wield+1","Impervious","Perfected Strike","Anger","Rage+1","Brutality","Warcry","Armaments","Metallicize","Perfected Strike","Body Slam+1","Carnage+1","Cleave","Warcry"],"relics":["Burning Blood","NeowsBlessing","Regal Pillow","Gremlin Horn","Paper Frog","Philosopher\u0027s Stone","War Paint","Omamori","Unceasing Top","FossilizedHelix","Ornamental Fan","Shuriken","PreservedInsect"],"potions_floor_usage":[24,24],"damage_taken":[{"damage":0,"enemies":"Jaw Worm","floor":1,"turns":1},{"damage":0,"enemies":"Cultist","floor":3,"turns":1},{"damage":0,"enemies":"Small Slimes","floor":4,"turns":1},{"damage":27,"enemies":"3 Sentries","floor":6,"turns":7},{"damage":9,"enemies":"Looter","floor":7,"turns":4},{"damage":22,"enemies":"Gremlin Nob","floor":13,"turns":4},{"damage":12,"enemies":"Blue Slaver","floor":14,"turns":2},{"damage":31,"enemies":"Slime Boss","floor":16,"turns":9},{"damage":1,"enemies":"Spheric Guardian","floor":18,"turns":3},{"damage":11,"enemies":"Shell Parasite","floor":22,"turns":5},{"damage":43,"enemies":"Slavers","floor":23,"turns":6},{"damage":12,"enemies":"Colosseum Slavers","floor":24,"turns":5},{"damage":11,"enemies":"Colosseum Nobs","floor":24,"turns":3},{"damage":29,"enemies":"Gremlin Leader","floor":27,"turns":6},{"damage":2,"enemies":"Cultist and Chosen","floor":29,"turns":5}],"seed_played":"-6046166819022821886","potions_obtained":[{"floor":3,"key":"Weak Potion"},{"floor":4,"key":"BloodPotion"},{"floor":11,"key":"SteroidPotion"}],"is_trial":false,"path_per_floor":["M","?","M","M","$","E","M","R","T","?","?","R","E","M","R","B",null,"M","?","$","?","M","E","?","R","T","E","$","M"],"character_chosen":"IRONCLAD","items_purchased":["Armaments","Metallicize","Warcry"],"campfire_rested":1,"item_purchase_floors":[20,20,28],"current_hp_per_floor":[80,64,70,76,76,55,52,52,52,41,41,41,25,19,58,33,80,80,80,80,80,75,38,35,35,35,12,12,10],"gold":76,"neow_bonus":"THREE_ENEMY_KILL","is_prod":false,"is_daily":false,"chose_seed":false,"campfire_upgraded":3,"win_rate":0.0,"timestamp":1549875864,"path_taken":["M","?","M","M","$","E","M","R","T","?","?","R","E","M","R","BOSS","M","?","$","?","M","E","?","R","T","E","?","M"],"build_version":"2019-01-23","purchased_purges":3,"victory":false,"max_hp_per_floor":[80,80,80,80,80,80,80,80,80,80,80,80,80,80,80,80,80,80,80,80,80,80,80,80,80,80,80,80,80],"card_choices":[{"not_picked":["Flame Barrier","Body Slam"],"picked":"Anger","floor":1},{"not_picked":["Flex","Wild Strike"],"picked":"Perfected Strike","floor":3},{"not_picked":["Havoc","Battle Trance"],"picked":"Dual Wield","floor":4},{"not_picked":["Twin Strike","Flame Barrier"],"picked":"Impervious","floor":6},{"not_picked":["Ghostly Armor","Twin Strike"],"picked":"Perfected Strike","floor":7},{"not_picked":["True Grit","Rampage"],"picked":"Anger","floor":13},{"not_picked":["Headbutt","Armaments"],"picked":"Rage","floor":14},{"not_picked":["Exhume","Bludgeon"],"picked":"Brutality","floor":16},{"not_picked":["Flame Barrier","Evolve+1"],"picked":"Warcry","floor":18},{"not_picked":["Body Slam","Thunderclap+1"],"picked":"Perfected Strike","floor":22},{"not_picked":["Flex","Corruption"],"picked":"Body Slam","floor":23},{"not_picked":["Corruption","Exhume"],"picked":"Carnage+1","floor":24},{"not_picked":["Armaments","Sword Boomerang"],"picked":"Cleave","floor":27}],"player_experience":42521,"relics_obtained":[{"floor":6,"key":"Regal Pillow"},{"floor":9,"key":"Gremlin Horn"},{"floor":13,"key":"Paper Frog"},{"floor":23,"key":"Unceasing Top"},{"floor":24,"key":"FossilizedHelix"},{"floor":24,"key":"Ornamental Fan"},{"floor":26,"key":"Shuriken"},{"floor":27,"key":"PreservedInsect"}],"event_choices":[{"damage_healed":0,"gold_gain":0,"player_choice":"Entered Light","damage_taken":16,"max_hp_gain":0,"max_hp_loss":0,"event_name":"Shining Light","floor":2,"gold_loss":0,"cards_upgraded":["Strike_R","Defend_R"]},{"damage_healed":0,"gold_gain":75,"player_choice":"Gather Gold","damage_taken":11,"max_hp_gain":0,"max_hp_loss":0,"event_name":"World of Goop","floor":10,"gold_loss":0},{"damage_healed":0,"gold_gain":0,"player_choice":"Got Potions","damage_taken":0,"max_hp_gain":0,"max_hp_loss":0,"event_name":"Lab","floor":11,"gold_loss":0},{"damage_healed":0,"gold_gain":0,"player_choice":"Opened","damage_taken":0,"relics_obtained":["War Paint"],"max_hp_gain":0,"max_hp_loss":0,"event_name":"The Mausoleum","floor":19,"gold_loss":0,"cards_obtained":["Writhe"]},{"damage_healed":0,"gold_gain":0,"player_choice":"Obtained Relic","damage_taken":0,"relics_obtained":["Omamori"],"max_hp_gain":0,"max_hp_loss":0,"event_name":"Addict","floor":21,"gold_loss":85},{"damage_healed":0,"gold_gain":0,"player_choice":"Fight","damage_taken":0,"max_hp_gain":0,"max_hp_loss":0,"event_name":"Colosseum","floor":24,"gold_loss":0},{"damage_healed":0,"gold_gain":0,"player_choice":"Fought Nobs","damage_taken":0,"max_hp_gain":0,"max_hp_loss":0,"event_name":"Colosseum","floor":24,"gold_loss":0}],"is_beta":false,"boss_relics":[{"not_picked":["White Beast Statue","Mark of Pain"],"picked":"Philosopher\u0027s Stone"}],"items_purged_floors":[5,20,28],"is_endless":false,"potions_floor_spawned":[3,4,14,22,23,24],"killed_by":"Cultist and Chosen","ascension_level":0}