{"gold_per_floor":[116,291,182,182,192,218,237,237,263,39,52,70,100,100,100,200,200,184,184,198,16,16,16],"floor_reached":23,"playtime":1066,"items_purged":["Doubt","Strike_B"],"score":224,"play_id":"cce30548-0bd6-4545-9b3a-d30cb6e60315","local_time":"20190207192045","is_ascension_mode":false,"campfire_choices":[{"floor":15,"key":"REST"}],"neow_cost":"NONE","seed_source_timestamp":1875197530803751,"circlet_count":0,"master_deck":["Strike_B","Strike_B","Defend_B","Defend_B","Defend_B","Defend_B","Zap","Dualcast","Sweeping Beam","Defragment","Turbo","Capacitor","Hello World","Defragment","Redo","Go for the Eyes","Sunder","Machine Learning+1","Redo","Barrage","Heatsinks+1","Capacitor+1","Sweeping Beam"],"relics":["Cracked Core","NeowsBlessing","Orichalcum","Ornamental Fan","Strawberry","Bag of Marbles","Regal Pillow","Bronze Scales","Frozen Egg 2","Black Star"],"potions_floor_usage":[13,16,23],"damage_taken":[{"damage":0,"enemies":"2 Louse","floor":1,"turns":1},{"damage":0,"enemies":"Jaw Worm","floor":5,"turns":1},{"damage":0,"enemies":"Lagavulin","floor":6,"turns":1},{"damage":4,"enemies":"Cultist","floor":7,"turns":4},{"damage":15,"enemies":"Blue Slaver","floor":11,"turns":4},{"damage":8,"enemies":"Large Slime","floor":12,"turns":4},{"damage":18,"enemies":"3 Sentries","floor":13,"turns":7},{"damage":35,"enemies":"Hexaghost","floor":16,"turns":9},{"damage":27,"enemies":"2 Thieves","floor":18,"turns":4},{"damage":18,"enemies":"Spheric Guardian","floor":20,"turns":5},{"damage":43,"enemies":"Slavers","floor":23,"turns":2}],"seed_played":"-1221050404004169926","potions_obtained":[{"floor":7,"key":"SkillPotion"},{"floor":11,"key":"Block Potion"},{"floor":12,"key":"Dexterity Potion"},{"floor":20,"key":"Regen Potion"}],"is_trial":false,"path_per_floor":["M","?","$","?","M","E","M","?","T","$","M","M","E","T","R","B",null,"M","?","M","$","$","E"],"character_chosen":"DEFECT","items_purchased":["Defragment","Defragment","Regal Pillow","Capacitor+1","Sweeping Beam"],"campfire_rested":1,"item_purchase_floors":[3,10,10,21,21],"current_hp_per_floor":[75,75,75,50,50,50,46,53,53,53,38,30,12,12,51,16,82,55,55,37,37,37,0],"gold":16,"neow_bonus":"THREE_ENEMY_KILL","is_prod":false,"is_daily":false,"chose_seed":false,"campfire_upgraded":0,"win_rate":0.0,"timestamp":1549588845,"path_taken":["M","?","$","?","?","E","M","?","T","$","?","M","E","?","R","BOSS","M","?","?","?","$","E"],"build_version":"2019-01-23","purchased_purges":2,"victory":false,"max_hp_per_floor":[75,75,75,75,75,75,75,82,82,82,82,82,82,82,82,82,82,82,82,82,82,82,82],"card_choices":[{"not_picked":["Gash","Fusion"],"picked":"Sweeping Beam","floor":1},{"not_picked":["Coolheaded","Force Field"],"picked":"Turbo","floor":5},{"not_picked":["Steam","Double Energy"],"picked":"Capacitor","floor":6},{"not_picked":["Go for the Eyes","Cold Snap"],"picked":"Hello World","floor":7},{"not_picked":["Coolheaded","Reinforced Body"],"picked":"Redo","floor":11},{"not_picked":["Rebound","Fission"],"picked":"Go for the Eyes","floor":12},{"not_picked":["Rainbow","Turbo"],"picked":"Sunder","floor":13},{"not_picked":["Reboot","Multi-Cast"],"picked":"Machine Learning+1","floor":16},{"not_picked":["Streamline+1","Steam"],"picked":"Redo","floor":18},{"not_picked":["Steam Power","BootSequence"],"picked":"Heatsinks+1","floor":20}],"player_experience":13863,"relics_obtained":[{"floor":6,"key":"Ornamental Fan"},{"floor":9,"key":"Bag of Marbles"},{"floor":13,"key":"Bronze Scales"},{"floor":14,"key":"Frozen Egg 2"}],"event_choices":[{"damage_healed":0,"gold_gain":175,"player_choice":"AGREE","damage_taken":0,"max_hp_gain":0,"max_hp_loss":0,"event_name":"Liars Game","floor":2,"gold_loss":0,"cards_obtained":["Doubt"]},{"damage_healed":0,"gold_gain":0,"player_choice":"Success","damage_taken":25,"relics_obtained":["Orichalcum"],"max_hp_gain":0,"max_hp_loss":0,"event_name":"Scrap Ooze","floor":4,"gold_loss":0},{"damage_healed":0,"gold_gain":0,"player_choice":"Gave Potion","damage_taken":0,"relics_obtained":["Strawberry"],"max_hp_gain":0,"max_hp_loss":0,"event_name":"WeMeetAgain","floor":8,"gold_loss":0},{"damage_healed":0,"gold_gain":0,"cards_transformed":["Strike_B"],"player_choice":"Transformed","damage_taken":0,"max_hp_gain":0,"max_hp_loss":0,"event_name":"Transmorgrifier","floor":19,"gold_loss":0,"cards_obtained":["Barrage"]}],"is_beta":false,"boss_relics":[{"not_picked":["Orrery","Eternal Feather"],"picked":"Black Star"}],"items_purged_floors":[3,21],"is_endless":false,"potions_floor_spawned":[7,11,12,20],"killed_by":"Slavers","ascension_level":0}