{"gold_per_floor":[112,112,137,151,167,208,208,239,239,264,74,74],"floor_reached":12,"playtime":602,"items_purged":["Strike_R"],"score":123,"play_id":"5280f6a7-0692-4fa9-8ade-435694e311a5","local_time":"20190525235017","is_ascension_mode":true,"campfire_choices":[{"data":"Shockwave","floor":7,"key":"SMITH"}],"neow_cost":"NONE","seed_source_timestamp":130308538011765,"circlet_count":0,"master_deck":["Strike_R","Strike_R","Strike_R","Strike_R","Defend_R","Defend_R","Defend_R","Defend_R","Bash","Headbutt","Injury","Heavy Blade","Shockwave+1","Headbutt","Impervious","Thunderclap","Inflame","Battle Trance"],"relics":["Runic Dome","Golden Idol","Juzu Bracelet","Omamori","Pear","Bronze Scales"],"potions_floor_usage":[],"damage_taken":[{"damage":0,"enemies":"Small Slimes","floor":1,"turns":3},{"damage":7,"enemies":"Jaw Worm","floor":3,"turns":2},{"damage":8,"enemies":"2 Louse","floor":4,"turns":2},{"damage":7,"enemies":"Blue Slaver","floor":5,"turns":3},{"damage":31,"enemies":"Lagavulin","floor":6,"turns":6},{"damage":18,"enemies":"Gremlin Nob","floor":8,"turns":4},{"damage":13,"enemies":"Large Slime","floor":12,"turns":1}],"seed_played":"6853521879282697358","potions_obtained":[{"floor":6,"key":"Swift Potion"}],"is_trial":false,"path_per_floor":["M","?","M","M","M","E","R","E","T","T","$","M"],"character_chosen":"IRONCLAD","items_purchased":["Inflame","Battle Trance"],"campfire_rested":0,"item_purchase_floors":[11,11],"current_hp_per_floor":[72,72,65,57,50,19,19,1,11,11,11,0],"gold":74,"neow_bonus":"BOSS_RELIC","is_prod":false,"is_daily":false,"chose_seed":false,"campfire_upgraded":1,"win_rate":0,"timestamp":1558842617,"path_taken":["M","?","M","M","M","E","R","E","T","?","$","M"],"build_version":"2019-01-23","purchased_purges":1,"victory":false,"max_hp_per_floor":[80,80,80,80,80,80,80,80,90,90,90,90],"card_choices":[{"not_picked":["Anger","Wild Strike"],"picked":"Headbutt","floor":1},{"not_picked":["Thunderclap","Headbutt"],"picked":"Heavy Blade","floor":3},{"not_picked":["Anger","Flex"],"picked":"Shockwave","floor":4},{"not_picked":["Clash","Wild Strike"],"picked":"Headbutt","floor":5},{"not_picked":["Anger","Thunderclap"],"picked":"Impervious","floor":6},{"not_picked":["Dropkick","Reckless Charge"],"picked":"Thunderclap","floor":8}],"player_experience":143441,"relics_obtained":[{"floor":6,"key":"Juzu Bracelet"},{"floor":8,"key":"Omamori"},{"floor":9,"key":"Pear"},{"floor":10,"key":"Bronze Scales"}],"event_choices":[{"damage_healed":0,"gold_gain":0,"player_choice":"Take Wound","damage_taken":0,"relics_obtained":["Golden Idol"],"max_hp_gain":0,"max_hp_loss":0,"event_name":"Golden Idol","floor":2,"gold_loss":0,"cards_obtained":["Injury"]}],"is_beta":false,"boss_relics":[],"items_purged_floors":[11],"is_endless":false,"potions_floor_spawned":[6],"killed_by":"Large Slime","ascension_level":8}