{"gold_per_floor":[117,137,13,13,31,64,64,80,133,133,14,14,31,31,31,126,126,138,17,17,17,17,17,52,52,52,85,102,102,102],"floor_reached":30,"playtime":1769,"items_purged":["Strike_R","Defend_R"],"score":343,"play_id":"9334baad-454d-4210-a05d-cdae68332a05","local_time":"20190524150943","is_ascension_mode":true,"campfire_choices":[{"data":"Blind","floor":7,"key":"SMITH"},{"data":"Immolate","floor":10,"key":"SMITH"},{"data":"Whirlwind","floor":12,"key":"SMITH"},{"data":"Flame Barrier","floor":15,"key":"SMITH"},{"data":"Fire Breathing","floor":23,"key":"SMITH"},{"data":"Metallicize","floor":25,"key":"SMITH"}],"neow_cost":"NONE","seed_source_timestamp":11509425308949,"circlet_count":0,"master_deck":["Strike_R+1","Defend_R+1","Defend_R+1","Bash","Blind+1","Inflame","Metallicize+1","Immolate+1","Warcry+1","Shrug It Off","Heavy Blade","Metallicize","Whirlwind+1","Flame Barrier+1","Demon Form","Brutality+1","Blood for Blood+1","Thunderclap+1","Anger+1","Metallicize","Shame","Fire Breathing+1","Blood for Blood+1"],"relics":["Burning Blood","FaceOfCleric","Smiling Mask","Tiny Chest","Astrolabe","War Paint","Pen Nib","Ornamental Fan","Boot"],"potions_floor_usage":[16,24,27],"damage_taken":[{"damage":5,"enemies":"Cultist","floor":1,"turns":4},{"damage":9,"enemies":"Jaw Worm","floor":2,"turns":4},{"damage":0,"enemies":"2 Louse","floor":5,"turns":1},{"damage":21,"enemies":"Lagavulin","floor":6,"turns":7},{"damage":7,"enemies":"Exordium Wildlife","floor":8,"turns":3},{"damage":10,"enemies":"Large Slime","floor":13,"turns":5},{"damage":7,"enemies":"Hexaghost","floor":16,"turns":9},{"damage":22,"enemies":"Shell Parasite","floor":18,"turns":5},{"damage":21,"enemies":"Gremlin Leader","floor":24,"turns":4},{"damage":46,"enemies":"Book of Stabbing","floor":27,"turns":7},{"damage":2,"enemies":"3 Byrds","floor":28,"turns":3},{"damage":21,"enemies":"Slavers","floor":30,"turns":1}],"seed_played":"1179292394169008537","potions_obtained":[{"floor":5,"key":"Explosive Potion"},{"floor":13,"key":"Weak Potion"},{"floor":16,"key":"BloodPotion"},{"floor":28,"key":"LiquidBronze"}],"is_trial":false,"path_per_floor":["M","M","$","?","M","E","R","M","T","R","$","R","M","?","R","B",null,"M","$","?","?","?","R","E","R","T","E","M","?","E"],"character_chosen":"IRONCLAD","items_purchased":["Immolate","Warcry","Whirlwind","Metallicize"],"campfire_rested":0,"item_purchase_floors":[3,3,11,19],"current_hp_per_floor":[73,70,70,70,77,63,63,63,63,63,63,63,60,43,43,43,75,60,60,60,60,60,60,46,46,46,15,20,20,0],"gold":102,"neow_bonus":"RANDOM_COLORLESS","is_prod":false,"is_daily":false,"chose_seed":false,"campfire_upgraded":6,"win_rate":0,"timestamp":1558724983,"path_taken":["M","?","$","?","?","E","R","M","T","R","$","R","M","?","R","BOSS","M","$","?","?","?","R","E","R","T","E","?","?","E"],"build_version":"2019-01-23","purchased_purges":2,"victory":false,"max_hp_per_floor":[80,80,80,80,81,82,82,83,83,83,83,83,84,84,84,85,85,86,86,86,86,86,86,87,87,87,88,89,89,89],"card_choices":[{"not_picked":["Havoc","Body Slam"],"picked":"Inflame","floor":1},{"not_picked":["Pommel Strike","Cleave"],"picked":"Metallicize","floor":2},{"not_picked":["Cleave","Warcry"],"picked":"Shrug It Off","floor":5},{"not_picked":["Cleave","Combust"],"picked":"Heavy Blade","floor":6},{"not_picked":["Bloodletting","Evolve"],"picked":"Metallicize","floor":8},{"not_picked":["Havoc","Thunderclap"],"picked":"Flame Barrier","floor":13},{"not_picked":["Exhume","Feed"],"picked":"Demon Form","floor":16},{"not_picked":["Heavy Blade","Wild Strike"],"picked":"Anger+1","floor":18},{"not_picked":["Wild Strike","Sentinel","Body Slam"],"picked":"SKIP","floor":24},{"not_picked":["Havoc","Thunderclap"],"picked":"Blood for Blood+1","floor":27},{"not_picked":["Bloodletting","Iron Wave","Entrench"],"picked":"SKIP","floor":28}],"player_experience":127927,"relics_obtained":[{"floor":6,"key":"Smiling Mask"},{"floor":9,"key":"Tiny Chest"},{"floor":24,"key":"Pen Nib"},{"floor":26,"key":"Ornamental Fan"},{"floor":27,"key":"Boot"}],"event_choices":[{"damage_healed":0,"gold_gain":0,"player_choice":"Trade","damage_taken":0,"relics_obtained":["FaceOfCleric"],"max_hp_gain":0,"max_hp_loss":0,"event_name":"FaceTrader","floor":4,"gold_loss":0},{"damage_healed":0,"gold_gain":0,"player_choice":"Entered Light","damage_taken":17,"max_hp_gain":0,"max_hp_loss":0,"event_name":"Shining Light","floor":14,"gold_loss":0,"cards_upgraded":["Strike_R","Warcry"]},{"damage_healed":0,"gold_gain":0,"player_choice":"Stole Relic","damage_taken":0,"relics_obtained":["War Paint"],"max_hp_gain":0,"max_hp_loss":0,"event_name":"Addict","floor":20,"gold_loss":0,"cards_obtained":["Shame"]},{"damage_healed":0,"gold_gain":0,"player_choice":"Ignored","damage_taken":0,"max_hp_gain":0,"max_hp_loss":0,"event_name":"Ghosts","floor":21,"gold_loss":0},{"damage_healed":0,"gold_gain":0,"cards_transformed":["Defend_R"],"player_choice":"Transformed","damage_taken":0,"max_hp_gain":0,"max_hp_loss":0,"event_name":"Transmorgrifier","floor":22,"gold_loss":0,"cards_obtained":["Fire Breathing"]},{"damage_healed":0,"gold_gain":0,"player_choice":"Ignored","damage_taken":0,"max_hp_gain":0,"max_hp_loss":0,"event_name":"Vampires","floor":29,"gold_loss":0}],"is_beta":false,"boss_relics":[{"not_picked":["Black Blood","White Beast Statue"],"picked":"Astrolabe"}],"items_purged_floors":[11,19],"is_endless":false,"potions_floor_spawned":[5,13,16,28],"killed_by":"Slavers","ascension_level":6}