{"gold_per_floor":[109,121,140,140,140,140,159,189,189,257,307,357,407,423,423,528,528,544,224,274,324,423,451,451,486,486,536,536,601,651,360,360,459,459,477,490,540,590,718,718,753,765,777,57,88,138,173,184,184,184],"floor_reached":51,"playtime":1961,"items_purged":["Setup+1"],"score":1391,"play_id":"bafbdfd5-13e8-4add-b29b-95e37cc5b404","local_time":"20190426142440","is_ascension_mode":true,"campfire_choices":[{"data":"Burst","floor":6.0,"key":"SMITH"},{"data":"Backflip","floor":15.0,"key":"SMITH"},{"data":"Setup","floor":24.0,"key":"SMITH"},{"data":"Venomology","floor":28.0,"key":"SMITH"},{"data":"Envenom","floor":32.0,"key":"SMITH"},{"data":"Well Laid Plans","floor":40.0,"key":"SMITH"},{"data":"Deadly Poison","floor":42,"key":"SMITH"},{"floor":49,"key":"REST"}],"neow_cost":"NONE","seed_source_timestamp":1384679278404914,"circlet_count":0,"master_deck":["AscendersBane","Survivor+1","Neutralize+1","Burst+1","Deadly Poison+1","Glass Knife+1","Backflip+1","Acrobatics+1","Catalyst+1","Backflip+1","Bullet Time+1","Dash+1","Envenom+1","Venomology+1","Outmaneuver+1","Glass Knife+1","Well Laid Plans+1","Night Terror+1","Dash+1","Deflect+1","Cloak And Dagger+1","Well Laid Plans+1","Ghostly+1","Ghostly+1","Ghostly+1","Ghostly+1","Ghostly+1","Dodge and Roll+1","Deflect+1","A Thousand Cuts+1","Backflip+1","Terror+1","Apotheosis+1","Footwork+1"],"special_seed":0,"relics":["Ring of the Snake","SsserpentHead","Happy Flower","Strawberry","Potion Belt","Pandora\u0027s Box","Ninja Scroll","MutagenicStrength","Snake Skull","Frozen Egg 2","Regal Pillow","StoneCalendar","Gremlin Horn","Snecko Eye","Darkstone Periapt","MawBank","Pantograph","PreservedInsect","Bottled Tornado","The Courier","Mark of the Bloom","Incense Burner"],"potions_floor_usage":[47,50,50,50],"damage_taken":[{"damage":11.0,"enemies":"Jaw Worm","floor":1.0,"turns":7.0},{"damage":0.0,"enemies":"2 Louse","floor":2.0,"turns":4.0},{"damage":0.0,"enemies":"Cultist","floor":3.0,"turns":4.0},{"damage":8.0,"enemies":"Blue Slaver","floor":7.0,"turns":4.0},{"damage":38.0,"enemies":"Gremlin Nob","floor":8.0,"turns":5.0},{"damage":0.0,"enemies":"Looter","floor":10.0,"turns":4.0},{"damage":0.0,"enemies":"3 Louse","floor":14.0,"turns":5.0},{"damage":10.0,"enemies":"Hexaghost","floor":16.0,"turns":9.0},{"damage":13.0,"enemies":"Spheric Guardian","floor":18.0,"turns":7.0},{"damage":0.0,"enemies":"Gremlin Leader","floor":23.0,"turns":4.0},{"damage":11.0,"enemies":"Slavers","floor":25.0,"turns":5.0},{"damage":0.0,"enemies":"Chosen","floor":29.0,"turns":4.0},{"damage":24.0,"enemies":"Collector","floor":33.0,"turns":7.0},{"damage":0.0,"enemies":"Orb Walker","floor":35.0,"turns":5.0},{"damage":23.0,"enemies":"3 Darklings","floor":36.0,"turns":6.0},{"damage":2.0,"enemies":"Giant Head","floor":41.0,"turns":8.0},{"damage":0,"enemies":"Reptomancer","floor":45,"turns":5},{"damage":0,"enemies":"Nemesis","floor":47,"turns":5},{"damage":0,"enemies":"Spire Growth","floor":48,"turns":2},{"damage":13,"enemies":"Awakened One","floor":50,"turns":9}],"seed_played":"-8202493837414403593","potions_obtained":[{"floor":1.0,"key":"SteroidPotion"},{"floor":2.0,"key":"GamblersBrew"},{"floor":16.0,"key":"Dexterity Potion"},{"floor":23.0,"key":"Energy Potion"},{"floor":36.0,"key":"SpeedPotion"},{"floor":41.0,"key":"Ancient Potion"},{"floor":47,"key":"SteroidPotion"}],"is_trial":false,"path_per_floor":["M","M","M","?","?","R","M","E","T","M","?","?","T","M","R","B",null,"M","$","?","?","T","E","R","E","T","?","R","M","?","$","R","B",null,"M","M","?","?","T","R","E","R","T","$","E","?","E","M","R","B",null],"character_chosen":"THE_SILENT","items_purchased":["Deflect","Ninja Scroll","Cloak And Dagger","Gremlin Horn","Deflect","Apotheosis","Footwork+1","PreservedInsect","Bottled Tornado"],"campfire_rested":1,"item_purchase_floors":[19,19,19,31,31,44,44,44,44],"current_hp_per_floor":[52,52,52,70,70,70,62,24,31,31,31,16,16,16,16,6,59,46,46,71,71,71,71,71,60,60,38,38,38,33,33,33,9,35,35,12,38,38,38,38,36,36,36,36,36,36,36,36,36,23],"gold":184,"neow_bonus":"ONE_RANDOM_RARE_CARD","is_prod":false,"is_daily":false,"chose_seed":false,"campfire_upgraded":7,"win_rate":0,"timestamp":1556306680,"path_taken":["M","M","M","?","?","R","M","E","T","?","?","?","?","M","R","BOSS","M","$","?","?","?","E","R","E","T","?","R","?","?","$","R","BOSS","M","M","?","?","?","R","E","R","T","$","E","?","E","M","R","BOSS"],"build_version":"2019-01-23","purchased_purges":1,"victory":true,"max_hp_per_floor":[70,70,70,70,70,70,70,70,77,77,77,77,77,77,77,77,77,77,77,77,77,77,77,77,77,77,38,38,38,43,43,43,43,43,43,43,38,38,38,38,38,38,38,38,38,38,38,38,38,38],"card_choices":[{"not_picked":["Dagger Spray","Quick Slash"],"picked":"Deadly Poison","floor":1.0},{"not_picked":["Dagger Throw","Acrobatics"],"picked":"Glass Knife","floor":2.0},{"not_picked":["Dagger Throw","Poisoned Stab"],"picked":"Backflip","floor":3.0},{"not_picked":["Predator","Dagger Throw"],"picked":"Acrobatics","floor":7.0},{"not_picked":["Deadly Poison","Underhanded Strike"],"picked":"Catalyst","floor":8.0},{"not_picked":["Blade Dance","Deadly Poison"],"picked":"Backflip","floor":10.0},{"not_picked":["Outmaneuver","Slice","Poisoned Stab"],"picked":"SKIP","floor":14.0},{"not_picked":["Storm of Steel","Tools of the Trade"],"picked":"Bullet Time","floor":16.0},{"not_picked":["Underhanded Strike","Well Laid Plans","Dagger Spray"],"picked":"SKIP","floor":18.0},{"not_picked":["Well Laid Plans","Concentrate","Slice+1"],"picked":"SKIP","floor":23.0},{"not_picked":["Flying Knee+1","Night Terror"],"picked":"Well Laid Plans+1","floor":25.0},{"not_picked":["Concentrate","Heel Hook"],"picked":"Dodge and Roll","floor":29.0},{"not_picked":["Phantasmal Killer","Night Terror"],"picked":"A Thousand Cuts+1","floor":33.0},{"not_picked":["Poisoned Stab+1","Flying Knee+1"],"picked":"Backflip+1","floor":35.0},{"not_picked":["All Out Attack+1","Backflip","Infinite Blades+1"],"picked":"SKIP","floor":36.0},{"not_picked":["Cloak And Dagger+1","Bane"],"picked":"Terror+1","floor":41.0},{"not_picked":["Acrobatics","Dagger Throw","Predator"],"picked":"SKIP","floor":45},{"not_picked":["Outmaneuver","Malaise","Setup"],"picked":"SKIP","floor":47},{"not_picked":["Choke","Underhanded Strike+1","Backstab+1"],"picked":"SKIP","floor":48}],"player_experience":327494,"relics_obtained":[{"floor":8.0,"key":"Happy Flower"},{"floor":9.0,"key":"Strawberry"},{"floor":13.0,"key":"Potion Belt"},{"floor":22.0,"key":"Snake Skull"},{"floor":23.0,"key":"Frozen Egg 2"},{"floor":25.0,"key":"Regal Pillow"},{"floor":26.0,"key":"StoneCalendar"},{"floor":39.0,"key":"Darkstone Periapt"},{"floor":41.0,"key":"MawBank"},{"floor":43,"key":"Pantograph"},{"floor":45,"key":"The Courier"},{"floor":47,"key":"Incense Burner"}],"event_choices":[{"damage_healed":23.0,"max_hp_gain":0.0,"max_hp_loss":0.0,"gold_gain":0.0,"event_name":"Big Fish","player_choice":"Banana","floor":4.0,"gold_loss":0.0,"damage_taken":0.0},{"damage_healed":0.0,"max_hp_gain":0.0,"max_hp_loss":0.0,"gold_gain":0.0,"event_name":"FaceTrader","player_choice":"Trade","floor":5.0,"gold_loss":0.0,"damage_taken":0.0,"relics_obtained":["SsserpentHead"]},{"damage_healed":0.0,"max_hp_gain":0.0,"max_hp_loss":0.0,"gold_gain":0.0,"event_name":"Living Wall","player_choice":"Grow","floor":11.0,"gold_loss":0.0,"damage_taken":0.0,"cards_upgraded":["Catalyst"]},{"damage_healed":0.0,"max_hp_gain":0.0,"max_hp_loss":0.0,"gold_gain":0.0,"event_name":"Shining Light","player_choice":"Entered Light","floor":12.0,"gold_loss":0.0,"damage_taken":15.0,"cards_upgraded":["Strike_G","Glass Knife"]},{"damage_healed":25.0,"max_hp_gain":0.0,"max_hp_loss":0.0,"gold_gain":0.0,"event_name":"The Library","player_choice":"Heal","floor":20.0,"gold_loss":0.0,"damage_taken":0.0},{"damage_healed":0.0,"max_hp_gain":0.0,"max_hp_loss":0.0,"gold_gain":0.0,"event_name":"Drug Dealer","player_choice":"Inject Mutagens","floor":21.0,"gold_loss":0.0,"damage_taken":0.0,"relics_obtained":["MutagenicStrength"]},{"damage_healed":0.0,"max_hp_gain":0.0,"max_hp_loss":39.0,"gold_gain":0.0,"event_name":"Ghosts","player_choice":"Became a Ghost","floor":27.0,"gold_loss":0.0,"damage_taken":0.0,"cards_obtained":["Ghostly","Ghostly","Ghostly","Ghostly","Ghostly"]},{"damage_healed":0.0,"max_hp_gain":5.0,"max_hp_loss":0.0,"gold_gain":0.0,"event_name":"Forgotten Altar","player_choice":"Shed Blood","floor":30.0,"gold_loss":0.0,"damage_taken":10.0},{"damage_healed":38.0,"max_hp_gain":0.0,"max_hp_loss":5.0,"gold_gain":0.0,"event_name":"The Moai Head","player_choice":"Heal","floor":37.0,"gold_loss":0.0,"damage_taken":0.0},{"cards_removed":["Infinite Blades"],"damage_healed":0.0,"max_hp_gain":0.0,"max_hp_loss":0.0,"gold_gain":0.0,"event_name":"Falling","player_choice":"Removed Power","floor":38.0,"gold_loss":0.0,"damage_taken":0.0},{"damage_healed":0,"gold_gain":0,"player_choice":"Upgrade","damage_taken":0,"relics_obtained":["Mark of the Bloom"],"max_hp_gain":0,"max_hp_loss":0,"event_name":"MindBloom","floor":46,"gold_loss":0,"cards_upgraded":["Survivor","Neutralize","Backflip","Acrobatics","Bullet Time","Dash","Outmaneuver","Glass Knife","Night Terror","Dash","Deflect","Cloak And Dagger","Ghostly","Ghostly","Ghostly","Ghostly","Ghostly","Dodge and Roll","Deflect","Apotheosis"]}],"is_beta":false,"boss_relics":[{"not_picked":["Calling Bell","Runic Dome"],"picked":"Pandora\u0027s Box"},{"not_picked":["Fusion Hammer","Empty Cage"],"picked":"Snecko Eye"}],"items_purged_floors":[44],"is_endless":false,"potions_floor_spawned":[1,2,16,23,36,41,47],"ascension_level":11}