{"gold_per_floor":[110,129,141,161,211,236,248,259,283,283,283,283,302,302],"floor_reached":14,"playtime":465,"items_purged":[],"score":179,"play_id":"be8bbd99-5f96-4710-a883-082a207ea041","local_time":"20190517150236","is_ascension_mode":true,"campfire_choices":[{"floor":10,"key":"REST"}],"neow_cost":"NONE","seed_source_timestamp":3976746114275,"circlet_count":0,"master_deck":["AscendersBane","Strike_B","Strike_B","Strike_B","Strike_B","Defend_B","Defend_B","Defend_B","Defend_B","Zap+1","Dualcast","Gash","Chill","Cold Snap","Coolheaded","Glacier","Gash","BootSequence","Compile Driver"],"relics":["Cracked Core","Frozen Egg 2","Bag of Preparation","Kunai"],"potions_floor_usage":[6,14],"damage_taken":[{"damage":2,"enemies":"Jaw Worm","floor":1,"turns":3},{"damage":0,"enemies":"Cultist","floor":2,"turns":3},{"damage":0,"enemies":"Small Slimes","floor":3,"turns":3},{"damage":7,"enemies":"Blue Slaver","floor":4,"turns":4},{"damage":8,"enemies":"3 Sentries","floor":6,"turns":11},{"damage":2,"enemies":"Exordium Wildlife","floor":7,"turns":4},{"damage":18,"enemies":"Gremlin Gang","floor":8,"turns":5},{"damage":20,"enemies":"Exordium Thugs","floor":13,"turns":7},{"damage":50,"enemies":"Gremlin Nob","floor":14,"turns":4}],"seed_played":"5651706752299589294","potions_obtained":[{"floor":3,"key":"Energy Potion"},{"floor":7,"key":"Dexterity Potion"}],"is_trial":false,"path_per_floor":["M","M","M","M","?","E","M","M","T","R","?","?","M","E"],"character_chosen":"DEFECT","items_purchased":[],"campfire_rested":1,"item_purchase_floors":[],"current_hp_per_floor":[62,62,62,55,55,47,45,27,27,48,71,66,46,0],"gold":302,"neow_bonus":"UPGRADE_CARD","is_prod":false,"is_daily":false,"chose_seed":false,"campfire_upgraded":0,"win_rate":0,"timestamp":1558123356,"path_taken":["M","M","M","M","?","E","?","M","T","R","?","?","M","E"],"build_version":"2019-01-23","purchased_purges":0,"victory":false,"max_hp_per_floor":[71,71,71,71,71,71,71,71,71,71,71,71,71,71],"card_choices":[{"not_picked":["Beam Cell","Heatsinks"],"picked":"Gash","floor":1},{"not_picked":["Steam","Steam Power"],"picked":"Chill","floor":2},{"not_picked":["Redo","Ball Lightning"],"picked":"Cold Snap","floor":3},{"not_picked":["Steam Power","Rebound"],"picked":"Coolheaded","floor":4},{"not_picked":["Static Discharge","Conserve Battery"],"picked":"Glacier","floor":6},{"not_picked":["Chaos","Steam"],"picked":"Gash","floor":7},{"not_picked":["Coolheaded","Genetic Algorithm"],"picked":"BootSequence","floor":8},{"not_picked":["Redo","Stack"],"picked":"Compile Driver","floor":13}],"player_experience":431787,"relics_obtained":[{"floor":6,"key":"Frozen Egg 2"},{"floor":9,"key":"Bag of Preparation"}],"event_choices":[{"damage_healed":0,"gold_gain":50,"player_choice":"Pray","damage_taken":0,"max_hp_gain":0,"max_hp_loss":0,"event_name":"Golden Shrine","floor":5,"gold_loss":0},{"damage_healed":23,"gold_gain":0,"player_choice":"Banana","damage_taken":0,"max_hp_gain":0,"max_hp_loss":0,"event_name":"Big Fish","floor":11,"gold_loss":0},{"damage_healed":0,"gold_gain":0,"player_choice":"Success","damage_taken":5,"relics_obtained":["Kunai"],"max_hp_gain":0,"max_hp_loss":0,"event_name":"Scrap Ooze","floor":12,"gold_loss":0}],"is_beta":false,"boss_relics":[],"items_purged_floors":[],"is_endless":false,"potions_floor_spawned":[3,7],"killed_by":"Gremlin Nob","ascension_level":18}