{"gold_per_floor":[114,124,141,155,173,173,198,198,276,291,291,291,308,117,117,218,218,236,32,32,43,43,43,54,70,70,70,104,104,114,29,29,133,133,149,160,176,176,21,56,56,90,159,170,170,189,189,201,201,201,201,201,27,55,55],"floor_reached":55,"playtime":9085,"items_purged":["Strike_B","Strike_B"],"score":776,"play_id":"5140fb9c-352c-4414-9f44-22296bcdf044","local_time":"20190519210338","is_ascension_mode":false,"campfire_choices":[{"data":"Dualcast","floor":6,"key":"SMITH"},{"data":"Redo","floor":8,"key":"SMITH"},{"data":"Rebound","floor":12,"key":"SMITH"},{"floor":15,"key":"REST"},{"data":"Consume","floor":23,"key":"SMITH"},{"floor":27,"key":"REST"},{"data":"Redo","floor":29,"key":"SMITH"},{"floor":32,"key":"REST"},{"floor":41,"key":"REST"},{"data":"Echo Form","floor":45,"key":"SMITH"},{"floor":47,"key":"REST"},{"floor":49,"key":"RECALL"},{"data":"Multi-Cast","floor":52,"key":"SMITH"}],"neow_cost":"NONE","seed_source_timestamp":242208654403999,"circlet_count":0,"master_deck":["Strike_B","Defend_B","Defend_B","Defend_B","Defend_B","Zap","Dualcast+1","Go for the Eyes","Cold Snap","Conserve Battery","Multi-Cast+1","Coolheaded","Redo+1","Rebound+1","Echo Form+1","Hologram","Redo+1","Consume+1","Turbo+1","Doom and Gloom","Hologram","Hologram+1","Reboot+1","Coolheaded+1","Capacitor+1","Hologram","Rebound","Hologram+1","Self Repair+1","Coolheaded+1","Reinforced Body","Redo+1"],"relics":["Strawberry","Runic Capacitor","Nuclear Battery","Nloth\u0027s Gift","Symbiotic Virus","Peace Pipe","Bag of Preparation","Black Star","DataDisk","Oddly Smooth Stone","Mercury Hourglass","Potion Belt","War Paint","Bottled Flame","Incense Burner","Gremlin Horn"],"potions_floor_usage":[],"damage_taken":[{"damage":2,"enemies":"Small Slimes","floor":1,"turns":3},{"damage":1,"enemies":"Jaw Worm","floor":2,"turns":2},{"damage":0,"enemies":"Cultist","floor":3,"turns":3},{"damage":6,"enemies":"Large Slime","floor":4,"turns":6},{"damage":0,"enemies":"Blue Slaver","floor":5,"turns":4},{"damage":20,"enemies":"3 Sentries","floor":7,"turns":10},{"damage":15,"enemies":"Lots of Slimes","floor":10,"turns":5},{"damage":8,"enemies":"Large Slime","floor":13,"turns":8},{"damage":48,"enemies":"Slime Boss","floor":16,"turns":15},{"damage":13,"enemies":"Spheric Guardian","floor":18,"turns":4},{"damage":5,"enemies":"Shell Parasite","floor":21,"turns":10},{"damage":23,"enemies":"Centurion and Healer","floor":24,"turns":12},{"damage":15,"enemies":"Shelled Parasite and Fungi","floor":25,"turns":4},{"damage":9,"enemies":"Book of Stabbing","floor":28,"turns":6},{"damage":0,"enemies":"Snecko","floor":30,"turns":6},{"damage":43,"enemies":"Champ","floor":33,"turns":7},{"damage":3,"enemies":"Orb Walker","floor":35,"turns":4},{"damage":30,"enemies":"3 Darklings","floor":36,"turns":5},{"damage":17,"enemies":"Sphere and 2 Shapes","floor":37,"turns":5},{"damage":28,"enemies":"Giant Head","floor":40,"turns":9},{"damage":0,"enemies":"Nemesis","floor":42,"turns":11},{"damage":0,"enemies":"Maw","floor":44,"turns":7},{"damage":10,"enemies":"4 Shapes","floor":46,"turns":5},{"damage":7,"enemies":"Spire Growth","floor":48,"turns":7},{"damage":28,"enemies":"Donu and Deca","floor":50,"turns":15},{"damage":51,"enemies":"Shield and Spear","floor":54,"turns":4},{"damage":34,"enemies":"The Heart","floor":55,"turns":8}],"seed_played":"-3203217663806743700","potions_obtained":[{"floor":1,"key":"SmokeBomb"},{"floor":7,"key":"FocusPotion"},{"floor":13,"key":"Swift Potion"},{"floor":44,"key":"GamblersBrew"},{"floor":48,"key":"AttackPotion"}],"is_trial":false,"path_per_floor":["M","M","M","M","M","R","E","R","T","M","?","R","M","$","R","B",null,"M","$","?","M","$","R","M","M","T","R","E","R","M","?","R","B",null,"M","M","M","?","$","E","R","E","T","M","R","M","R","M","R","B",null,"R","$","E","B"],"character_chosen":"DEFECT","items_purchased":["Runic Capacitor","Redo","Consume","DataDisk","Reinforced Body"],"campfire_rested":5,"item_purchase_floors":[14,19,19,39,53],"current_hp_per_floor":[73,72,72,66,66,66,53,53,53,38,38,38,30,30,54,6,82,69,69,69,64,64,64,41,26,26,50,41,41,41,41,65,22,82,79,49,32,32,32,4,28,28,28,28,28,18,42,45,45,27,82,82,82,31,0],"gold":55,"neow_bonus":"BOSS_RELIC","is_prod":false,"is_daily":false,"chose_seed":false,"campfire_upgraded":7,"win_rate":0,"timestamp":1558325018,"path_taken":["M","M","M","M","M","R","E","R","T","M","?","R","M","$","R","BOSS","M","$","?","M","$","R","M","M","T","R","E","R","?","?","R","BOSS","M","M","M","?","$","E","R","E","T","?","R","M","R","M","R","BOSS","R","$","E","BOSS"],"build_version":"2019-01-23","purchased_purges":2,"victory":false,"max_hp_per_floor":[75,75,75,75,75,75,82,82,82,82,82,82,82,82,82,82,82,82,82,82,82,82,82,82,82,82,82,82,82,82,82,82,82,82,82,82,82,82,82,82,82,82,82,82,82,82,82,82,82,82,82,82,82,82,82],"card_choices":[{"not_picked":["Leap","Double Energy"],"picked":"Go for the Eyes","floor":1},{"not_picked":["Ball Lightning","Barrage"],"picked":"Cold Snap","floor":2},{"not_picked":["Go for the Eyes","Storm"],"picked":"Conserve Battery","floor":3},{"not_picked":["Force Field","Leap"],"picked":"Multi-Cast","floor":4},{"not_picked":["Rip and Tear","Beam Cell"],"picked":"Coolheaded","floor":5},{"not_picked":["Steam Power","Skim"],"picked":"Redo","floor":7},{"not_picked":["Compile Driver","Cold Snap"],"picked":"Rebound","floor":10},{"not_picked":["Static Discharge","Streamline","Gash"],"picked":"SKIP","floor":13},{"not_picked":["Hyperbeam","Meteor Strike"],"picked":"Echo Form","floor":16},{"not_picked":["Sweeping Beam","Static Discharge"],"picked":"Hologram","floor":18},{"not_picked":["Ball Lightning","Stack","Aggregate"],"picked":"SKIP","floor":21},{"not_picked":["Go for the Eyes+1","Barrage"],"picked":"Turbo","floor":24},{"not_picked":["Compile Driver","Steam"],"picked":"Doom and Gloom","floor":25},{"not_picked":["Heatsinks","Barrage"],"picked":"Hologram","floor":28},{"not_picked":["Conserve Battery","Turbo"],"picked":"Hologram+1","floor":30},{"not_picked":["Machine Learning","Rainbow"],"picked":"Reboot","floor":33},{"not_picked":["Ball Lightning","Steam"],"picked":"Coolheaded+1","floor":35},{"not_picked":["Force Field+1","Gash"],"picked":"Capacitor+1","floor":36},{"not_picked":["Doom and Gloom","Cold Snap+1"],"picked":"Hologram","floor":37},{"not_picked":["Ball Lightning","Rainbow","Sweeping Beam"],"picked":"SKIP","floor":40},{"not_picked":["Amplify","Buffer"],"picked":"Rebound","floor":42},{"not_picked":["Compile Driver+1","Coolheaded+1"],"picked":"Hologram+1","floor":44},{"not_picked":["Cold Snap","Recycle+1"],"picked":"Self Repair+1","floor":46},{"not_picked":["Redo","Compile Driver"],"picked":"Coolheaded+1","floor":48},{"not_picked":["Gash+1","Defragment"],"picked":"Redo+1","floor":54}],"player_experience":187523,"relics_obtained":[{"floor":7,"key":"Strawberry"},{"floor":26,"key":"Symbiotic Virus"},{"floor":28,"key":"Peace Pipe"},{"floor":40,"key":"Oddly Smooth Stone"},{"floor":40,"key":"Mercury Hourglass"},{"floor":42,"key":"Potion Belt"},{"floor":42,"key":"War Paint"},{"floor":43,"key":"Bottled Flame"},{"floor":54,"key":"Incense Burner"},{"floor":54,"key":"Gremlin Horn"}],"event_choices":[{"cards_removed":["Regret"],"damage_healed":0,"gold_gain":0,"player_choice":"Forget","damage_taken":0,"max_hp_gain":0,"max_hp_loss":0,"event_name":"Living Wall","floor":11,"gold_loss":0},{"damage_healed":0,"gold_gain":0,"player_choice":"Traded Relic","damage_taken":0,"relics_obtained":["Nloth\u0027s Gift"],"max_hp_gain":0,"max_hp_loss":0,"event_name":"N\u0027loth","floor":20,"relics_lost":["Cursed Key"],"gold_loss":0},{"damage_healed":0,"gold_gain":0,"player_choice":"Obtained Relic","damage_taken":0,"relics_obtained":["Bag of Preparation"],"max_hp_gain":0,"max_hp_loss":0,"event_name":"Addict","floor":31,"gold_loss":85},{"cards_removed":["Strike_B"],"damage_healed":0,"gold_gain":0,"player_choice":"Purged","damage_taken":0,"max_hp_gain":0,"max_hp_loss":0,"event_name":"Purifier","floor":38,"gold_loss":0}],"is_beta":false,"boss_relics":[{"not_picked":["Calling Bell","Busted Crown"],"picked":"Nuclear Battery"},{"not_picked":["Snecko Eye","White Beast Statue"],"picked":"Black Star"}],"items_purged_floors":[19,53],"is_endless":false,"potions_floor_spawned":[1,7,13,16,28,30,40,44,48,54],"killed_by":"The Heart","ascension_level":0}