{"gold_per_floor":[111,123,83,99,99,133,148,148,148,180,66,66,66,95,95,168,168,179,179,24,37,50,50,78,23,23,423,423,423,440,365,365,444,444,460,61,71,86,0,0,17,17,17,17,17,35,35,35,35,35,35],"floor_reached":52,"playtime":2473,"items_purged":["Strike_R","Strike_R","Strike_R"],"score":1822,"play_id":"47737094-d36b-44d8-a7b8-baba09fb021b","local_time":"20190526143033","is_ascension_mode":true,"campfire_choices":[{"data":"Bash","floor":8.0,"key":"SMITH"},{"floor":12.0,"key":"REST"},{"data":"Disarm","floor":15.0,"key":"SMITH"},{"data":"Whirlwind","floor":23,"key":"SMITH"},{"data":"Limit Break","floor":29,"key":"SMITH"},{"floor":32,"key":"REST"},{"floor":40,"key":"DIG"},{"floor":42,"key":"DIG"},{"floor":44,"key":"DIG"},{"floor":47,"key":"DIG"},{"floor":49,"key":"REST"}],"neow_cost":"PERCENT_DAMAGE","seed_source_timestamp":908590219667200,"circlet_count":0,"master_deck":["AscendersBane","Strike_R","Defend_R","Defend_R","Defend_R","Defend_R","Bash+1","Clothesline","Armaments","Disarm+1","Twin Strike","Whirlwind+1","True Grit","Inflame","Impervious","Limit Break+1","Twin Strike","Inflame","True Grit","Headbutt","Armaments","Shrug It Off","Feel No Pain","Offering","Feed","Spot Weakness","Disarm+1","Heavy Blade+1"],"special_seed":0,"relics":["Burning Blood","Gambling Chip","Art of War","Matryoshka","Kunai","Centennial Puzzle","Ginger","Shovel","Philosopher\u0027s Stone","Question Card","Sundial","Bottled Tornado","Old Coin","Self Forming Clay","Ornamental Fan","Busted Crown","Pantograph","Red Mask","StoneCalendar","Dodecahedron","Pear","Shuriken","Red Skull"],"potions_floor_usage":[24,24,41,50,50],"damage_taken":[{"damage":4.0,"enemies":"Small Slimes","floor":1.0,"turns":4.0},{"damage":4.0,"enemies":"Cultist","floor":2.0,"turns":3.0},{"damage":4.0,"enemies":"Jaw Worm","floor":4.0,"turns":4.0},{"damage":37.0,"enemies":"3 Sentries","floor":6.0,"turns":9.0},{"damage":20.0,"enemies":"Lots of Slimes","floor":7.0,"turns":6.0},{"damage":30.0,"enemies":"Gremlin Nob","floor":10.0,"turns":4.0},{"damage":17.0,"enemies":"Lagavulin","floor":14.0,"turns":8.0},{"damage":13.0,"enemies":"The Guardian","floor":16.0,"turns":15.0},{"damage":3,"enemies":"3 Byrds","floor":18,"turns":6},{"damage":6,"enemies":"Shell Parasite","floor":21,"turns":5},{"damage":18,"enemies":"3 Cultists","floor":22,"turns":4},{"damage":0,"enemies":"Gremlin Leader","floor":24,"turns":6},{"damage":21,"enemies":"Colosseum Slavers","floor":27,"turns":3},{"damage":17,"enemies":"Colosseum Nobs","floor":27,"turns":5},{"damage":8,"enemies":"Centurion and Healer","floor":30,"turns":8},{"damage":32,"enemies":"Champ","floor":33,"turns":7},{"damage":14,"enemies":"Orb Walker","floor":35,"turns":4},{"damage":36,"enemies":"3 Darklings","floor":37,"turns":4},{"damage":12,"enemies":"Jaw Worm Horde","floor":38,"turns":3},{"damage":11,"enemies":"Spire Growth","floor":41,"turns":4},{"damage":6,"enemies":"4 Shapes","floor":46,"turns":2},{"damage":39,"enemies":"Donu and Deca","floor":50,"turns":6},{"damage":46,"enemies":"Awakened One","floor":51,"turns":12}],"seed_played":"-2002867972717436561","potions_obtained":[{"floor":3.0,"key":"Explosive Potion"},{"floor":3.0,"key":"SpeedPotion"},{"floor":6.0,"key":"BloodPotion"},{"floor":10.0,"key":"PowerPotion"},{"floor":18,"key":"Fire Potion"},{"floor":22,"key":"AttackPotion"},{"floor":27,"key":"Block Potion"},{"floor":33,"key":"Swift Potion"},{"floor":38,"key":"PowerPotion"},{"floor":41,"key":"Block Potion"}],"is_trial":false,"path_per_floor":["M","M","?","M","?","E","M","R","T","E","$","R","T","E","R","B",null,"M","?","$","M","M","R","E","$","T","?","T","R","M","?","R","B",null,"M","$","M","M","?","R","M","R","T","R","$","M","R","?","R","B","B",null],"character_chosen":"IRONCLAD","items_purchased":["Inflame","True Grit","Shrug It Off","Pantograph"],"campfire_rested":3,"item_purchase_floors":[11,20,25,36],"current_hp_per_floor":[52,54,54,56,75,44,37,37,37,13,13,35,35,24,24,17,61,64,64,64,64,52,52,58,58,58,32,32,32,30,30,52,26,63,58,58,28,22,22,22,20,20,30,30,30,33,33,33,61,53,38],"gold":35,"neow_bonus":"ONE_RARE_RELIC","is_prod":false,"is_daily":false,"chose_seed":false,"campfire_upgraded":4,"win_rate":0,"timestamp":1558895433,"path_taken":["M","M","?","?","?","E","?","R","T","E","$","R","?","E","R","BOSS","M","?","$","?","M","R","E","$","T","?","?","R","M","?","R","BOSS","M","$","M","M","?","R","M","R","T","R","$","M","R","?","R","BOSS","BOSS"],"build_version":"2019-01-23","purchased_purges":3,"victory":true,"max_hp_per_floor":[75,75,75,75,75,75,75,75,75,75,75,75,75,75,75,75,75,75,75,75,75,75,75,75,75,75,75,75,75,75,75,75,75,75,78,78,78,78,78,78,81,81,91,91,91,94,94,94,94,94,94],"card_choices":[{"not_picked":["Twin Strike","Shrug It Off"],"picked":"Clothesline","floor":1.0},{"not_picked":["Clash","Warcry"],"picked":"Armaments","floor":2.0},{"not_picked":["Shrug It Off","Pommel Strike"],"picked":"Disarm","floor":4.0},{"not_picked":["Havoc","Shrug It Off"],"picked":"Twin Strike","floor":6.0},{"not_picked":["Heavy Blade","Fire Breathing"],"picked":"Whirlwind","floor":7.0},{"not_picked":["Shockwave","Exhume"],"picked":"True Grit","floor":10.0},{"not_picked":["Pommel Strike","Hemokinesis"],"picked":"Impervious","floor":14.0},{"not_picked":["Demon Form","Immolate"],"picked":"Limit Break","floor":16.0},{"not_picked":["Blood for Blood","Heavy Blade"],"picked":"Twin Strike","floor":18},{"not_picked":["Heavy Blade","Wild Strike","Corruption"],"picked":"SKIP","floor":21},{"not_picked":["Body Slam","Heavy Blade"],"picked":"Headbutt","floor":22},{"not_picked":["Evolve+1","Sword Boomerang"],"picked":"Armaments","floor":24},{"not_picked":["Anger","Wild Strike+1","Thunderclap"],"picked":"Feel No Pain","floor":27},{"not_picked":["Hemokinesis","Iron Wave","Twin Strike"],"picked":"Offering","floor":30},{"not_picked":["Double Tap","Barricade","Bludgeon"],"picked":"Feed","floor":33},{"not_picked":["Anger"],"picked":"Spot Weakness","floor":35},{"not_picked":["Thunderclap","Hemokinesis"],"picked":"SKIP","floor":37},{"not_picked":["Heavy Blade"],"picked":"Disarm+1","floor":38},{"not_picked":["Flex+1","Intimidate"],"picked":"SKIP","floor":41},{"not_picked":["Sentinel+1"],"picked":"Heavy Blade+1","floor":46}],"player_experience":832638,"relics_obtained":[{"floor":6.0,"key":"Art of War"},{"floor":9.0,"key":"Matryoshka"},{"floor":10.0,"key":"Kunai"},{"floor":13.0,"key":"Centennial Puzzle"},{"floor":13.0,"key":"Ginger"},{"floor":14.0,"key":"Shovel"},{"floor":24,"key":"Question Card"},{"floor":26,"key":"Sundial"},{"floor":26,"key":"Bottled Tornado"},{"floor":27,"key":"Old Coin"},{"floor":27,"key":"Self Forming Clay"},{"floor":28,"key":"Ornamental Fan"},{"floor":40,"key":"StoneCalendar"},{"floor":42,"key":"Dodecahedron"},{"floor":43,"key":"Pear"},{"floor":44,"key":"Shuriken"},{"floor":47,"key":"Red Skull"}],"event_choices":[{"damage_healed":0.0,"max_hp_gain":0.0,"max_hp_loss":0.0,"gold_gain":0.0,"event_name":"The Woman in Blue","player_choice":"Bought 3 Potions","floor":3.0,"gold_loss":0.0,"damage_taken":0.0},{"damage_healed":19.0,"max_hp_gain":0.0,"max_hp_loss":0.0,"gold_gain":0.0,"event_name":"Wheel of Change","player_choice":"Full Heal","floor":5.0,"gold_loss":0.0,"damage_taken":0.0},{"damage_healed":0,"gold_gain":0,"player_choice":"Copied","damage_taken":0,"max_hp_gain":0,"max_hp_loss":0,"event_name":"Duplicator","floor":19,"gold_loss":0,"cards_obtained":["Inflame"]},{"damage_healed":0,"gold_gain":0,"player_choice":"Fight","damage_taken":0,"max_hp_gain":0,"max_hp_loss":0,"event_name":"Colosseum","floor":27,"gold_loss":0},{"damage_healed":0,"gold_gain":0,"player_choice":"Fought Nobs","damage_taken":0,"max_hp_gain":0,"max_hp_loss":0,"event_name":"Colosseum","floor":27,"gold_loss":0},{"cards_removed":["Strike_R"],"damage_healed":0,"gold_gain":0,"player_choice":"Gave Gold","damage_taken":0,"max_hp_gain":0,"max_hp_loss":0,"event_name":"Beggar","floor":31,"gold_loss":75},{"damage_healed":0,"gold_gain":0,"player_choice":"Paid","damage_taken":0,"relics_obtained":["Red Mask"],"max_hp_gain":0,"max_hp_loss":0,"event_name":"Tomb of Lord Red Mask","floor":39,"gold_loss":86},{"damage_healed":0,"gold_gain":0,"player_choice":"Got Potions","damage_taken":0,"max_hp_gain":0,"max_hp_loss":0,"event_name":"Lab","floor":48,"gold_loss":0}],"is_beta":false,"boss_relics":[{"not_picked":["Runic Dome","Black Star"],"picked":"Philosopher\u0027s Stone"},{"not_picked":["Mark of Pain","Tiny House"],"picked":"Busted Crown"}],"items_purged_floors":[11,20,36],"is_endless":false,"potions_floor_spawned":[4,6,10,18,22,27,27,33,37,38,41],"ascension_level":20}