{"gold_per_floor":[215,233,91,107,4,4,33,33,33,33,58,78,92,120,120,192,192,204,217,517,527,527,556,556],"floor_reached":24,"playtime":933,"items_purged":["Strike_B"],"score":413,"play_id":"9ed55e95-639c-4971-b505-9d986c09e2ed","local_time":"20190504152052","is_ascension_mode":true,"campfire_choices":[{"data":"Sunder","floor":6,"key":"SMITH"},{"data":"Rip and Tear","floor":8,"key":"SMITH"},{"floor":15,"key":"REST"}],"neow_cost":"NONE","seed_source_timestamp":603409525496064,"circlet_count":0,"master_deck":["AscendersBane","Strike_B","Strike_B","Strike_B","Defend_B","Defend_B","Defend_B","Defend_B","Zap+1","Dualcast","Rip and Tear+1","Hello World","Sunder+1","Leap","Static Discharge","Ball Lightning","Hologram","Reinforced Body","Core Surge","Echo Form","Hologram","Seek","Loop","Self Repair","Writhe","Capacitor+1"],"relics":["Cracked Core","Question Card","DataDisk","Dream Catcher","Sundial","Snecko Eye","Old Coin","Anchor"],"potions_floor_usage":[14,23,23],"damage_taken":[{"damage":0,"enemies":"Small Slimes","floor":1,"turns":4},{"damage":0,"enemies":"Cultist","floor":2,"turns":3},{"damage":0,"enemies":"2 Louse","floor":4,"turns":1},{"damage":19,"enemies":"Lagavulin","floor":7,"turns":7},{"damage":9,"enemies":"Gremlin Nob","floor":11,"turns":3},{"damage":0,"enemies":"Blue Slaver","floor":12,"turns":4},{"damage":5,"enemies":"Gremlin Gang","floor":13,"turns":3},{"damage":10,"enemies":"3 Sentries","floor":14,"turns":4},{"damage":12,"enemies":"Slime Boss","floor":16,"turns":7},{"damage":5,"enemies":"Shell Parasite","floor":18,"turns":6},{"damage":9,"enemies":"Chosen","floor":19,"turns":4},{"damage":24,"enemies":"Snake Plant","floor":21,"turns":5},{"damage":55,"enemies":"Slavers","floor":23,"turns":5},{"damage":19,"enemies":"Centurion and Healer","floor":24,"turns":2}],"seed_played":"1537350335630535097","potions_obtained":[{"floor":1,"key":"Dexterity Potion"},{"floor":4,"key":"AttackPotion"},{"floor":14,"key":"Energy Potion"}],"is_trial":false,"path_per_floor":["M","M","$","M","$","R","E","R","T","?","E","M","M","E","R","B",null,"M","M","?","M","?","E","M"],"character_chosen":"DEFECT","items_purchased":["Sunder","Static Discharge","Ball Lightning"],"campfire_rested":1,"item_purchase_floors":[3,5,5],"current_hp_per_floor":[64,64,64,64,64,64,45,45,45,45,36,36,31,21,42,30,61,56,47,47,37,71,16,0],"gold":556,"neow_bonus":"HUNDRED_GOLD","is_prod":false,"is_daily":false,"chose_seed":false,"campfire_upgraded":2,"win_rate":0,"timestamp":1557001252,"path_taken":["M","M","$","M","$","R","E","R","T","?","E","M","?","E","R","BOSS","M","M","?","M","?","E","M"],"build_version":"2019-01-23","purchased_purges":1,"victory":false,"max_hp_per_floor":[71,71,71,71,71,71,71,71,71,71,71,71,71,71,71,71,71,71,71,71,71,71,71,71],"card_choices":[{"not_picked":["Leap","Blizzard"],"picked":"Rip and Tear","floor":1},{"not_picked":["BootSequence","Turbo"],"picked":"Hello World","floor":2},{"not_picked":["Turbo","Conserve Battery"],"picked":"Leap","floor":4},{"not_picked":["Hyperbeam","Barrage"],"picked":"Hologram","floor":7},{"not_picked":["Undo","Hello World","Tempest"],"picked":"Reinforced Body","floor":11},{"not_picked":["Turbo","Rebound","Ball Lightning","Compile Driver"],"picked":"SKIP","floor":12},{"not_picked":["Cold Snap","Hello World","Auto Shields"],"picked":"Core Surge","floor":13},{"not_picked":["Chaos","White Noise","Reprogram"],"picked":"Echo Form","floor":14},{"not_picked":["Force Field","Ball Lightning","Compile Driver"],"picked":"Hologram","floor":15},{"not_picked":["Thunder Strike","All For One","Machine Learning"],"picked":"Seek","floor":16},{"not_picked":["Stack","Cold Snap","Beam Cell"],"picked":"Loop","floor":18},{"not_picked":["Streamline","Steam","Turbo"],"picked":"Self Repair","floor":19},{"not_picked":["Sweeping Beam","Scrape","Consume+1","Leap"],"picked":"SKIP","floor":21},{"not_picked":["Beam Cell","Rebound","Machine Learning"],"picked":"Capacitor+1","floor":23}],"player_experience":379363,"relics_obtained":[{"floor":7,"key":"Question Card"},{"floor":9,"key":"DataDisk"},{"floor":11,"key":"Dream Catcher"},{"floor":14,"key":"Sundial"},{"floor":23,"key":"Anchor"}],"event_choices":[{"damage_healed":0,"gold_gain":0,"player_choice":"Forge","damage_taken":0,"max_hp_gain":0,"max_hp_loss":0,"event_name":"Accursed Blacksmith","floor":10,"gold_loss":0,"cards_upgraded":["Zap"]},{"damage_healed":0,"gold_gain":0,"player_choice":"Opened","damage_taken":0,"relics_obtained":["Old Coin"],"max_hp_gain":0,"max_hp_loss":0,"event_name":"The Mausoleum","floor":20,"gold_loss":0,"cards_obtained":["Writhe"]},{"damage_healed":34,"gold_gain":0,"player_choice":"Full Heal","damage_taken":0,"max_hp_gain":0,"max_hp_loss":0,"event_name":"Wheel of Change","floor":22,"gold_loss":0}],"is_beta":false,"boss_relics":[{"not_picked":["Pandora\u0027s Box","Runic Pyramid"],"picked":"Snecko Eye"}],"items_purged_floors":[3],"is_endless":false,"potions_floor_spawned":[1,4,7,14,16,18],"killed_by":"Centurion and Healer","ascension_level":15}