{"gold_per_floor":[115,125,141,157,172,172,29,29,106,135,149,174,174,186,198,315,327,352,364,376,374,55,55,81,81,104,104,122,140,140,160,160,265,265,279,30,30,47,47,47,377,377,404,420,420,451,176,188,188,188],"floor_reached":51,"playtime":5983,"items_purged":["Strike_G","Strike_G","Strike_G"],"score":727,"play_id":"79b4c894-aea8-41b3-a15d-d289e8383ec5","local_time":"20190518165150","is_ascension_mode":false,"campfire_choices":[{"data":"Footwork","floor":6,"key":"SMITH"},{"floor":15,"key":"REST"},{"floor":23,"key":"REST"},{"floor":30,"key":"REST"},{"data":"Accuracy","floor":32,"key":"SMITH"},{"data":"Storm of Steel","floor":40,"key":"SMITH"},{"data":"After Image","floor":42,"key":"SMITH"},{"floor":49,"key":"REST"}],"neow_cost":"NONE","seed_source_timestamp":203097029063511,"circlet_count":0,"master_deck":["Defend_G","Defend_G","Defend_G","Defend_G","Defend_G","Strike_G","Survivor","Neutralize","Cloak And Dagger","Sucker Punch","Footwork+1","Infinite Blades","Blur","Dash","Noxious Fumes","Terror","Backflip","Storm of Steel+1","Deflect","Blur","Accuracy+1","J.A.X.","Catalyst+1","Cloak And Dagger+1","After Image+1","Calculated Gamble"],"relics":["Ring of the Snake","Bottled Tornado","Calipers","Odd Mushroom","MawBank","Runic Pyramid","Thread and Needle","Oddly Smooth Stone","Snake Skull","Regal Pillow","Sozu","Ornamental Fan","Old Coin","Strawberry","Vajra"],"potions_floor_usage":[50],"damage_taken":[{"damage":0,"enemies":"Cultist","floor":1,"turns":4},{"damage":0,"enemies":"Small Slimes","floor":2,"turns":3},{"damage":4,"enemies":"Jaw Worm","floor":3,"turns":5},{"damage":7,"enemies":"Looter","floor":4,"turns":5},{"damage":5,"enemies":"Large Slime","floor":5,"turns":10},{"damage":9,"enemies":"Lagavulin","floor":10,"turns":12},{"damage":4,"enemies":"Red Slaver","floor":11,"turns":4},{"damage":12,"enemies":"The Mushroom Lair","floor":12,"turns":6},{"damage":24,"enemies":"Slime Boss","floor":16,"turns":11},{"damage":18,"enemies":"Spheric Guardian","floor":18,"turns":6},{"damage":12,"enemies":"Colosseum Slavers","floor":19,"turns":7},{"damage":8,"enemies":"2 Thieves","floor":21,"turns":4},{"damage":18,"enemies":"Slavers","floor":24,"turns":9},{"damage":6,"enemies":"Centurion and Healer","floor":28,"turns":7},{"damage":3,"enemies":"Chosen and Byrds","floor":29,"turns":5},{"damage":6,"enemies":"Snake Plant","floor":31,"turns":6},{"damage":20,"enemies":"Collector","floor":33,"turns":10},{"damage":3,"enemies":"3 Shapes","floor":35,"turns":5},{"damage":3,"enemies":"Orb Walker","floor":38,"turns":5},{"damage":3,"enemies":"Nemesis","floor":41,"turns":5},{"damage":3,"enemies":"Maw","floor":44,"turns":7},{"damage":3,"enemies":"Spire Growth","floor":45,"turns":5},{"damage":49,"enemies":"Reptomancer","floor":46,"turns":7},{"damage":0,"enemies":"Writhing Mass","floor":48,"turns":6},{"damage":24,"enemies":"Time Eater","floor":50,"turns":11}],"seed_played":"5573040576967755444","potions_obtained":[{"floor":1,"key":"PowerPotion"},{"floor":5,"key":"EntropicBrew"},{"floor":11,"key":"GamblersBrew"}],"is_trial":false,"path_per_floor":["M","M","M","M","M","R","$","?","T","E","M","?","?","?","R","B",null,"M","?","?","M","$","R","E","?","T","$","M","M","R","M","R","B",null,"M","$","?","M","$","R","E","R","T","M","M","E","$","M","R","B",null],"character_chosen":"THE_SILENT","items_purchased":["Dash","Accuracy","Oddly Smooth Stone","Ornamental Fan","Vajra"],"campfire_rested":4,"item_purchase_floors":[7,22,22,36,47],"current_hp_per_floor":[70,70,66,59,54,54,54,54,54,45,41,29,11,11,32,8,70,52,40,40,32,32,53,35,35,35,35,29,26,62,56,56,36,70,67,67,67,64,64,64,61,61,61,58,55,13,13,13,51,27],"gold":188,"neow_bonus":"TRANSFORM_CARD","is_prod":false,"is_daily":false,"chose_seed":false,"campfire_upgraded":4,"win_rate":0,"timestamp":1558223510,"path_taken":["M","?","M","M","M","R","$","?","T","E","M","?","?","?","R","BOSS","M","?","?","M","$","R","E","?","T","?","M","M","R","M","R","BOSS","M","$","?","M","$","R","E","R","T","M","M","E","$","M","R","BOSS"],"build_version":"2019-01-23","purchased_purges":3,"victory":true,"max_hp_per_floor":[70,70,70,70,70,70,70,70,70,70,70,70,70,70,70,70,70,70,70,70,70,70,70,70,70,70,70,70,70,70,70,70,70,70,70,70,70,70,70,70,70,70,70,70,70,77,77,77,77,77],"card_choices":[{"not_picked":["Crippling Poison","Heel Hook"],"picked":"Sucker Punch","floor":1},{"not_picked":["Deflect","Calculated Gamble","Masterful Stab"],"picked":"SKIP","floor":2},{"not_picked":["Well Laid Plans","Deflect"],"picked":"Footwork","floor":3},{"not_picked":["Catalyst","Cloak And Dagger"],"picked":"Infinite Blades","floor":4},{"not_picked":["Masterful Stab","Expertise"],"picked":"Blur","floor":5},{"not_picked":["Flying Knee","Deflect"],"picked":"Noxious Fumes","floor":10},{"not_picked":["Infinite Blades","Choke"],"picked":"Terror","floor":11},{"not_picked":["Setup","Deflect"],"picked":"Backflip","floor":12},{"not_picked":["Phantasmal Killer","Adrenaline"],"picked":"Storm of Steel","floor":16},{"not_picked":["Slice","Poisoned Stab"],"picked":"Deflect","floor":18},{"not_picked":["Riddle With Holes","Skewer"],"picked":"Blur","floor":21},{"not_picked":["Sucker Punch","Concentrate+1","Slice"],"picked":"SKIP","floor":24},{"not_picked":["Slice","Finisher","Underhanded Strike"],"picked":"SKIP","floor":28},{"not_picked":["Die Die Die","Calculated Gamble","Distraction"],"picked":"SKIP","floor":29},{"not_picked":["Prepared","Cloak And Dagger"],"picked":"Catalyst+1","floor":31},{"not_picked":["Poisoned Stab+1","Skewer"],"picked":"Cloak And Dagger+1","floor":35},{"not_picked":["Poisoned Stab+1","Crippling Poison+1","Bouncing Flask"],"picked":"SKIP","floor":38},{"not_picked":["Catalyst","Prepared+1"],"picked":"After Image","floor":41},{"not_picked":["Finisher","Masterful Stab","Flechettes"],"picked":"SKIP","floor":44},{"not_picked":["Underhanded Strike+1","Leg Sweep+1","Quick Slash"],"picked":"SKIP","floor":45},{"not_picked":["Underhanded Strike+1","Flying Knee"],"picked":"Calculated Gamble","floor":46},{"not_picked":["PiercingWail","Die Die Die","Blade Dance"],"picked":"SKIP","floor":48}],"player_experience":159015,"relics_obtained":[{"floor":9,"key":"Bottled Tornado"},{"floor":10,"key":"Calipers"},{"floor":12,"key":"Odd Mushroom"},{"floor":24,"key":"Snake Skull"},{"floor":26,"key":"Regal Pillow"},{"floor":41,"key":"Old Coin"},{"floor":46,"key":"Strawberry"}],"event_choices":[{"damage_healed":0,"gold_gain":0,"player_choice":"Ignored","damage_taken":0,"max_hp_gain":0,"max_hp_loss":0,"event_name":"Liars Game","floor":8,"gold_loss":0},{"damage_healed":0,"gold_gain":0,"player_choice":"Fought Mushrooms","damage_taken":0,"max_hp_gain":0,"max_hp_loss":0,"event_name":"Mushrooms","floor":12,"gold_loss":0},{"damage_healed":0,"gold_gain":0,"player_choice":"Success","damage_taken":18,"relics_obtained":["MawBank"],"max_hp_gain":0,"max_hp_loss":0,"event_name":"Scrap Ooze","floor":13,"gold_loss":0},{"damage_healed":0,"gold_gain":0,"player_choice":"Ignored","damage_taken":0,"max_hp_gain":0,"max_hp_loss":0,"event_name":"Shining Light","floor":14,"gold_loss":0},{"damage_healed":0,"gold_gain":0,"player_choice":"Fight","damage_taken":0,"max_hp_gain":0,"max_hp_loss":0,"event_name":"Colosseum","floor":19,"gold_loss":0},{"damage_healed":0,"gold_gain":0,"player_choice":"Fled From Nobs","damage_taken":0,"max_hp_gain":0,"max_hp_loss":0,"event_name":"Colosseum","floor":19,"gold_loss":0},{"damage_healed":0,"gold_gain":0,"player_choice":"Opened","damage_taken":0,"relics_obtained":["Thread and Needle"],"max_hp_gain":0,"max_hp_loss":0,"event_name":"The Mausoleum","floor":20,"gold_loss":0},{"damage_healed":0,"gold_gain":0,"player_choice":"Obtain J.A.X.","damage_taken":0,"max_hp_gain":0,"max_hp_loss":0,"event_name":"Drug Dealer","floor":25,"gold_loss":0,"cards_obtained":["J.A.X."]},{"damage_healed":0,"gold_gain":0,"player_choice":"Got Potions","damage_taken":0,"max_hp_gain":0,"max_hp_loss":0,"event_name":"Lab","floor":37,"gold_loss":0}],"is_beta":false,"boss_relics":[{"not_picked":["Empty Cage","Ectoplasm"],"picked":"Runic Pyramid"},{"not_picked":["Calling Bell","Black Star"],"picked":"Sozu"}],"items_purged_floors":[7,22,47],"is_endless":false,"potions_floor_spawned":[1,5,11,12,16,19,21,28,35,44,45,48],"ascension_level":0}