{"gold_per_floor":[211,226,9,9,24,24,85,108,135,35,35,76,76,116,116,242,242,257,347,4,20,40,40,40,40,40,40],"floor_reached":27,"playtime":773,"items_purged":["Strike_B","Strike_B","Strike_B"],"score":398,"play_id":"aa3ccc03-f248-41ca-94b9-e8de3c12580f","local_time":"20190427154348","is_ascension_mode":true,"campfire_choices":[{"data":"Static Discharge","floor":6,"key":"SMITH"},{"floor":11,"key":"REST"},{"data":"Loop","floor":13,"key":"SMITH"},{"floor":15,"key":"REST"},{"data":"Defragment","floor":23,"key":"SMITH"},{"data":"Defragment","floor":25,"key":"SMITH"}],"neow_cost":"NONE","seed_source_timestamp":126666059566,"circlet_count":0,"master_deck":["AscendersBane","Strike_B","Defend_B","Defend_B","Defend_B","Defend_B","Zap","Dualcast","Barrage","Ball Lightning","Static Discharge+1","Tempest","Reprogram","Cold Snap","Loop+1","Defragment+1","Echo Form","Consume+1","Coolheaded","Defragment+1","Dark Shackles","Melter","Steam"],"relics":["Cracked Core","Golden Idol","Tiny Chest","Orichalcum","Lantern","Boot","Nuclear Battery","Strawberry"],"potions_floor_usage":[24,24],"damage_taken":[{"damage":2,"enemies":"Jaw Worm","floor":1,"turns":5},{"damage":5,"enemies":"Small Slimes","floor":2,"turns":4},{"damage":1,"enemies":"Cultist","floor":5,"turns":3},{"damage":15,"enemies":"Lagavulin","floor":7,"turns":7},{"damage":6,"enemies":"Blue Slaver","floor":8,"turns":3},{"damage":12,"enemies":"3 Sentries","floor":12,"turns":5},{"damage":23,"enemies":"Lagavulin","floor":14,"turns":6},{"damage":23,"enemies":"The Guardian","floor":16,"turns":9},{"damage":6,"enemies":"3 Byrds","floor":18,"turns":3},{"damage":5,"enemies":"Shell Parasite","floor":21,"turns":6},{"damage":2,"enemies":"Snecko","floor":22,"turns":5},{"damage":0,"enemies":"Gremlin Leader","floor":24,"turns":5},{"damage":50,"enemies":"Slavers","floor":27,"turns":3}],"seed_played":"-423217979737267350","potions_obtained":[{"floor":2,"key":"Fire Potion"},{"floor":14,"key":"SmokeBomb"}],"is_trial":false,"path_per_floor":["M","M","$","?","M","R","E","M","T","$","R","E","R","E","R","B",null,"M","?","$","M","M","R","E","R","T","E"],"character_chosen":"DEFECT","items_purchased":["Static Discharge","Tempest","Coolheaded","Defragment","Dark Shackles"],"campfire_rested":2,"item_purchase_floors":[3,3,20,20,20],"current_hp_per_floor":[66,61,61,61,60,60,45,39,39,39,59,47,47,24,44,21,57,51,39,39,34,32,32,32,32,39,0],"gold":40,"neow_bonus":"HUNDRED_GOLD","is_prod":false,"is_daily":false,"chose_seed":false,"campfire_upgraded":4,"win_rate":0,"timestamp":1556397828,"path_taken":["M","M","$","?","M","R","E","M","T","$","R","E","R","E","R","BOSS","M","?","$","M","M","R","E","R","T","E"],"build_version":"2019-01-23","purchased_purges":3,"victory":false,"max_hp_per_floor":[75,75,75,69,69,69,69,69,69,69,69,69,69,69,69,69,69,69,69,69,69,69,69,69,69,76,76],"card_choices":[{"not_picked":["Coolheaded","Leap"],"picked":"Barrage","floor":1},{"not_picked":["Tempest","Hello World"],"picked":"Ball Lightning","floor":2},{"not_picked":["FTL","Steam"],"picked":"Reprogram","floor":5},{"not_picked":["Barrage","Streamline"],"picked":"Cold Snap","floor":7},{"not_picked":["Gash","Reprogram"],"picked":"Loop","floor":8},{"not_picked":["Ball Lightning","Sweeping Beam","Rainbow"],"picked":"SKIP","floor":12},{"not_picked":["Go for the Eyes","Consume"],"picked":"Defragment","floor":14},{"not_picked":["Multi-Cast","Thunder Strike"],"picked":"Echo Form","floor":16},{"not_picked":["Leap","Sweeping Beam+1"],"picked":"Consume+1","floor":18},{"not_picked":["Conserve Battery","Ball Lightning"],"picked":"Melter","floor":21},{"not_picked":["FTL","Ball Lightning"],"picked":"Steam","floor":22}],"player_experience":332408,"relics_obtained":[{"floor":7,"key":"Tiny Chest"},{"floor":9,"key":"Orichalcum"},{"floor":12,"key":"Lantern"},{"floor":14,"key":"Boot"},{"floor":26,"key":"Strawberry"}],"event_choices":[{"damage_healed":0,"gold_gain":0,"player_choice":"Lose Max HP","damage_taken":0,"relics_obtained":["Golden Idol"],"max_hp_gain":0,"max_hp_loss":6,"event_name":"Golden Idol","floor":4,"gold_loss":0},{"damage_healed":0,"gold_gain":90,"player_choice":"GOLD ","damage_taken":12,"max_hp_gain":0,"max_hp_loss":0,"event_name":"Knowing Skull","floor":19,"potions_obtained":[],"gold_loss":0,"cards_obtained":[]}],"is_beta":false,"boss_relics":[{"not_picked":["Orrery","White Beast Statue"],"picked":"Nuclear Battery"}],"items_purged_floors":[3,10,20],"is_endless":false,"potions_floor_spawned":[2,14,16,21,24],"killed_by":"Slavers","ascension_level":12}