{"gold_per_floor":[116,129,9,9,9,45,45,80,80,5,5,29,72,72,72,168,168,189,89,63,81,81,81,114,138,163,112,112,125,125,141,141,231,231,251,251,376,34,48,48,48,62,89,110,110,128,128,142,142,142],"floor_reached":51,"playtime":1781,"items_purged":["Strike_B","Strike_B","Strike_B"],"score":1352,"play_id":"ccf52f8a-e051-4936-9966-fe567ec5a30d","local_time":"20190517170118","is_ascension_mode":true,"campfire_choices":[{"data":"Defragment","floor":7.0,"key":"SMITH"},{"data":"Loop","floor":15.0,"key":"SMITH"},{"data":"Buffer","floor":23.0,"key":"SMITH"},{"floor":28.0,"key":"REST"},{"data":"Undo","floor":30.0,"key":"SMITH"},{"floor":32.0,"key":"REST"},{"data":"White Noise","floor":40.0,"key":"SMITH"},{"floor":47.0,"key":"REST"},{"floor":49,"key":"REST"}],"neow_cost":"NONE","seed_source_timestamp":9679965431182,"circlet_count":0,"master_deck":["AscendersBane","Strike_B","Defend_B","Defend_B","Defend_B","Defend_B","Zap","Dualcast","Cold Snap","Doom and Gloom","Defragment+1","Coolheaded","Echo Form","Hologram","Loop+1","Buffer+1","Chaos","White Noise+1","Steam Power","Steam","Undo+1","Leap","Leap","Loop+1","Coolheaded","Defragment","Steam+1","Skim"],"special_seed":0,"relics":["Cracked Core","NeowsBlessing","Golden Idol","Bottled Tornado","Strawberry","Art of War","Oddly Smooth Stone","Omamori","Velvet Choker","Centennial Puzzle","Vajra","White Beast Statue","Nunchaku","DataDisk","Cables","Boot"],"potions_floor_usage":[48,48,50],"damage_taken":[{"damage":0.0,"enemies":"2 Louse","floor":1.0,"turns":1.0},{"damage":0.0,"enemies":"Small Slimes","floor":2.0,"turns":1.0},{"damage":0.0,"enemies":"3 Sentries","floor":6.0,"turns":1.0},{"damage":11.0,"enemies":"Lagavulin","floor":8.0,"turns":7.0},{"damage":0.0,"enemies":"Cultist","floor":12.0,"turns":3.0},{"damage":32.0,"enemies":"3 Sentries","floor":13.0,"turns":5.0},{"damage":26.0,"enemies":"Slime Boss","floor":16.0,"turns":7.0},{"damage":0.0,"enemies":"Chosen","floor":18.0,"turns":5.0},{"damage":20.0,"enemies":"2 Thieves","floor":20.0,"turns":4.0},{"damage":11.0,"enemies":"Snake Plant","floor":21.0,"turns":7.0},{"damage":43.0,"enemies":"Slavers","floor":24.0,"turns":8.0},{"damage":0.0,"enemies":"Sentry and Sphere","floor":25.0,"turns":6.0},{"damage":9.0,"enemies":"Cultist and Chosen","floor":29.0,"turns":6.0},{"damage":0.0,"enemies":"3 Cultists","floor":31.0,"turns":6.0},{"damage":8.0,"enemies":"Automaton","floor":33.0,"turns":10.0},{"damage":10.0,"enemies":"3 Shapes","floor":35.0,"turns":4.0},{"damage":0.0,"enemies":"Mind Bloom Boss Battle","floor":37.0,"turns":7.0},{"damage":6.0,"enemies":"Orb Walker","floor":39.0,"turns":5.0},{"damage":9.0,"enemies":"4 Shapes","floor":42.0,"turns":9.0},{"damage":24.0,"enemies":"Writhing Mass","floor":44.0,"turns":7.0},{"damage":0.0,"enemies":"Spire Growth","floor":46.0,"turns":11.0},{"damage":24,"enemies":"Transient","floor":48,"turns":6},{"damage":30,"enemies":"Donu and Deca","floor":50,"turns":27}],"seed_played":"-5686615170531687181","potions_obtained":[{"floor":2.0,"key":"EssenceOfSteel"},{"floor":12.0,"key":"EssenceOfSteel"},{"floor":18.0,"key":"Swift Potion"},{"floor":21.0,"key":"Weak Potion"},{"floor":24.0,"key":"FocusPotion"},{"floor":35.0,"key":"AttackPotion"},{"floor":39.0,"key":"Block Potion"},{"floor":42.0,"key":"Strength Potion"},{"floor":44.0,"key":"FearPotion"},{"floor":48,"key":"PowerPotion"}],"is_trial":false,"path_per_floor":["M","M","$","?","?","E","R","E","T","$","?","M","E","?","R","B",null,"M","$","M","M","?","R","E","M","T","$","R","M","R","M","R","B",null,"M","?","?","$","M","R","?","M","T","M","?","M","R","M","R","B",null],"character_chosen":"DEFECT","items_purchased":["Defragment","Coolheaded","Steam","DataDisk","Coolheaded"],"campfire_rested":4,"item_purchase_floors":[3,3,27,38,38],"current_hp_per_floor":[64,64,64,64,64,64,64,60,60,60,55,55,23,40,40,14,57,57,57,37,26,71,71,28,28,28,28,49,40,40,40,61,53,67,57,71,71,71,65,65,65,56,56,32,32,32,53,29,50,20],"gold":142,"neow_bonus":"THREE_ENEMY_KILL","is_prod":false,"is_daily":false,"chose_seed":false,"campfire_upgraded":5,"win_rate":0,"timestamp":1558130478,"path_taken":["M","M","$","?","?","E","R","E","T","$","?","M","E","?","R","BOSS","M","$","M","M","?","R","E","M","T","$","R","?","R","M","R","BOSS","M","?","?","$","M","R","?","M","T","?","?","M","R","M","R","BOSS"],"build_version":"2019-01-23","purchased_purges":3,"victory":true,"max_hp_per_floor":[71,71,71,64,64,64,64,71,71,71,71,71,71,71,71,71,71,71,71,71,71,71,71,71,71,71,71,71,71,71,71,71,71,71,71,71,71,71,71,71,71,71,71,71,71,71,71,71,71,71],"card_choices":[{"not_picked":["Go for the Eyes","Beam Cell"],"picked":"Cold Snap","floor":1.0},{"not_picked":["Conserve Battery","Sweeping Beam"],"picked":"Doom and Gloom","floor":2.0},{"not_picked":["Genetic Algorithm","FTL"],"picked":"Echo Form","floor":6.0},{"not_picked":["Conserve Battery","Coolheaded"],"picked":"Hologram","floor":8.0},{"not_picked":["Leap","Recycle"],"picked":"Loop","floor":12.0},{"not_picked":["Force Field","Beam Cell","Stack"],"picked":"SKIP","floor":13.0},{"not_picked":["Rainbow","Echo Form"],"picked":"Buffer","floor":16.0},{"not_picked":["Go for the Eyes","Tempest","Gash"],"picked":"SKIP","floor":18.0},{"not_picked":["Tempest","Steam","Barrage"],"picked":"SKIP","floor":20.0},{"not_picked":["Rebound","Barrage"],"picked":"Chaos","floor":21.0},{"not_picked":["Lockon","Cold Snap"],"picked":"White Noise","floor":24.0},{"not_picked":["Chill","Doom and Gloom"],"picked":"Steam Power","floor":25.0},{"not_picked":["Sweeping Beam","Fusion"],"picked":"Undo","floor":29.0},{"not_picked":["Stack+1","Blizzard"],"picked":"Leap","floor":31.0},{"not_picked":["Multi-Cast","Biased Cognition"],"picked":"Machine Learning","floor":33.0},{"not_picked":["Rebound","Gash"],"picked":"Leap","floor":35.0},{"not_picked":["Ball Lightning","Conserve Battery"],"picked":"Loop+1","floor":37.0},{"not_picked":["Stack","Hello World","Cold Snap"],"picked":"SKIP","floor":39.0},{"not_picked":["Coolheaded","Force Field","Conserve Battery"],"picked":"SKIP","floor":42.0},{"not_picked":["Fusion","Steam"],"picked":"Defragment","floor":44.0},{"not_picked":["Recycle","Sweeping Beam+1"],"picked":"Steam+1","floor":46.0},{"not_picked":["Compile Driver+1","Rebound"],"picked":"Skim","floor":48}],"player_experience":433774,"relics_obtained":[{"floor":6.0,"key":"Bottled Tornado"},{"floor":8.0,"key":"Strawberry"},{"floor":9.0,"key":"Art of War"},{"floor":13.0,"key":"Omamori"},{"floor":24.0,"key":"Centennial Puzzle"},{"floor":26.0,"key":"Vajra"},{"floor":37.0,"key":"Nunchaku"},{"floor":43.0,"key":"Boot"}],"event_choices":[{"damage_healed":0.0,"max_hp_gain":0.0,"max_hp_loss":7.0,"gold_gain":0.0,"event_name":"Golden Idol","player_choice":"Lose Max HP","floor":4.0,"gold_loss":0.0,"damage_taken":0.0,"relics_obtained":["Golden Idol"]},{"damage_healed":0.0,"max_hp_gain":0.0,"max_hp_loss":0.0,"gold_gain":0.0,"event_name":"Liars Game","player_choice":"Ignored","floor":5.0,"gold_loss":0.0,"damage_taken":0.0},{"damage_healed":0.0,"max_hp_gain":0.0,"max_hp_loss":0.0,"gold_gain":0.0,"event_name":"Scrap Ooze","player_choice":"Success","floor":11.0,"gold_loss":0.0,"damage_taken":5.0,"relics_obtained":["Oddly Smooth Stone"]},{"damage_healed":17.0,"max_hp_gain":0.0,"max_hp_loss":0.0,"gold_gain":0.0,"event_name":"Mushrooms","player_choice":"Healed and dodged fight","floor":14.0,"gold_loss":0.0,"damage_taken":0.0,"cards_obtained":["Parasite"]},{"damage_healed":45.0,"max_hp_gain":0.0,"max_hp_loss":0.0,"gold_gain":0.0,"event_name":"Wheel of Change","player_choice":"Full Heal","floor":22.0,"gold_loss":0.0,"damage_taken":0.0},{"damage_healed":14.0,"max_hp_gain":0.0,"max_hp_loss":0.0,"gold_gain":0.0,"event_name":"Winding Halls","player_choice":"Writhe","floor":36.0,"gold_loss":0.0,"damage_taken":0.0,"cards_obtained":["Writhe"]},{"damage_healed":0.0,"max_hp_gain":0.0,"max_hp_loss":0.0,"gold_gain":0.0,"event_name":"MindBloom","player_choice":"Fight","floor":37.0,"gold_loss":0.0,"damage_taken":0.0},{"damage_healed":0.0,"max_hp_gain":0.0,"max_hp_loss":0.0,"gold_gain":0.0,"event_name":"WeMeetAgain","player_choice":"Gave Potion","floor":41.0,"gold_loss":0.0,"damage_taken":0.0,"relics_obtained":["Cables"]},{"cards_removed":["Machine Learning"],"damage_healed":0.0,"max_hp_gain":0.0,"max_hp_loss":0.0,"gold_gain":0.0,"event_name":"Falling","player_choice":"Removed Power","floor":45.0,"gold_loss":0.0,"damage_taken":0.0}],"is_beta":false,"boss_relics":[{"not_picked":["Tiny House","Busted Crown"],"picked":"Velvet Choker"},{"not_picked":["Orrery","Runic Dome"],"picked":"White Beast Statue"}],"items_purged_floors":[10,19,38],"is_endless":false,"potions_floor_spawned":[2,12,13,18,21,24,35,37,39,42,44,46,48],"ascension_level":18}