{"gold_per_floor":[110,285,17,33,44,44,63,74,97,97,131,141,172,97,97,195,195,212,212,229,245,262,262,262],"floor_reached":24,"playtime":1083,"items_purged":["Strike_R"],"score":221,"play_id":"b709b82f-a21c-4b55-a257-5b44588b04a7","local_time":"20190421001901","is_ascension_mode":true,"campfire_choices":[{"data":"Searing Blow","floor":6,"key":"SMITH"},{"data":"Heavy Blade","floor":15,"key":"SMITH"},{"data":"Searing Blow+2","floor":23,"key":"SMITH"}],"neow_cost":"NONE","seed_source_timestamp":180752455339322,"circlet_count":0,"master_deck":["Strike_R","Strike_R","Defend_R","Defend_R+1","Defend_R","Defend_R+1","Bash","Clothesline","Searing Blow+3","Thunderclap","Spot Weakness","Heavy Blade+1","Battle Trance","Reaper","Heavy Blade","Flex+1"],"relics":["Burning Blood","Sling","Red Skull","War Paint","PreservedInsect","Empty Cage"],"potions_floor_usage":[7,12,16,21],"damage_taken":[{"damage":0,"enemies":"Small Slimes","floor":1,"turns":3},{"damage":14,"enemies":"Jaw Worm","floor":4,"turns":4},{"damage":10,"enemies":"Cultist","floor":5,"turns":4},{"damage":12,"enemies":"3 Louse","floor":7,"turns":2},{"damage":8,"enemies":"2 Fungi Beasts","floor":8,"turns":3},{"damage":26,"enemies":"Lagavulin","floor":11,"turns":5},{"damage":0,"enemies":"Gremlin Gang","floor":12,"turns":2},{"damage":20,"enemies":"3 Sentries","floor":13,"turns":5},{"damage":25,"enemies":"Slime Boss","floor":16,"turns":8},{"damage":29,"enemies":"Spheric Guardian","floor":18,"turns":5},{"damage":27,"enemies":"2 Thieves","floor":20,"turns":4},{"damage":29,"enemies":"Shelled Parasite and Fungi","floor":21,"turns":4},{"damage":29,"enemies":"Chosen and Byrds","floor":22,"turns":5},{"damage":29,"enemies":"Sentry and Sphere","floor":24,"turns":4}],"seed_played":"-5785405380358977780","potions_obtained":[{"floor":1,"key":"AttackPotion"},{"floor":11,"key":"AttackPotion"},{"floor":12,"key":"LiquidBronze"},{"floor":16,"key":"Regen Potion"},{"floor":18,"key":"LiquidBronze"},{"floor":21,"key":"GamblersBrew"}],"is_trial":false,"path_per_floor":["M","?","$","M","M","R","M","M","T","?","E","M","E","$","R","B",null,"M","?","M","M","M","R","M"],"character_chosen":"IRONCLAD","items_purchased":["Searing Blow","Sling"],"campfire_rested":0,"item_purchase_floors":[3,3],"current_hp_per_floor":[88,88,88,80,76,76,70,68,68,61,41,47,33,33,33,14,88,65,65,44,30,23,23,0],"gold":262,"neow_bonus":"TEN_PERCENT_HP_BONUS","is_prod":false,"is_daily":false,"chose_seed":false,"campfire_upgraded":3,"win_rate":0,"timestamp":1555827541,"path_taken":["M","?","?","M","?","R","M","M","T","?","E","M","E","$","R","BOSS","M","?","M","M","M","R","M"],"build_version":"2019-01-23","purchased_purges":1,"victory":false,"max_hp_per_floor":[88,88,88,88,88,88,88,88,88,88,88,88,88,88,88,88,88,88,88,88,88,88,88,88],"card_choices":[{"not_picked":["Entrench","Iron Wave"],"picked":"Clothesline","floor":1},{"not_picked":["Combust","Entrench"],"picked":"Thunderclap","floor":4},{"not_picked":["Sever Soul","Flame Barrier","Sword Boomerang"],"picked":"SKIP","floor":5},{"not_picked":["Perfected Strike","Sword Boomerang","Pummel"],"picked":"SKIP","floor":7},{"not_picked":["Warcry","Inflame"],"picked":"Spot Weakness","floor":8},{"not_picked":["Body Slam","Armaments"],"picked":"Heavy Blade","floor":11},{"not_picked":["Pommel Strike","Flex","Clothesline"],"picked":"SKIP","floor":12},{"not_picked":["Second Wind","Intimidate"],"picked":"Battle Trance","floor":13},{"not_picked":["Barricade","Fiend Fire"],"picked":"Reaper","floor":16},{"not_picked":["Clothesline","Thunderclap+1","Shrug It Off"],"picked":"SKIP","floor":18},{"not_picked":["Clothesline","Headbutt"],"picked":"Heavy Blade","floor":20},{"not_picked":["Heavy Blade","Reaper"],"picked":"Flex+1","floor":21},{"not_picked":["Corruption","Combust+1","Intimidate"],"picked":"SKIP","floor":22}],"player_experience":163526,"relics_obtained":[{"floor":9,"key":"Red Skull"},{"floor":11,"key":"War Paint"},{"floor":13,"key":"PreservedInsect"}],"event_choices":[{"damage_healed":0,"gold_gain":175,"player_choice":"AGREE","damage_taken":0,"max_hp_gain":0,"max_hp_loss":0,"event_name":"Liars Game","floor":2,"gold_loss":0,"cards_obtained":["Doubt"]},{"cards_removed":["Doubt"],"damage_healed":0,"gold_gain":0,"player_choice":"Card Removal","damage_taken":7,"max_hp_gain":0,"max_hp_loss":0,"event_name":"Golden Wing","floor":10,"gold_loss":0},{"damage_healed":0,"gold_gain":0,"player_choice":"Forge","damage_taken":0,"max_hp_gain":0,"max_hp_loss":0,"event_name":"Accursed Blacksmith","floor":19,"gold_loss":0,"cards_upgraded":["Searing Blow"]}],"is_beta":false,"boss_relics":[{"not_picked":["Black Star","Astrolabe"],"picked":"Empty Cage"}],"items_purged_floors":[14],"is_endless":false,"potions_floor_spawned":[1,11,12,16,18,21],"killed_by":"Sentry and Sphere","ascension_level":1}