{"gold_per_floor":[111,123,141,141,14,44,44,55,55,55,65,65,78,28,28,131,131,117,216,32,63,73,73,73],"floor_reached":24,"playtime":1629,"items_purged":["Strike_G","Strike_G"],"score":196,"play_id":"5a4bf7a7-d57f-45de-9799-6875b50effcd","local_time":"20190520213217","is_ascension_mode":false,"campfire_choices":[{"data":"Concentrate","floor":7,"key":"SMITH"},{"data":"Riddle With Holes","floor":10,"key":"SMITH"},{"data":"Noxious Fumes","floor":12,"key":"SMITH"},{"floor":15,"key":"REST"},{"floor":23,"key":"REST"}],"neow_cost":"NONE","seed_source_timestamp":303958844420169,"circlet_count":0,"master_deck":["Defend_G","Defend_G","Defend_G","Defend_G","Strike_G","Strike_G","Strike_G","Survivor","Neutralize","Dagger Spray","Quick Slash","Concentrate+1","Riddle With Holes+1","Sucker Punch","Underhanded Strike","Noxious Fumes+1","A Thousand Cuts","Dash","Flash of Steel","Reflex+1","Cloak And Dagger"],"relics":["Ring of the Snake","FaceOfCleric","Dodecahedron","Torii","WristBlade","Red Mask"],"potions_floor_usage":[],"damage_taken":[{"damage":0,"enemies":"2 Louse","floor":1,"turns":3},{"damage":4,"enemies":"Cultist","floor":2,"turns":5},{"damage":0,"enemies":"Small Slimes","floor":3,"turns":3},{"damage":36,"enemies":"Lagavulin","floor":6,"turns":8},{"damage":2,"enemies":"Blue Slaver","floor":8,"turns":3},{"damage":2,"enemies":"3 Louse","floor":11,"turns":3},{"damage":9,"enemies":"Exordium Thugs","floor":13,"turns":4},{"damage":36,"enemies":"The Guardian","floor":16,"turns":12},{"damage":16,"enemies":"2 Thieves","floor":18,"turns":4},{"damage":27,"enemies":"Masked Bandits","floor":21,"turns":4},{"damage":10,"enemies":"Chosen","floor":22,"turns":5},{"damage":49,"enemies":"Book of Stabbing","floor":24,"turns":7}],"seed_played":"2996277877089931923","potions_obtained":[{"floor":3,"key":"SpeedPotion"},{"floor":6,"key":"PowerPotion"},{"floor":11,"key":"SpeedPotion"},{"floor":16,"key":"Fire Potion"}],"is_trial":false,"path_per_floor":["M","M","M","?","$","E","R","M","T","R","M","R","M","?","R","B",null,"M","?","$","?","M","R","E"],"character_chosen":"THE_SILENT","items_purchased":["Sucker Punch","Flash of Steel"],"campfire_rested":2,"item_purchase_floors":[5,20],"current_hp_per_floor":[70,66,66,66,66,31,31,30,30,30,29,29,21,21,43,8,75,60,60,60,34,25,48,0],"gold":73,"neow_bonus":"THREE_CARDS","is_prod":false,"is_daily":false,"chose_seed":false,"campfire_upgraded":3,"win_rate":0,"timestamp":1558413137,"path_taken":["M","M","M","?","$","E","R","?","T","R","M","R","M","?","R","BOSS","M","?","$","?","M","R","E"],"build_version":"2019-01-23","purchased_purges":2,"victory":false,"max_hp_per_floor":[70,70,70,70,70,71,71,72,72,72,73,73,74,74,74,75,75,76,76,76,77,78,78,78],"card_choices":[{"not_picked":["Finisher","Bane"],"picked":"Dagger Spray","floor":0},{"not_picked":["Slice","Bane"],"picked":"Quick Slash","floor":1},{"not_picked":["Bane","Cloak And Dagger"],"picked":"Concentrate","floor":2},{"not_picked":["Quick Slash","Distraction"],"picked":"Riddle With Holes","floor":3},{"not_picked":["Storm of Steel","Bouncing Flask","Blur"],"picked":"SKIP","floor":6},{"not_picked":["Deadly Poison","Blade Dance"],"picked":"Underhanded Strike","floor":8},{"not_picked":["Dodge and Roll","Flechettes"],"picked":"Noxious Fumes","floor":11},{"not_picked":["Catalyst","Blade Dance","Setup"],"picked":"SKIP","floor":13},{"not_picked":["Bullet Time","Die Die Die"],"picked":"A Thousand Cuts","floor":16},{"not_picked":["Heel Hook","Blade Dance"],"picked":"Dash","floor":18},{"not_picked":["Accuracy","Sucker Punch"],"picked":"Reflex+1","floor":21},{"not_picked":["Flying Knee+1","Bane"],"picked":"Cloak And Dagger","floor":22}],"player_experience":230989,"relics_obtained":[{"floor":6,"key":"Dodecahedron"},{"floor":9,"key":"Torii"},{"floor":21,"key":"Red Mask"}],"event_choices":[{"damage_healed":0,"gold_gain":0,"player_choice":"Trade","damage_taken":0,"relics_obtained":["FaceOfCleric"],"max_hp_gain":0,"max_hp_loss":0,"event_name":"FaceTrader","floor":4,"gold_loss":0},{"cards_removed":["Defend_G"],"damage_healed":0,"gold_gain":0,"player_choice":"Card Removal","damage_taken":0,"max_hp_gain":0,"max_hp_loss":0,"event_name":"The Cleric","floor":14,"gold_loss":50},{"damage_healed":0,"gold_gain":99,"player_choice":"Stole From Cult","damage_taken":0,"max_hp_gain":0,"max_hp_loss":0,"event_name":"Nest","floor":19,"gold_loss":0},{"damage_healed":0,"gold_gain":0,"player_choice":"Fought Bandits","damage_taken":0,"max_hp_gain":0,"max_hp_loss":0,"event_name":"Masked Bandits","floor":21,"gold_loss":0}],"is_beta":false,"boss_relics":[{"not_picked":["Runic Pyramid","Velvet Choker"],"picked":"WristBlade"}],"items_purged_floors":[5,20],"is_endless":false,"potions_floor_spawned":[3,6,11,16,21,22],"killed_by":"Book of Stabbing","ascension_level":0}