{"gold_per_floor":[115,115,129,141,141,182,182,182,182,207,207],"floor_reached":11,"playtime":206,"items_purged":[],"score":142,"play_id":"7bdaf0fe-c2ba-46aa-9349-9f981485a4a5","local_time":"20190523033715","is_ascension_mode":true,"campfire_choices":[],"neow_cost":"NONE","seed_source_timestamp":164178519160708,"circlet_count":0,"master_deck":["AscendersBane","Strike_R","Strike_R","Strike_R","Strike_R","Defend_R","Defend_R","Defend_R","Defend_R","Bash","Flex","Clothesline","Pommel Strike","Whirlwind","Parasite","Shrug It Off"],"relics":["Burning Blood","NeowsBlessing","Golden Idol","Ginger","StoneCalendar"],"potions_floor_usage":[11],"damage_taken":[{"damage":0,"enemies":"Small Slimes","floor":1,"turns":1},{"damage":0,"enemies":"2 Louse","floor":3,"turns":1},{"damage":0,"enemies":"Cultist","floor":4,"turns":1},{"damage":57,"enemies":"3 Sentries","floor":6,"turns":12},{"damage":14,"enemies":"Looter","floor":10,"turns":3},{"damage":53,"enemies":"Gremlin Nob","floor":11,"turns":4}],"seed_played":"-3967506914864172077","potions_obtained":[{"floor":6,"key":"AttackPotion"}],"is_trial":false,"path_per_floor":["M","?","M","M","?","E","?","?","T","M","E"],"character_chosen":"IRONCLAD","items_purchased":[],"campfire_rested":0,"item_purchase_floors":[],"current_hp_per_floor":[74,67,73,75,68,17,34,29,29,21,0],"gold":207,"neow_bonus":"THREE_ENEMY_KILL","is_prod":false,"is_daily":false,"chose_seed":false,"campfire_upgraded":0,"win_rate":0,"timestamp":1558600635,"path_taken":["M","?","M","M","?","E","?","?","T","M","E"],"build_version":"2019-01-23","purchased_purges":0,"victory":false,"max_hp_per_floor":[75,75,75,75,68,68,68,68,68,68,68],"card_choices":[{"not_picked":["True Grit","Perfected Strike"],"picked":"Flex","floor":1},{"not_picked":["Flex","Carnage"],"picked":"Clothesline","floor":3},{"not_picked":["Infernal Blade","Burning Pact"],"picked":"Pommel Strike","floor":4},{"not_picked":["Heavy Blade","Rupture"],"picked":"Whirlwind","floor":6},{"not_picked":["Iron Wave","Cleave"],"picked":"Shrug It Off","floor":10}],"player_experience":448883,"relics_obtained":[{"floor":6,"key":"Ginger"},{"floor":9,"key":"StoneCalendar"}],"event_choices":[{"cards_removed":["Strike_R"],"damage_healed":0,"gold_gain":0,"player_choice":"Card Removal","damage_taken":7,"max_hp_gain":0,"max_hp_loss":0,"event_name":"Golden Wing","floor":2,"gold_loss":0},{"damage_healed":0,"gold_gain":0,"player_choice":"Lose Max HP","damage_taken":0,"relics_obtained":["Golden Idol"],"max_hp_gain":0,"max_hp_loss":7,"event_name":"Golden Idol","floor":5,"gold_loss":0},{"damage_healed":17,"gold_gain":0,"player_choice":"Healed and dodged fight","damage_taken":0,"max_hp_gain":0,"max_hp_loss":0,"event_name":"Mushrooms","floor":7,"gold_loss":0,"cards_obtained":["Parasite"]},{"damage_healed":0,"gold_gain":0,"player_choice":"Fled","damage_taken":5,"max_hp_gain":0,"max_hp_loss":0,"event_name":"Scrap Ooze","floor":8,"gold_loss":0}],"is_beta":false,"boss_relics":[],"items_purged_floors":[],"is_endless":false,"potions_floor_spawned":[6],"killed_by":"Gremlin Nob","ascension_level":19}