{"gold_per_floor":[109,184,184,197,215,215,246,246],"floor_reached":8,"playtime":127,"items_purged":[],"score":78,"play_id":"60112679-93ba-4df9-9954-c5a96eae5c33","local_time":"20190331000051","is_ascension_mode":true,"campfire_choices":[{"data":"Combust","floor":6,"key":"SMITH"}],"neow_cost":"NONE","seed_source_timestamp":1209008089187144,"circlet_count":0,"master_deck":["Strike_R","Strike_R","Strike_R","Strike_R","Strike_R","Defend_R","Defend_R","Defend_R","Defend_R","Bash","Thunderclap+1","Combust+1","Ghostly Armor","Flex"],"relics":["Burning Blood","NeowsBlessing","Boot"],"potions_floor_usage":[],"damage_taken":[{"damage":0,"enemies":"2 Louse","floor":1,"turns":1},{"damage":0,"enemies":"Jaw Worm","floor":4,"turns":1},{"damage":0,"enemies":"Cultist","floor":5,"turns":1},{"damage":28,"enemies":"3 Sentries","floor":7,"turns":4},{"damage":28,"enemies":"Lagavulin Event","floor":8,"turns":4}],"seed_played":"7894120005954089539","potions_obtained":[{"floor":7,"key":"EssenceOfSteel"}],"is_trial":false,"path_per_floor":["M","?","?","M","M","R","E","?"],"character_chosen":"IRONCLAD","items_purchased":[],"campfire_rested":0,"item_purchase_floors":[],"current_hp_per_floor":[78,67,67,73,79,79,57,29],"gold":246,"neow_bonus":"THREE_ENEMY_KILL","is_prod":false,"is_daily":false,"chose_seed":false,"campfire_upgraded":1,"win_rate":0,"timestamp":1554008451,"path_taken":["M","?","?","M","M","R","E","?"],"build_version":"2019-01-23","purchased_purges":0,"victory":false,"max_hp_per_floor":[80,80,80,80,80,80,80,80],"card_choices":[{"not_picked":["Shrug It Off","Perfected Strike"],"picked":"Thunderclap","floor":1},{"not_picked":["Dual Wield","Perfected Strike"],"picked":"Combust","floor":4},{"not_picked":["Thunderclap","Reckless Charge"],"picked":"Ghostly Armor","floor":5},{"not_picked":["Berserk","Thunderclap"],"picked":"Flex","floor":7}],"player_experience":277970,"relics_obtained":[{"floor":7,"key":"Boot"}],"event_choices":[{"damage_healed":0,"gold_gain":75,"player_choice":"Gather Gold","damage_taken":11,"max_hp_gain":0,"max_hp_loss":0,"event_name":"World of Goop","floor":2,"gold_loss":0},{"damage_healed":0,"gold_gain":0,"player_choice":"Grow","damage_taken":0,"max_hp_gain":0,"max_hp_loss":0,"event_name":"Living Wall","floor":3,"gold_loss":0,"cards_upgraded":["Thunderclap"]},{"damage_healed":0,"gold_gain":0,"player_choice":"Searched \u00272\u0027 times","damage_taken":0,"max_hp_gain":0,"max_hp_loss":0,"event_name":"Dead Adventurer","floor":8,"gold_loss":0}],"is_beta":false,"boss_relics":[],"items_purged_floors":[],"is_endless":false,"potions_floor_spawned":[7],"killed_by":"Lagavulin Event","ascension_level":8}