{"gold_per_floor":[115,169,6,23,23,56,127,127,127,127,147,174,174,199,199,270,270,290,270,12,28,46,46,59,87,162,39,39,39,39,57,57,131,131,142,142,168,0,20,49,49,75,75,87,87,120,120,133,133,133],"floor_reached":51,"playtime":2310,"items_purged":["Strike_G"],"score":1575,"play_id":"cfacfbb3-a3a4-4dc9-97a3-b4df482c0b07","local_time":"20190524001724","is_ascension_mode":true,"campfire_choices":[{"floor":8,"key":"DIG"},{"floor":10,"key":"DIG"},{"floor":15,"key":"REST"},{"data":"Wraith Form v2","floor":23,"key":"SMITH"},{"floor":28,"key":"REST"},{"floor":32,"key":"REST"},{"floor":41,"key":"DIG"},{"floor":45,"key":"REST"},{"floor":49,"key":"REST"}],"neow_cost":"NONE","seed_source_timestamp":236474810037000,"circlet_count":0,"master_deck":["AscendersBane","Defend_G","Defend_G","Defend_G","Defend_G","Defend_G","Strike_G+1","Survivor","Neutralize+1","Quick Slash","Well Laid Plans","Quick Slash","Dash","Backflip","Backstab","Wraith Form v2+1","Calculated Gamble+1","Calculated Gamble+1","Noxious Fumes+1","PiercingWail","Bane+1","Footwork","Corpse Explosion","Tactician+1","Night Terror","Writhe","Bullet Time","Deadly Poison+1"],"relics":["Ring of the Snake","NeowsBlessing","Tiny Chest","Shovel","The Courier","Dead Branch","Strawberry","Juzu Bracelet","Ornamental Fan","Potion Belt","Astrolabe","Tough Bandages","Mummified Hand","Kunai","Runic Pyramid","Blood Vial","Red Mask","Peace Pipe","Pear","Bottled Lightning","Sundial","Snake Skull"],"potions_floor_usage":[14,16,24,25,25,25,33,42],"damage_taken":[{"damage":0,"enemies":"Cultist","floor":1,"turns":1},{"damage":0,"enemies":"2 Louse","floor":4,"turns":1},{"damage":0,"enemies":"Lagavulin","floor":6,"turns":1},{"damage":2,"enemies":"Jaw Worm","floor":11,"turns":4},{"damage":7,"enemies":"3 Sentries","floor":12,"turns":10},{"damage":24,"enemies":"Lagavulin","floor":14,"turns":6},{"damage":27,"enemies":"The Guardian","floor":16,"turns":21},{"damage":4,"enemies":"Spheric Guardian","floor":18,"turns":5},{"damage":12,"enemies":"Chosen","floor":21,"turns":5},{"damage":0,"enemies":"Centurion and Healer","floor":22,"turns":7},{"damage":5,"enemies":"Snecko","floor":24,"turns":6},{"damage":33,"enemies":"Book of Stabbing","floor":25,"turns":7},{"damage":0,"enemies":"Snake Plant","floor":31,"turns":5},{"damage":48,"enemies":"Automaton","floor":33,"turns":14},{"damage":20,"enemies":"3 Darklings","floor":35,"turns":3},{"damage":0,"enemies":"3 Shapes","floor":39,"turns":3},{"damage":15,"enemies":"Reptomancer","floor":40,"turns":8},{"damage":40,"enemies":"Nemesis","floor":42,"turns":11},{"damage":0,"enemies":"Jaw Worm Horde","floor":44,"turns":3},{"damage":8,"enemies":"Giant Head","floor":46,"turns":13},{"damage":0,"enemies":"Maw","floor":48,"turns":9},{"damage":69,"enemies":"Donu and Deca","floor":50,"turns":8}],"seed_played":"4516825541719993968","potions_obtained":[{"floor":11,"key":"LiquidBronze"},{"floor":12,"key":"Poison Potion"},{"floor":14,"key":"Regen Potion"},{"floor":16,"key":"Energy Potion"},{"floor":18,"key":"Fruit Juice"},{"floor":19,"key":"AttackPotion"},{"floor":25,"key":"SkillPotion"},{"floor":40,"key":"GhostInAJar"}],"is_trial":false,"path_per_floor":["M","T","$","M","?","E","T","R","T","R","M","E","?","E","R","B",null,"M","?","$","M","M","R","M","E","T","$","R","?","$","M","R","B",null,"M","?","T","?","M","E","R","E","T","M","R","E","?","M","R","B",null],"character_chosen":"THE_SILENT","items_purchased":["Well Laid Plans","Quick Slash","Tough Bandages","Corpse Explosion"],"campfire_rested":5,"item_purchase_floors":[3,3,20,27],"current_hp_per_floor":[59,59,59,59,39,39,39,39,46,46,44,37,37,13,34,21,60,56,56,56,44,44,44,39,11,11,11,34,34,34,34,57,9,61,41,57,57,57,59,46,56,18,18,20,46,40,40,42,68,1],"gold":133,"neow_bonus":"THREE_ENEMY_KILL","is_prod":false,"is_daily":false,"chose_seed":false,"campfire_upgraded":1,"win_rate":0,"timestamp":1558675044,"path_taken":["M","?","$","?","?","E","?","R","T","R","M","E","?","E","R","BOSS","M","?","$","M","M","R","M","E","T","$","R","?","$","M","R","BOSS","M","?","?","?","M","E","R","E","T","M","R","E","?","M","R","BOSS"],"build_version":"2019-01-23","purchased_purges":1,"victory":true,"max_hp_per_floor":[66,66,66,66,66,66,66,66,73,73,73,73,73,73,73,73,73,73,73,73,73,73,73,73,78,78,78,78,78,78,78,78,78,78,78,78,78,78,78,78,88,88,88,88,88,88,88,88,88,88],"card_choices":[{"not_picked":["Blur","Backflip"],"picked":"Quick Slash","floor":1},{"not_picked":["Backflip","Deadly Poison"],"picked":"Dash","floor":4},{"not_picked":["Riddle With Holes","Setup","Blade Dance"],"picked":"SKIP","floor":6},{"not_picked":["Tactician","Distraction"],"picked":"Backflip","floor":11},{"not_picked":["Dagger Throw","Sucker Punch"],"picked":"Backstab","floor":12},{"not_picked":["Underhanded Strike","Distraction","Setup"],"picked":"SKIP","floor":14},{"not_picked":["Malaise","Doppelganger"],"picked":"Wraith Form v2","floor":16},{"not_picked":["PiercingWail","Quick Slash"],"picked":"Noxious Fumes","floor":18},{"not_picked":["Tactician","Quick Slash","Eviscerate"],"picked":"SKIP","floor":21},{"not_picked":["Heel Hook","Blade Dance"],"picked":"PiercingWail","floor":22},{"not_picked":["Sucker Punch","Distraction"],"picked":"Bane+1","floor":24},{"not_picked":["Cloak And Dagger+1","Expertise"],"picked":"Footwork","floor":25},{"not_picked":["Leg Sweep","Reflex"],"picked":"Tactician+1","floor":31},{"not_picked":["Wraith Form v2","Burst"],"picked":"Night Terror","floor":33},{"not_picked":["Quick Slash","Blade Dance","Skewer"],"picked":"SKIP","floor":35},{"not_picked":["Acrobatics","Concentrate","Dagger Spray"],"picked":"SKIP","floor":39},{"not_picked":["Eviscerate","Dodge and Roll"],"picked":"Bullet Time","floor":40},{"not_picked":["Cloak And Dagger+1","Underhanded Strike","Prepared+1"],"picked":"SKIP","floor":42},{"not_picked":["Setup","Dodge and Roll","Dash"],"picked":"SKIP","floor":44},{"not_picked":["All Out Attack","Dagger Throw","Distraction+1"],"picked":"SKIP","floor":46},{"not_picked":["Backstab+1","Dodge and Roll"],"picked":"Deadly Poison+1","floor":48}],"player_experience":455979,"relics_obtained":[{"floor":2,"key":"Tiny Chest"},{"floor":6,"key":"Shovel"},{"floor":7,"key":"The Courier"},{"floor":8,"key":"Dead Branch"},{"floor":9,"key":"Strawberry"},{"floor":10,"key":"Juzu Bracelet"},{"floor":12,"key":"Ornamental Fan"},{"floor":14,"key":"Potion Belt"},{"floor":25,"key":"Mummified Hand"},{"floor":26,"key":"Kunai"},{"floor":37,"key":"Blood Vial"},{"floor":40,"key":"Peace Pipe"},{"floor":41,"key":"Pear"},{"floor":42,"key":"Bottled Lightning"},{"floor":43,"key":"Sundial"},{"floor":46,"key":"Snake Skull"}],"event_choices":[{"damage_healed":0,"gold_gain":0,"player_choice":"Entered Light","damage_taken":20,"max_hp_gain":0,"max_hp_loss":0,"event_name":"Shining Light","floor":5,"gold_loss":0,"cards_upgraded":["Strike_G","Neutralize"]},{"damage_healed":0,"gold_gain":0,"player_choice":"Searched \u00270\u0027 times","damage_taken":0,"max_hp_gain":0,"max_hp_loss":0,"event_name":"Dead Adventurer","floor":13,"gold_loss":0},{"damage_healed":0,"gold_gain":0,"player_choice":"Bought 1 Potion","damage_taken":0,"max_hp_gain":0,"max_hp_loss":0,"event_name":"The Woman in Blue","floor":19,"gold_loss":0},{"damage_healed":0,"gold_gain":0,"player_choice":"Forge","damage_taken":0,"max_hp_gain":0,"max_hp_loss":0,"event_name":"Accursed Blacksmith","floor":29,"gold_loss":0,"cards_upgraded":["Noxious Fumes"]},{"damage_healed":16,"gold_gain":0,"player_choice":"Writhe","damage_taken":0,"max_hp_gain":0,"max_hp_loss":0,"event_name":"Winding Halls","floor":36,"gold_loss":0,"cards_obtained":["Writhe"]},{"damage_healed":0,"gold_gain":0,"player_choice":"Paid","damage_taken":0,"relics_obtained":["Red Mask"],"max_hp_gain":0,"max_hp_loss":0,"event_name":"Tomb of Lord Red Mask","floor":38,"gold_loss":168},{"cards_removed":["Dagger Spray"],"damage_healed":0,"gold_gain":0,"player_choice":"Removed Attack","damage_taken":0,"max_hp_gain":0,"max_hp_loss":0,"event_name":"Falling","floor":47,"gold_loss":0}],"is_beta":false,"boss_relics":[{"not_picked":["Velvet Choker","Runic Dome"],"picked":"Astrolabe"},{"not_picked":["Coffee Dripper","Ring of the Serpent"],"picked":"Runic Pyramid"}],"items_purged_floors":[3],"is_endless":false,"potions_floor_spawned":[11,12,14,16,18,22,25,40],"ascension_level":19}