{"gold_per_floor":[368,381,397,249,261,261,295,295,295,327,502,467,479,155,155,251,251,251,251,251,191,191,191,191],"floor_reached":24,"playtime":946,"items_purged":["Strike_B","Strike_B"],"score":214,"play_id":"4c8fd399-7958-4b07-bdce-2cb25631b35c","local_time":"20190221032625","is_ascension_mode":true,"campfire_choices":[{"data":"Echo Form","floor":6,"key":"SMITH"},{"floor":8,"key":"REST"},{"data":"Zap","floor":15,"key":"SMITH"},{"floor":23,"key":"REST"}],"neow_cost":"CURSE","seed_source_timestamp":95685772829039,"circlet_count":0,"master_deck":["Strike_B","Strike_B","Defend_B","Defend_B","Defend_B","Defend_B","Zap+1","Dualcast","Clumsy","Defragment","Beam Cell","Echo Form+1","Melter","Cold Snap","Reprogram","Doubt","Coolheaded","Loop","Creative AI","Leap"],"relics":["Cracked Core","Oddly Smooth Stone","Anchor","Sundial","DataDisk","Ectoplasm","Red Mask"],"potions_floor_usage":[7,16,20,24],"damage_taken":[{"damage":1,"enemies":"Jaw Worm","floor":1,"turns":3},{"damage":5,"enemies":"Small Slimes","floor":2,"turns":4},{"damage":7,"enemies":"2 Louse","floor":3,"turns":4},{"damage":6,"enemies":"Blue Slaver","floor":5,"turns":4},{"damage":22,"enemies":"Gremlin Nob","floor":7,"turns":5},{"damage":18,"enemies":"3 Sentries","floor":10,"turns":7},{"damage":0,"enemies":"Looter","floor":13,"turns":4},{"damage":47,"enemies":"The Guardian","floor":16,"turns":15},{"damage":0,"enemies":"Spheric Guardian","floor":18,"turns":1},{"damage":38,"enemies":"Masked Bandits","floor":20,"turns":6},{"damage":20,"enemies":"2 Thieves","floor":21,"turns":3},{"damage":30,"enemies":"Slavers","floor":24,"turns":5}],"seed_played":"-4629543326945131512","potions_obtained":[{"floor":2,"key":"Weak Potion"},{"floor":7,"key":"Poison Potion"},{"floor":10,"key":"SpeedPotion"},{"floor":13,"key":"FearPotion"},{"floor":18,"key":"AttackPotion"}],"is_trial":false,"path_per_floor":["M","M","M","$","M","R","E","R","T","E","?","?","M","$","R","B",null,"M","?","?","M","$","R","E"],"character_chosen":"DEFECT","items_purchased":["Echo Form","DataDisk","Loop"],"campfire_rested":2,"item_purchase_floors":[4,14,14],"current_hp_per_floor":[74,69,62,62,56,56,34,56,56,38,38,56,56,56,56,9,75,75,75,37,17,17,39,9],"gold":191,"neow_bonus":"TWO_FIFTY_GOLD","is_prod":false,"is_daily":false,"chose_seed":false,"campfire_upgraded":2,"win_rate":0,"timestamp":1550741185,"path_taken":["M","M","M","$","M","R","E","R","T","E","?","?","M","$","R","BOSS","M","?","?","M","$","R","E"],"build_version":"2019-01-23","purchased_purges":2,"victory":false,"max_hp_per_floor":[75,75,75,75,75,75,75,75,75,75,75,75,75,75,75,75,75,75,75,75,75,75,75,75],"card_choices":[{"not_picked":["Sweeping Beam","Aggregate"],"picked":"Defragment","floor":1},{"not_picked":["Auto Shields","Turbo","Chaos"],"picked":"SKIP","floor":2},{"not_picked":["Steam Power","Auto Shields"],"picked":"Beam Cell","floor":3},{"not_picked":["Compile Driver","Doom and Gloom"],"picked":"Melter","floor":5},{"not_picked":["Sweeping Beam","Darkness"],"picked":"Cold Snap","floor":7},{"not_picked":["Gash","Barrage"],"picked":"Reprogram","floor":10},{"not_picked":["Redo","Beam Cell"],"picked":"Coolheaded","floor":13},{"not_picked":["Multi-Cast","Echo Form"],"picked":"Creative AI","floor":16},{"not_picked":["Sweeping Beam","Turbo","Force Field"],"picked":"SKIP","floor":18},{"not_picked":["Doom and Gloom","Reinforced Body+1"],"picked":"Leap","floor":21}],"player_experience":75169,"relics_obtained":[{"floor":7,"key":"Oddly Smooth Stone"},{"floor":9,"key":"Anchor"},{"floor":10,"key":"Sundial"},{"floor":20,"key":"Red Mask"}],"event_choices":[{"damage_healed":0,"gold_gain":175,"player_choice":"AGREE","damage_taken":0,"max_hp_gain":0,"max_hp_loss":0,"event_name":"Liars Game","floor":11,"gold_loss":0,"cards_obtained":["Doubt"]},{"damage_healed":18,"gold_gain":0,"player_choice":"Healed","damage_taken":0,"max_hp_gain":0,"max_hp_loss":0,"event_name":"The Cleric","floor":12,"gold_loss":35},{"damage_healed":0,"gold_gain":0,"player_choice":"Ignored","damage_taken":0,"max_hp_gain":0,"max_hp_loss":0,"event_name":"Vampires","floor":19,"gold_loss":0},{"damage_healed":0,"gold_gain":0,"player_choice":"Fought Bandits","damage_taken":0,"max_hp_gain":0,"max_hp_loss":0,"event_name":"Masked Bandits","floor":20,"gold_loss":0}],"is_beta":false,"boss_relics":[{"not_picked":["Busted Crown","Coffee Dripper"],"picked":"Ectoplasm"}],"items_purged_floors":[4,14],"is_endless":false,"potions_floor_spawned":[2,7,10,13,18],"killed_by":"Slavers","ascension_level":1}