{"gold_per_floor":[112,112,112,124,124,151,161,161,161,186,186,336,336,349,349,424,424,443,443,73,73,73,73],"floor_reached":23,"playtime":463,"items_purged":["Doubt"],"score":440,"play_id":"6bb428a6-1d46-4ae2-8620-5d5ef064e6f0","local_time":"20190528012414","is_ascension_mode":true,"campfire_choices":[{"floor":8.0,"key":"REST"},{"data":"Defragment","floor":11.0,"key":"SMITH"},{"data":"Coolheaded","floor":15.0,"key":"SMITH"}],"neow_cost":"NONE","seed_source_timestamp":587875821622115,"circlet_count":0,"master_deck":["AscendersBane","Strike_B","Strike_B","Strike_B+1","Strike_B","Defend_B","Defend_B","Defend_B+1","Defend_B+1","Zap","Dualcast+1","Sweeping Beam","Coolheaded+1","Chill","Ball Lightning","Defragment+1","Biased Cognition","Cold Snap","RitualDagger","Self Repair","Consume"],"special_seed":0,"relics":["Cracked Core","NeowsBlessing","NlothsMask","Dead Branch","War Paint","Singing Bowl","Inserter","Membership Card","Regal Pillow"],"potions_floor_usage":[23,23],"damage_taken":[{"damage":0.0,"enemies":"2 Louse","floor":1.0,"turns":1.0},{"damage":0.0,"enemies":"Jaw Worm","floor":4.0,"turns":1.0},{"damage":0.0,"enemies":"3 Sentries","floor":6.0,"turns":1.0},{"damage":0.0,"enemies":"Cultist","floor":7.0,"turns":3.0},{"damage":17.0,"enemies":"Lagavulin","floor":10.0,"turns":7.0},{"damage":5.0,"enemies":"Blue Slaver","floor":14.0,"turns":3.0},{"damage":19.0,"enemies":"The Guardian","floor":16.0,"turns":12.0},{"damage":2.0,"enemies":"3 Byrds","floor":18.0,"turns":3.0},{"damage":58,"enemies":"Book of Stabbing","floor":23,"turns":5}],"seed_played":"1932904594789357561","potions_obtained":[{"floor":1.0,"key":"LiquidBronze"},{"floor":7.0,"key":"Energy Potion"},{"floor":18.0,"key":"Strength Potion"}],"is_trial":false,"path_per_floor":["M","?","?","M","?","E","M","R","T","E","R","?","T","M","R","B",null,"M","?","$","?","?","E"],"character_chosen":"DEFECT","items_purchased":["Membership Card","Self Repair","Regal Pillow"],"campfire_rested":1,"item_purchase_floors":[20,20,20],"current_hp_per_floor":[64,69,69,69,46,46,46,68,68,51,51,51,51,48,48,29,66,64,58,58,58,58,0],"gold":73,"neow_bonus":"THREE_ENEMY_KILL","is_prod":false,"is_daily":false,"chose_seed":false,"campfire_upgraded":2,"win_rate":0,"timestamp":1559024654,"path_taken":["M","?","?","?","?","E","M","R","T","E","R","?","?","M","R","BOSS","M","?","$","?","?","E"],"build_version":"2019-01-23","purchased_purges":1,"victory":false,"max_hp_per_floor":[71,76,76,76,76,76,76,76,76,76,76,76,76,78,78,78,78,78,78,78,78,78,78],"card_choices":[{"not_picked":["Tempest","Beam Cell"],"picked":"Sweeping Beam","floor":1.0},{"not_picked":["Barrage","Heatsinks"],"picked":"Coolheaded","floor":4.0},{"not_picked":["Redo","Double Energy"],"picked":"Chill","floor":6.0},{"not_picked":["Genetic Algorithm","Barrage"],"picked":"Ball Lightning","floor":7.0},{"not_picked":["Buffer","Fusion"],"picked":"Defragment","floor":10.0},{"not_picked":["Storm","Streamline","Tempest"],"picked":"Singing Bowl","floor":14.0},{"not_picked":["Multi-Cast","Seek"],"picked":"Biased Cognition","floor":16.0},{"not_picked":["Beam Cell","Rip and Tear"],"picked":"Cold Snap","floor":18.0}],"player_experience":471172,"relics_obtained":[{"floor":6.0,"key":"Dead Branch"},{"floor":10.0,"key":"War Paint"},{"floor":13.0,"key":"Singing Bowl"}],"event_choices":[{"damage_healed":0.0,"max_hp_gain":5.0,"max_hp_loss":0.0,"gold_gain":0.0,"event_name":"Big Fish","player_choice":"Donut","floor":2.0,"gold_loss":0.0,"damage_taken":0.0},{"damage_healed":0.0,"max_hp_gain":0.0,"max_hp_loss":0.0,"gold_gain":0.0,"event_name":"FaceTrader","player_choice":"Trade","floor":3.0,"gold_loss":0.0,"damage_taken":0.0,"relics_obtained":["NlothsMask"]},{"damage_healed":0.0,"max_hp_gain":0.0,"max_hp_loss":0.0,"gold_gain":0.0,"event_name":"Shining Light","player_choice":"Entered Light","floor":5.0,"gold_loss":0.0,"damage_taken":23.0,"cards_upgraded":["Strike_B","Defend_B"]},{"damage_healed":0.0,"max_hp_gain":0.0,"max_hp_loss":0.0,"gold_gain":150.0,"event_name":"Liars Game","player_choice":"AGREE","floor":12.0,"gold_loss":0.0,"damage_taken":0.0,"cards_obtained":["Doubt"]},{"damage_healed":0.0,"max_hp_gain":0.0,"max_hp_loss":0.0,"gold_gain":0.0,"event_name":"Nest","player_choice":"Joined the Cult","floor":19.0,"gold_loss":0.0,"damage_taken":6.0,"cards_obtained":["RitualDagger"]},{"damage_healed":0.0,"max_hp_gain":0.0,"max_hp_loss":0.0,"gold_gain":0.0,"event_name":"The Mausoleum","player_choice":"Ignored","floor":21.0,"gold_loss":0.0,"damage_taken":0.0},{"damage_healed":0.0,"max_hp_gain":0.0,"max_hp_loss":0.0,"gold_gain":0.0,"event_name":"The Library","player_choice":"Read","floor":22.0,"gold_loss":0.0,"damage_taken":0.0,"cards_obtained":["Consume"]}],"is_beta":false,"boss_relics":[{"not_picked":["Tiny House","Nuclear Battery"],"picked":"Inserter"}],"items_purged_floors":[20],"is_endless":false,"potions_floor_spawned":[1,7,10,18],"killed_by":"Book of Stabbing","ascension_level":20}