{"gold_per_floor":[118,34,49,124,144,173,173,138,138,138,158,158,158,183,183,183],"floor_reached":16,"playtime":316,"items_purged":[],"score":216,"play_id":"f037b88e-778e-4e03-a214-7b9ce5ac9e0c","local_time":"20190528192843","is_ascension_mode":true,"campfire_choices":[{"floor":7,"key":"REST"},{"data":"Sunder","floor":10,"key":"SMITH"},{"data":"Capacitor","floor":15,"key":"SMITH"}],"neow_cost":"NONE","seed_source_timestamp":653169764041572,"circlet_count":0,"master_deck":["AscendersBane","Strike_B","Strike_B+1","Strike_B+1","Strike_B+1","Defend_B","Defend_B","Defend_B","Defend_B","Zap","Dualcast+1","Undo","Cold Snap","Leap","Rebound","Sunder+1","Coolheaded","Capacitor+1"],"relics":["Cracked Core","Bag of Marbles","Gremlin Horn","Sundial","Whetstone"],"potions_floor_usage":[16],"damage_taken":[{"damage":6,"enemies":"Small Slimes","floor":1,"turns":3},{"damage":6,"enemies":"2 Louse","floor":3,"turns":2},{"damage":0,"enemies":"Jaw Worm","floor":5,"turns":3},{"damage":36,"enemies":"Lagavulin","floor":6,"turns":7},{"damage":0,"enemies":"Looter","floor":11,"turns":2},{"damage":11,"enemies":"Gremlin Nob","floor":14,"turns":3},{"damage":14,"enemies":"Hexaghost","floor":16,"turns":9}],"seed_played":"4332041689743423730","potions_obtained":[{"floor":1,"key":"Ancient Potion"},{"floor":3,"key":"SpeedPotion"},{"floor":14,"key":"PowerPotion"}],"is_trial":false,"path_per_floor":["M","$","M","?","M","E","R","?","T","R","M","?","?","E","R","B"],"character_chosen":"DEFECT","items_purchased":["Cold Snap","Leap"],"campfire_rested":1,"item_purchase_floors":[2,2],"current_hp_per_floor":[58,58,52,41,41,5,26,43,43,43,43,22,22,11,11,0],"gold":183,"neow_bonus":"RANDOM_COMMON_RELIC","is_prod":false,"is_daily":false,"chose_seed":false,"campfire_upgraded":2,"win_rate":0,"timestamp":1559089723,"path_taken":["M","$","M","?","M","E","R","?","T","R","M","?","?","E","R","BOSS"],"build_version":"2019-01-23","purchased_purges":0,"victory":false,"max_hp_per_floor":[71,71,71,71,71,71,71,71,71,71,71,71,71,71,71,71],"card_choices":[{"not_picked":["Hologram","Beam Cell"],"picked":"Undo","floor":1},{"not_picked":["Chaos","Reprogram"],"picked":"Rebound","floor":3},{"not_picked":["Skim","Redo"],"picked":"Sunder","floor":5},{"not_picked":["Aggregate","Leap","Fission"],"picked":"SKIP","floor":6},{"not_picked":["Conserve Battery","Cold Snap"],"picked":"Coolheaded","floor":11},{"not_picked":["Steam","Redo"],"picked":"Capacitor","floor":14}],"player_experience":472927,"relics_obtained":[{"floor":6,"key":"Gremlin Horn"},{"floor":9,"key":"Sundial"},{"floor":14,"key":"Whetstone"}],"event_choices":[{"damage_healed":0,"gold_gain":75,"player_choice":"Gather Gold","damage_taken":11,"max_hp_gain":0,"max_hp_loss":0,"event_name":"World of Goop","floor":4,"gold_loss":0},{"damage_healed":17,"gold_gain":0,"player_choice":"Healed","damage_taken":0,"max_hp_gain":0,"max_hp_loss":0,"event_name":"The Cleric","floor":8,"gold_loss":35},{"damage_healed":0,"gold_gain":0,"player_choice":"Entered Light","damage_taken":21,"max_hp_gain":0,"max_hp_loss":0,"event_name":"Shining Light","floor":12,"gold_loss":0,"cards_upgraded":["Strike_B","Dualcast"]},{"damage_healed":0,"gold_gain":0,"player_choice":"Ignored","damage_taken":0,"max_hp_gain":0,"max_hp_loss":0,"event_name":"Liars Game","floor":13,"gold_loss":0}],"is_beta":false,"boss_relics":[],"items_purged_floors":[],"is_endless":false,"potions_floor_spawned":[1,3,14],"killed_by":"Hexaghost","ascension_level":20}