{"gold_per_floor":[116,135,149,7,7,7,334,334,334,334,334,353,378,393,393,393],"floor_reached":16,"playtime":434,"items_purged":[],"score":209,"play_id":"748f61d1-8d3f-4407-b86b-660a3ec25f23","local_time":"20190517170857","is_ascension_mode":true,"campfire_choices":[{"data":"Clothesline","floor":6,"key":"SMITH"},{"data":"Flex","floor":8,"key":"SMITH"},{"floor":10,"key":"REST"},{"floor":15,"key":"REST"}],"neow_cost":"NONE","seed_source_timestamp":11588610923804,"circlet_count":0,"master_deck":["AscendersBane","Strike_R","Strike_R","Strike_R","Strike_R","Defend_R","Defend_R","Defend_R","Defend_R","Bash+1","Cleave","Clothesline+1","Pommel Strike","Feel No Pain","Sword Boomerang","Anger","Flex+1","Reaper","True Grit","Dropkick"],"relics":["Burning Blood","Old Coin","Bird Faced Urn","Dream Catcher"],"potions_floor_usage":[13,14],"damage_taken":[{"damage":2,"enemies":"Cultist","floor":1,"turns":4},{"damage":19,"enemies":"Jaw Worm","floor":2,"turns":4},{"damage":4,"enemies":"Small Slimes","floor":3,"turns":3},{"damage":22,"enemies":"3 Sentries","floor":7,"turns":10},{"damage":8,"enemies":"Red Slaver","floor":12,"turns":3},{"damage":34,"enemies":"Lagavulin","floor":13,"turns":6},{"damage":28,"enemies":"Exordium Thugs","floor":14,"turns":5},{"damage":61,"enemies":"Slime Boss","floor":16,"turns":8}],"seed_played":"-3576805101677157155","potions_obtained":[{"floor":7,"key":"BloodPotion"},{"floor":11,"key":"EssenceOfSteel"},{"floor":13,"key":"Ancient Potion"}],"is_trial":false,"path_per_floor":["M","M","M","$","?","R","E","R","T","R","?","M","E","M","R","B"],"character_chosen":"IRONCLAD","items_purchased":["Feel No Pain","Sword Boomerang","Anger"],"campfire_rested":2,"item_purchase_floors":[4,4,4],"current_hp_per_floor":[72,59,61,61,54,54,38,38,38,60,60,58,41,29,51,0],"gold":393,"neow_bonus":"UPGRADE_CARD","is_prod":false,"is_daily":false,"chose_seed":false,"campfire_upgraded":2,"win_rate":0,"timestamp":1558130937,"path_taken":["M","M","?","$","?","R","E","R","T","R","?","?","E","M","R","BOSS"],"build_version":"2019-01-23","purchased_purges":0,"victory":false,"max_hp_per_floor":[75,75,75,75,75,75,75,75,75,75,75,75,75,75,75,75],"card_choices":[{"not_picked":["Havoc","Headbutt"],"picked":"Cleave","floor":1},{"not_picked":["Carnage","Twin Strike"],"picked":"Clothesline","floor":2},{"not_picked":["Headbutt","Wild Strike"],"picked":"Pommel Strike","floor":3},{"not_picked":["Body Slam","Pummel"],"picked":"Flex","floor":7},{"not_picked":["Perfected Strike","Iron Wave"],"picked":"Reaper","floor":12},{"not_picked":["Battle Trance","Clash"],"picked":"True Grit","floor":13},{"not_picked":["Sword Boomerang","Bloodletting"],"picked":"Dropkick","floor":14}],"player_experience":435555,"relics_obtained":[{"floor":7,"key":"Old Coin"},{"floor":9,"key":"Bird Faced Urn"},{"floor":13,"key":"Dream Catcher"}],"event_choices":[{"cards_removed":["Strike_R"],"damage_healed":0,"gold_gain":0,"player_choice":"Card Removal","damage_taken":7,"max_hp_gain":0,"max_hp_loss":0,"event_name":"Golden Wing","floor":5,"gold_loss":0},{"damage_healed":0,"gold_gain":0,"player_choice":"Got Potions","damage_taken":0,"max_hp_gain":0,"max_hp_loss":0,"event_name":"Lab","floor":11,"gold_loss":0}],"is_beta":false,"boss_relics":[],"items_purged_floors":[],"is_endless":false,"potions_floor_spawned":[7,13],"killed_by":"Slime Boss","ascension_level":18}