{"gold_per_floor":[117,42,57,70,85,85,85,85,85,116,126,153,328,343,343,343],"floor_reached":16,"playtime":827,"items_purged":["Strike_R"],"score":112,"play_id":"5fc2b105-f1f7-45f2-a446-2445cd2449f4","local_time":"20190518013425","is_ascension_mode":false,"campfire_choices":[{"data":"True Grit","floor":6,"key":"SMITH"},{"data":"Wild Strike","floor":8,"key":"SMITH"},{"data":"Limit Break","floor":15,"key":"SMITH"}],"neow_cost":"NONE","seed_source_timestamp":185254763963565,"circlet_count":0,"master_deck":["Strike_R","Strike_R","Strike_R","Strike_R","Defend_R","Defend_R","Defend_R","Defend_R","Bash","Blind","Cleave","Burning Pact","Wild Strike+1","True Grit+1","Limit Break+1","Doubt","Flex"],"relics":["Burning Blood","Pen Nib","Matryoshka","Boot"],"potions_floor_usage":[],"damage_taken":[{"damage":9,"enemies":"2 Louse","floor":1,"turns":3},{"damage":6,"enemies":"Small Slimes","floor":3,"turns":3},{"damage":4,"enemies":"Cultist","floor":4,"turns":4},{"damage":9,"enemies":"Looter","floor":5,"turns":3},{"damage":26,"enemies":"Lagavulin","floor":10,"turns":7},{"damage":0,"enemies":"Lots of Slimes","floor":11,"turns":1},{"damage":30,"enemies":"3 Sentries","floor":12,"turns":10},{"damage":11,"enemies":"Red Slaver","floor":14,"turns":4},{"damage":34,"enemies":"The Guardian","floor":16,"turns":10}],"seed_played":"5081498956307908612","potions_obtained":[{"floor":5,"key":"Energy Potion"},{"floor":10,"key":"Dexterity Potion"},{"floor":14,"key":"AttackPotion"}],"is_trial":false,"path_per_floor":["M","$","M","M","M","R","?","R","T","E","M","E","?","M","R","B"],"character_chosen":"IRONCLAD","items_purchased":[],"campfire_rested":0,"item_purchase_floors":[],"current_hp_per_floor":[77,77,77,79,76,76,76,76,76,56,62,38,38,33,33,0],"gold":343,"neow_bonus":"RANDOM_COLORLESS","is_prod":false,"is_daily":false,"chose_seed":false,"campfire_upgraded":3,"win_rate":0,"timestamp":1558168465,"path_taken":["M","$","M","M","M","R","?","R","T","E","M","E","?","M","R","BOSS"],"build_version":"2019-01-23","purchased_purges":1,"victory":false,"max_hp_per_floor":[80,80,80,80,80,80,80,80,80,80,80,80,80,80,80,80],"card_choices":[{"not_picked":["Thunderclap","Shockwave"],"picked":"Cleave","floor":1},{"not_picked":["Clash","Sword Boomerang"],"picked":"Burning Pact","floor":3},{"not_picked":["Searing Blow","Battle Trance"],"picked":"Wild Strike","floor":4},{"not_picked":["Iron Wave","Heavy Blade"],"picked":"True Grit","floor":5},{"not_picked":["Headbutt","Anger","Cleave"],"picked":"SKIP","floor":10},{"not_picked":["Shrug It Off","Havoc"],"picked":"Limit Break","floor":11},{"not_picked":["Heavy Blade","Iron Wave","Twin Strike"],"picked":"SKIP","floor":12},{"not_picked":["Limit Break","Blood for Blood"],"picked":"Flex","floor":14}],"player_experience":144416,"relics_obtained":[{"floor":9,"key":"Pen Nib"},{"floor":10,"key":"Matryoshka"},{"floor":12,"key":"Boot"}],"event_choices":[{"damage_healed":0,"gold_gain":0,"player_choice":"Ignored","damage_taken":0,"max_hp_gain":0,"max_hp_loss":0,"event_name":"Golden Idol","floor":7,"gold_loss":0},{"damage_healed":0,"gold_gain":175,"player_choice":"AGREE","damage_taken":0,"max_hp_gain":0,"max_hp_loss":0,"event_name":"Liars Game","floor":13,"gold_loss":0,"cards_obtained":["Doubt"]}],"is_beta":false,"boss_relics":[],"items_purged_floors":[2],"is_endless":false,"potions_floor_spawned":[5,10,14],"killed_by":"The Guardian","ascension_level":0}