{"gold_per_floor":[214,21,36,1,14,39,39,55,55,88,103,103,131,206,206,305,305,318,533,119,119,219,219,244,259,282,309,64,81,81,81,81,186,186,196,0,100,100,120,120,148,174,210,222,254,286,298,310,322,334],"floor_reached":51,"playtime":2320,"items_purged":["Strike_B","Strike_B"],"score":1152,"play_id":"b0f09810-2f21-4308-976f-0cedebcc1a53","local_time":"20190307231735","is_ascension_mode":true,"campfire_choices":[{"data":"Defragment","floor":7,"key":"SMITH"},{"floor":15,"key":"REST"},{"data":"Loop","floor":23,"key":"SMITH"},{"floor":30,"key":"REST"},{"floor":32,"key":"REST"},{"floor":40,"key":"REST"},{"data":"Creative AI","floor":44,"key":"SMITH"},{"data":"Echo Form","floor":47,"key":"SMITH"},{"data":"Chill","floor":49,"key":"SMITH"}],"neow_cost":"NONE","seed_source_timestamp":1375369986009868,"circlet_count":0,"master_deck":["Strike_B","Strike_B","Defend_B","Defend_B","Defend_B","Defend_B","Zap","Dualcast","Hologram","Doom and Gloom","Defragment+1","Coolheaded","Chill+1","Glacier","Echo Form+1","Gash","Coolheaded","Steam Power","Creative AI+1","Sweeping Beam+1","Gash","Heatsinks","Loop+1","Reinforced Body+1","Consume","Shame","BootSequence+1","Multi-Cast","Gash","BootSequence","Hologram+1","Gash+1","Regret","Barrage+1","Loop+1"],"relics":["Cracked Core","Shuriken","WingedGreaves","Turnip","Boot","Cursed Key","Old Coin","ClockworkSouvenir","Symbiotic Virus","Bronze Scales","Oddly Smooth Stone","Runic Capacitor","Nuclear Battery","Red Mask","Calipers","MawBank","Centennial Puzzle"],"potions_floor_usage":[10,24,24,27,39,41,48,50],"damage_taken":[{"damage":12,"enemies":"Small Slimes","floor":1,"turns":2},{"damage":4,"enemies":"2 Louse","floor":3,"turns":2},{"damage":1,"enemies":"Cultist","floor":5,"turns":3},{"damage":18,"enemies":"Gremlin Nob","floor":6,"turns":3},{"damage":2,"enemies":"Looter","floor":8,"turns":4},{"damage":17,"enemies":"3 Sentries","floor":10,"turns":6},{"damage":6,"enemies":"Exordium Wildlife","floor":11,"turns":5},{"damage":25,"enemies":"Gremlin Nob","floor":13,"turns":6},{"damage":12,"enemies":"Hexaghost","floor":16,"turns":9},{"damage":3,"enemies":"3 Byrds","floor":18,"turns":5},{"damage":5,"enemies":"Slavers","floor":24,"turns":5},{"damage":6,"enemies":"2 Thieves","floor":25,"turns":5},{"damage":28,"enemies":"Book of Stabbing","floor":27,"turns":7},{"damage":15,"enemies":"Chosen and Byrds","floor":29,"turns":6},{"damage":4,"enemies":"Champ","floor":33,"turns":7},{"damage":0,"enemies":"3 Shapes","floor":35,"turns":8},{"damage":20,"enemies":"Mind Bloom Boss Battle","floor":37,"turns":9},{"damage":11,"enemies":"3 Darklings","floor":39,"turns":4},{"damage":8,"enemies":"Reptomancer","floor":41,"turns":5},{"damage":0,"enemies":"Maw","floor":42,"turns":10},{"damage":6,"enemies":"Spire Growth","floor":45,"turns":7},{"damage":0,"enemies":"4 Shapes","floor":46,"turns":6},{"damage":0,"enemies":"Sphere and 2 Shapes","floor":48,"turns":1},{"damage":23,"enemies":"Awakened One","floor":50,"turns":20}],"seed_played":"-510820518721419646","potions_obtained":[{"floor":3,"key":"SteroidPotion"},{"floor":5,"key":"SkillPotion"},{"floor":11,"key":"Fire Potion"},{"floor":16,"key":"AttackPotion"},{"floor":24,"key":"Energy Potion"},{"floor":25,"key":"Explosive Potion"},{"floor":33,"key":"SmokeBomb"},{"floor":39,"key":"Ancient Potion"},{"floor":41,"key":"SpeedPotion"},{"floor":46,"key":"Energy Potion"}],"is_trial":false,"path_per_floor":["M","$","M","?","M","E","R","M","T","E","M","?","E","?","R","B",null,"M","?","$","?","?","R","E","M","T","E","$","M","R","?","R","B",null,"M","?","?","$","M","R","E","M","T","R","M","M","R","M","R","B",null],"character_chosen":"DEFECT","items_purchased":["Doom and Gloom","Defragment","Gash","Heatsinks","ClockworkSouvenir","Runic Capacitor","Fire Potion"],"campfire_rested":4,"item_purchase_floors":[2,2,20,20,20,28,28],"current_hp_per_floor":[56,56,52,70,69,51,51,49,49,32,26,51,26,15,37,25,63,60,60,60,60,60,60,55,49,49,21,21,6,28,28,50,46,68,68,68,48,48,37,59,51,51,51,51,45,45,45,45,45,22],"gold":346,"neow_bonus":"HUNDRED_GOLD","is_prod":false,"is_daily":false,"chose_seed":false,"campfire_upgraded":5,"win_rate":0,"timestamp":1552022255,"path_taken":["M","$","M","?","M","E","R","M","T","E","M","?","E","?","R","BOSS","M","?","$","?","?","R","E","M","T","E","$","?","R","?","R","BOSS","M","?","?","?","M","R","E","M","T","R","M","M","R","M","R","BOSS"],"build_version":"2019-01-23","purchased_purges":2,"victory":true,"max_hp_per_floor":[75,75,75,75,75,75,75,75,75,75,75,75,75,75,75,75,75,75,75,75,75,75,75,75,75,75,75,75,75,75,75,75,75,75,75,75,75,75,75,75,75,75,75,75,75,75,75,75,75,75],"card_choices":[{"not_picked":["Conserve Battery","Turbo"],"picked":"Hologram","floor":1},{"not_picked":["Fusion","Compile Driver"],"picked":"Coolheaded","floor":3},{"not_picked":["Doom and Gloom","Redo"],"picked":"Chill","floor":5},{"not_picked":["Genetic Algorithm","Steam"],"picked":"Glacier","floor":6},{"not_picked":["Conserve Battery","Hologram"],"picked":"Echo Form","floor":8},{"not_picked":["Go for the Eyes","Coolheaded"],"picked":"Gash","floor":10},{"not_picked":["Undo","Redo"],"picked":"Coolheaded","floor":11},{"not_picked":["Reboot","Meteor Strike"],"picked":"Steam Power","floor":13},{"not_picked":["Rainbow","Echo Form"],"picked":"Creative AI","floor":16},{"not_picked":["Steam","Coolheaded"],"picked":"Sweeping Beam+1","floor":18},{"not_picked":["Tempest","Reboot"],"picked":"Reinforced Body+1","floor":24},{"not_picked":["Doom and Gloom","Barrage"],"picked":"Consume","floor":25},{"not_picked":["Hyperbeam","Lockon","Ball Lightning"],"picked":"SKIP","floor":27},{"not_picked":["Heatsinks","Beam Cell+1"],"picked":"BootSequence+1","floor":29},{"not_picked":["Electrodynamics","Reboot"],"picked":"Multi-Cast","floor":33},{"not_picked":["Consume","Turbo+1"],"picked":"Gash","floor":35},{"not_picked":["Conserve Battery","Barrage"],"picked":"BootSequence","floor":37},{"not_picked":["Heatsinks","Doom and Gloom+1"],"picked":"Hologram+1","floor":39},{"not_picked":["Consume+1","Steam Power","Rainbow"],"picked":"SKIP","floor":41},{"not_picked":["Static Discharge+1","Rebound+1"],"picked":"Gash+1","floor":42},{"not_picked":["Scrape","Gash+1"],"picked":"Barrage+1","floor":45},{"not_picked":["Barrage","Hello World"],"picked":"Loop+1","floor":46}],"player_experience":180451,"relics_obtained":[{"floor":6,"key":"Shuriken"},{"floor":9,"key":"WingedGreaves"},{"floor":10,"key":"Turnip"},{"floor":13,"key":"Boot"},{"floor":24,"key":"Symbiotic Virus"},{"floor":26,"key":"Bronze Scales"},{"floor":27,"key":"Oddly Smooth Stone"},{"floor":37,"key":"Calipers"},{"floor":41,"key":"MawBank"},{"floor":43,"key":"Centennial Puzzle"}],"event_choices":[{"damage_healed":18,"gold_gain":0,"player_choice":"Healed","damage_taken":0,"max_hp_gain":0,"max_hp_loss":0,"event_name":"The Cleric","floor":4,"gold_loss":35},{"damage_healed":25,"gold_gain":0,"player_choice":"Banana","damage_taken":0,"max_hp_gain":0,"max_hp_loss":0,"event_name":"Big Fish","floor":12,"gold_loss":0},{"damage_healed":0,"gold_gain":75,"player_choice":"Gather Gold","damage_taken":11,"max_hp_gain":0,"max_hp_loss":0,"event_name":"World of Goop","floor":14,"gold_loss":0},{"damage_healed":0,"gold_gain":0,"player_choice":"Obtained Relic","damage_taken":0,"relics_obtained":["Old Coin"],"max_hp_gain":0,"max_hp_loss":0,"event_name":"Addict","floor":19,"gold_loss":85},{"damage_healed":0,"gold_gain":0,"player_choice":"Read","damage_taken":0,"max_hp_gain":0,"max_hp_loss":0,"event_name":"The Library","floor":21,"gold_loss":0,"cards_obtained":["Loop"]},{"damage_healed":0,"gold_gain":100,"player_choice":"Pray","damage_taken":0,"max_hp_gain":0,"max_hp_loss":0,"event_name":"Golden Shrine","floor":22,"gold_loss":0},{"damage_healed":0,"gold_gain":0,"player_choice":"Ignored","damage_taken":0,"max_hp_gain":0,"max_hp_loss":0,"event_name":"Cursed Tome","floor":31,"gold_loss":0},{"damage_healed":0,"gold_gain":0,"player_choice":"Paid","damage_taken":0,"relics_obtained":["Red Mask"],"max_hp_gain":0,"max_hp_loss":0,"event_name":"Tomb of Lord Red Mask","floor":36,"gold_loss":196},{"damage_healed":0,"gold_gain":0,"player_choice":"Fight","damage_taken":0,"max_hp_gain":0,"max_hp_loss":0,"event_name":"MindBloom","floor":37,"gold_loss":0}],"is_beta":false,"boss_relics":[{"not_picked":["Coffee Dripper","Tiny House"],"picked":"Cursed Key"},{"not_picked":["FrozenCore","Velvet Choker"],"picked":"Nuclear Battery"}],"items_purged_floors":[2,20],"is_endless":false,"potions_floor_spawned":[3,5,11,16,18,24,25,33,39,41,42,46],"ascension_level":9}