{"gold_per_floor":[116,116,116,17,33,68,68,18,65,80,80,112,112,112,112,189,189,199,213,224,64,64,64,64],"floor_reached":24,"playtime":621,"items_purged":[],"score":397,"play_id":"46eeaffa-6c84-4d1b-a9d2-111f9aa3cc47","local_time":"20190503150355","is_ascension_mode":true,"campfire_choices":[{"data":"White Noise","floor":7,"key":"SMITH"},{"data":"Conserve Battery","floor":11,"key":"SMITH"},{"floor":13,"key":"REST"},{"floor":15,"key":"REST"},{"data":"Seek","floor":23,"key":"SMITH"}],"neow_cost":"NONE","seed_source_timestamp":516301931930660,"circlet_count":0,"master_deck":["AscendersBane","Strike_B","Strike_B","Strike_B+1","Defend_B","Defend_B","Defend_B","Defend_B","Zap+1","Dualcast","Compile Driver+1","Sweeping Beam","Darkness","Go for the Eyes+1","White Noise+1","Conserve Battery+1","Loop","Double Energy","Core Surge","Cold Snap","Glacier+1","Seek+1","Decay"],"relics":["Cracked Core","NeowsBlessing","Bird Faced Urn","Whetstone","Centennial Puzzle","Symbiotic Virus","Nuclear Battery"],"potions_floor_usage":[12,24],"damage_taken":[{"damage":0,"enemies":"2 Louse","floor":1,"turns":1},{"damage":0,"enemies":"Small Slimes","floor":5,"turns":1},{"damage":0,"enemies":"Lagavulin","floor":6,"turns":1},{"damage":2,"enemies":"Jaw Worm","floor":10,"turns":2},{"damage":39,"enemies":"Gremlin Nob","floor":12,"turns":4},{"damage":33,"enemies":"Slime Boss","floor":16,"turns":7},{"damage":0,"enemies":"Spheric Guardian","floor":18,"turns":2},{"damage":11,"enemies":"2 Thieves","floor":19,"turns":3},{"damage":3,"enemies":"Cultist and Chosen","floor":20,"turns":7},{"damage":71,"enemies":"Gremlin Leader","floor":24,"turns":10}],"seed_played":"-4214372054179777880","potions_obtained":[{"floor":6,"key":"AttackPotion"},{"floor":16,"key":"Energy Potion"}],"is_trial":false,"path_per_floor":["M","?","?","$","M","E","R","$","T","M","R","E","R","T","R","B",null,"M","M","M","$","?","R","E"],"character_chosen":"DEFECT","items_purchased":["Sweeping Beam","Darkness","Conserve Battery","Seek"],"campfire_rested":2,"item_purchase_floors":[4,4,8,21],"current_hp_per_floor":[64,57,36,36,36,36,36,36,36,36,36,1,22,22,43,14,57,61,54,65,65,65,65,0],"gold":64,"neow_bonus":"THREE_ENEMY_KILL","is_prod":false,"is_daily":false,"chose_seed":false,"campfire_upgraded":3,"win_rate":0,"timestamp":1556913835,"path_taken":["M","?","?","?","M","E","R","?","T","?","R","E","R","?","R","BOSS","M","M","M","$","?","R","E"],"build_version":"2019-01-23","purchased_purges":0,"victory":false,"max_hp_per_floor":[71,71,71,71,71,71,71,71,71,71,71,71,71,71,71,71,71,71,71,71,71,71,71,71],"card_choices":[{"not_picked":["Melter","Reinforced Body"],"picked":"Compile Driver","floor":1},{"not_picked":["Streamline","Rebound"],"picked":"Go for the Eyes","floor":5},{"not_picked":["Rebound","Doom and Gloom"],"picked":"White Noise","floor":6},{"not_picked":["Redo","Beam Cell"],"picked":"Loop","floor":10},{"not_picked":["Genetic Algorithm","Sweeping Beam"],"picked":"Double Energy","floor":12},{"not_picked":["Buffer","Fission"],"picked":"Core Surge","floor":16},{"not_picked":["Gash","Compile Driver+1"],"picked":"Cold Snap","floor":18},{"not_picked":["Reinforced Body","Recycle"],"picked":"Glacier+1","floor":19},{"not_picked":["Scrape","Streamline","Double Energy"],"picked":"SKIP","floor":20}],"player_experience":367167,"relics_obtained":[{"floor":6,"key":"Bird Faced Urn"},{"floor":9,"key":"Whetstone"},{"floor":12,"key":"Centennial Puzzle"},{"floor":14,"key":"Symbiotic Virus"}],"event_choices":[{"cards_removed":["Strike_B"],"damage_healed":0,"gold_gain":0,"player_choice":"Card Removal","damage_taken":7,"max_hp_gain":0,"max_hp_loss":0,"event_name":"Golden Wing","floor":2,"gold_loss":0},{"damage_healed":0,"gold_gain":0,"player_choice":"Entered Light","damage_taken":21,"max_hp_gain":0,"max_hp_loss":0,"event_name":"Shining Light","floor":3,"gold_loss":0,"cards_upgraded":["Compile Driver","Zap"]},{"damage_healed":0,"gold_gain":0,"player_choice":"Smashed Altar","damage_taken":0,"max_hp_gain":0,"max_hp_loss":0,"event_name":"Forgotten Altar","floor":22,"gold_loss":0,"cards_obtained":["Decay"]}],"is_beta":false,"boss_relics":[{"not_picked":["Pandora\u0027s Box","Velvet Choker"],"picked":"Nuclear Battery"}],"items_purged_floors":[],"is_endless":false,"potions_floor_spawned":[6,16],"killed_by":"Gremlin Leader","ascension_level":15}