{"gold_per_floor":[116,134,59,59,69,23,23,51,102,136,147,147,147,160,160,256,256,275,288,288,305,324,324,352,352,352,352,363,288,59,72,72,72],"floor_reached":33,"playtime":1754,"items_purged":["Defend_G"],"score":277,"play_id":"ba826037-1b86-497d-907c-af73fcb7bc9e","local_time":"20190527163051","is_ascension_mode":false,"campfire_choices":[{"data":"Neutralize","floor":7,"key":"SMITH"},{"floor":12,"key":"REST"},{"floor":15,"key":"REST"},{"floor":23,"key":"REST"},{"floor":27,"key":"REST"},{"floor":32,"key":"REST"}],"neow_cost":"NONE","seed_source_timestamp":172508663443000,"circlet_count":0,"master_deck":["Defend_G+1","Defend_G+1","Defend_G+1","Defend_G+1","Strike_G+1","Strike_G+1","Strike_G+1","Survivor","Neutralize+1","Cloak And Dagger","Blade Dance","Noxious Fumes","Flash of Steel","Neutralize+1","Poisoned Stab","Dagger Spray","Distraction","Endless Agony","Noxious Fumes","Corpse Explosion","Deadly Poison","Prepared","Blur","Deflect","Deadly Poison+1","Corpse Explosion","Well Laid Plans","Bane+1"],"relics":["Ring of the Snake","Bronze Scales","Potion Belt","Lantern","Philosopher\u0027s Stone","Letter Opener","Sundial","Bag of Marbles"],"potions_floor_usage":[10,22,24,24,24,33,33,33],"damage_taken":[{"damage":0,"enemies":"2 Louse","floor":1,"turns":4},{"damage":0,"enemies":"Cultist","floor":2,"turns":4},{"damage":2,"enemies":"Jaw Worm","floor":5,"turns":4},{"damage":23,"enemies":"3 Sentries","floor":8,"turns":9},{"damage":13,"enemies":"Lagavulin","floor":10,"turns":6},{"damage":0,"enemies":"Large Slime","floor":11,"turns":5},{"damage":6,"enemies":"2 Fungi Beasts","floor":14,"turns":1},{"damage":34,"enemies":"The Guardian","floor":16,"turns":9},{"damage":25,"enemies":"Spheric Guardian","floor":18,"turns":4},{"damage":14,"enemies":"Shell Parasite","floor":19,"turns":4},{"damage":16,"enemies":"Snake Plant","floor":21,"turns":4},{"damage":18,"enemies":"Shelled Parasite and Fungi","floor":22,"turns":5},{"damage":9,"enemies":"Slavers","floor":24,"turns":2},{"damage":11,"enemies":"Cultist and Chosen","floor":28,"turns":5},{"damage":0,"enemies":"Snecko","floor":31,"turns":3},{"damage":39,"enemies":"Champ","floor":33,"turns":8}],"seed_played":"-605404073123938959","potions_obtained":[{"floor":5,"key":"Strength Potion"},{"floor":10,"key":"Fruit Juice"},{"floor":11,"key":"SkillPotion"},{"floor":16,"key":"AttackPotion"},{"floor":18,"key":"Weak Potion"},{"floor":21,"key":"Block Potion"},{"floor":28,"key":"Poison Potion"},{"floor":31,"key":"Weak Potion"}],"is_trial":false,"path_per_floor":["M","M","$","?","M","$","R","E","T","E","M","R","?","M","R","B",null,"M","M","?","M","M","R","E","?","T","R","M","?","$","M","R","B"],"character_chosen":"THE_SILENT","items_purchased":["Poisoned Stab","Bag of Marbles","Well Laid Plans"],"campfire_rested":5,"item_purchase_floors":[6,30,30],"current_hp_per_floor":[70,70,70,70,68,68,68,45,45,32,32,53,46,40,61,27,70,45,31,31,15,2,24,15,1,1,25,14,14,14,14,38,0],"gold":72,"neow_bonus":"UPGRADE_CARD","is_prod":false,"is_daily":false,"chose_seed":false,"campfire_upgraded":1,"win_rate":0.0,"timestamp":1558989051,"path_taken":["M","M","$","?","M","?","R","E","T","E","?","R","?","M","R","BOSS","M","M","?","M","M","R","E","?","T","R","M","?","?","?","R","BOSS"],"build_version":"2019-01-23","purchased_purges":1,"victory":false,"max_hp_per_floor":[70,70,70,70,70,70,70,70,70,70,70,70,70,70,70,70,70,70,70,70,70,75,75,75,80,80,80,80,80,80,80,80,80],"card_choices":[{"not_picked":["Slice","Dagger Throw"],"picked":"Cloak And Dagger","floor":1},{"not_picked":["Expertise","Outmaneuver"],"picked":"Blade Dance","floor":2},{"not_picked":["Quick Slash","Noxious Fumes","Eviscerate"],"picked":"SKIP","floor":5},{"not_picked":["Well Laid Plans","Riddle With Holes"],"picked":"Dagger Spray","floor":8},{"not_picked":["Dodge and Roll","Tactician"],"picked":"Distraction","floor":10},{"not_picked":["Dodge and Roll","Acrobatics"],"picked":"Endless Agony","floor":11},{"not_picked":["Endless Agony","Bouncing Flask"],"picked":"Noxious Fumes","floor":14},{"not_picked":["After Image","Envenom"],"picked":"Corpse Explosion","floor":16},{"not_picked":["Noxious Fumes","Quick Slash"],"picked":"Deadly Poison","floor":18},{"not_picked":["Bouncing Flask","Outmaneuver"],"picked":"Prepared","floor":19},{"not_picked":["Dagger Spray","Backflip"],"picked":"Blur","floor":21},{"not_picked":["Doppelganger","Calculated Gamble"],"picked":"Deflect","floor":22},{"not_picked":["Backflip+1","Masterful Stab"],"picked":"Deadly Poison+1","floor":24},{"not_picked":["Flying Knee","Sucker Punch+1"],"picked":"Corpse Explosion","floor":28},{"not_picked":["Backflip+1","Heel Hook+1"],"picked":"Bane+1","floor":31}],"player_experience":57383,"relics_obtained":[{"floor":8,"key":"Bronze Scales"},{"floor":9,"key":"Potion Belt"},{"floor":10,"key":"Lantern"},{"floor":24,"key":"Letter Opener"},{"floor":26,"key":"Sundial"}],"event_choices":[{"damage_healed":0,"gold_gain":0,"player_choice":"3 cards matched","damage_taken":0,"max_hp_gain":0,"max_hp_loss":0,"event_name":"Match and Keep!","floor":4,"gold_loss":0,"cards_obtained":["Noxious Fumes","Flash of Steel","Neutralize"]},{"cards_removed":["Strike_G"],"damage_healed":0,"gold_gain":0,"player_choice":"Card Removal","damage_taken":7,"max_hp_gain":0,"max_hp_loss":0,"event_name":"Golden Wing","floor":13,"gold_loss":0},{"damage_healed":0,"gold_gain":0,"player_choice":"Simplicity","damage_taken":0,"max_hp_gain":0,"max_hp_loss":0,"event_name":"Back to Basics","floor":20,"gold_loss":0,"cards_upgraded":["Defend_G","Defend_G","Defend_G","Defend_G","Strike_G","Strike_G","Strike_G","Strike_G"]},{"damage_healed":0,"gold_gain":0,"player_choice":"Shed Blood","damage_taken":19,"max_hp_gain":5,"max_hp_loss":0,"event_name":"Forgotten Altar","floor":25,"gold_loss":0},{"cards_removed":["Strike_G"],"damage_healed":0,"gold_gain":0,"player_choice":"Gave Gold","damage_taken":0,"max_hp_gain":0,"max_hp_loss":0,"event_name":"Beggar","floor":29,"gold_loss":75}],"is_beta":false,"boss_relics":[{"not_picked":["Busted Crown","Ectoplasm"],"picked":"Philosopher\u0027s Stone"}],"items_purged_floors":[3],"is_endless":false,"potions_floor_spawned":[5,10,11,16,18,21,28,31],"killed_by":"Champ","ascension_level":0}