{"gold_per_floor":[113,38,38,38,55,86,86,86,86,143,143,159,159,171,171,171],"floor_reached":16,"playtime":1338,"items_purged":["Defend_R"],"score":123,"play_id":"dc82061a-32df-45b0-8116-2b5a291ae9ef","local_time":"20190514231849","is_ascension_mode":false,"campfire_choices":[{"data":"Bash","floor":7,"key":"SMITH"},{"data":"Strike_R","floor":11,"key":"SMITH"},{"data":"Shrug It Off","floor":13,"key":"SMITH"},{"data":"Flame Barrier","floor":15,"key":"SMITH"}],"neow_cost":"NONE","seed_source_timestamp":28091452263890,"circlet_count":0,"master_deck":["Strike_R","Strike_R","Strike_R","Strike_R","Strike_R+1","Defend_R","Defend_R","Defend_R","Bash+1","Iron Wave","Regret","Pummel","Shrug It Off+1","Flame Barrier+1"],"relics":["Burning Blood","NeowsBlessing","Mango","Bag of Marbles","Oddly Smooth Stone","Meat on the Bone"],"potions_floor_usage":[],"damage_taken":[{"damage":0,"enemies":"2 Louse","floor":1,"turns":2},{"damage":0,"enemies":"Jaw Worm","floor":5,"turns":1},{"damage":0,"enemies":"Lagavulin","floor":6,"turns":1},{"damage":54,"enemies":"3 Sentries","floor":10,"turns":10},{"damage":0,"enemies":"Small Slimes","floor":12,"turns":2},{"damage":0,"enemies":"Looter","floor":14,"turns":2},{"damage":73,"enemies":"Hexaghost","floor":16,"turns":14}],"seed_played":"6476700807307120699","potions_obtained":[{"floor":1,"key":"BloodPotion"},{"floor":5,"key":"Dexterity Potion"},{"floor":6,"key":"SkillPotion"}],"is_trial":false,"path_per_floor":["M","$","?","?","M","E","R","?","T","?","R","M","R","M","R","B"],"character_chosen":"IRONCLAD","items_purchased":[],"campfire_rested":0,"item_purchase_floors":[],"current_hp_per_floor":[80,80,94,94,94,94,94,94,94,46,46,64,64,70,70,0],"gold":171,"neow_bonus":"THREE_ENEMY_KILL","is_prod":false,"is_daily":false,"chose_seed":false,"campfire_upgraded":4,"win_rate":0.0,"timestamp":1557901129,"path_taken":["M","$","?","?","?","E","R","?","T","?","R","M","R","M","R","BOSS"],"build_version":"2019-01-23","purchased_purges":1,"victory":false,"max_hp_per_floor":[80,80,94,94,94,94,94,94,94,94,94,94,94,94,94,94],"card_choices":[{"not_picked":["Disarm","Headbutt"],"picked":"Iron Wave","floor":1},{"not_picked":["Cleave","Heavy Blade","Clash"],"picked":"SKIP","floor":5},{"not_picked":["Disarm","Warcry","Armaments"],"picked":"SKIP","floor":6},{"not_picked":["Rampage","Flex"],"picked":"Pummel","floor":10},{"not_picked":["Anger","Sword Boomerang"],"picked":"Shrug It Off","floor":12},{"not_picked":["Headbutt","Warcry"],"picked":"Flame Barrier","floor":14}],"player_experience":19345,"relics_obtained":[{"floor":6,"key":"Bag of Marbles"},{"floor":9,"key":"Oddly Smooth Stone"},{"floor":10,"key":"Meat on the Bone"}],"event_choices":[{"damage_healed":0,"gold_gain":0,"player_choice":"Box","damage_taken":0,"relics_obtained":["Mango"],"max_hp_gain":0,"max_hp_loss":0,"event_name":"Big Fish","floor":3,"gold_loss":0,"cards_obtained":["Regret"]},{"damage_healed":0,"gold_gain":0,"player_choice":"Leave","damage_taken":0,"max_hp_gain":0,"max_hp_loss":0,"event_name":"The Cleric","floor":4,"gold_loss":0},{"damage_healed":0,"gold_gain":0,"player_choice":"Ignored","damage_taken":0,"max_hp_gain":0,"max_hp_loss":0,"event_name":"Liars Game","floor":8,"gold_loss":0},{"damage_healed":0,"gold_gain":30,"player_choice":"Searched \u00272\u0027 times","damage_taken":0,"max_hp_gain":0,"max_hp_loss":0,"event_name":"Dead Adventurer","floor":10,"gold_loss":0}],"is_beta":false,"boss_relics":[],"items_purged_floors":[2],"is_endless":false,"potions_floor_spawned":[1,5,6],"killed_by":"Hexaghost","ascension_level":0}