{"gold_per_floor":[112,127,140,140,154,154,189,189,189,159],"floor_reached":10,"playtime":508,"items_purged":[],"score":68,"play_id":"1eef8765-7d7c-42b0-a909-51a588b491c2","local_time":"20190211022643","is_ascension_mode":false,"campfire_choices":[{"floor":6,"key":"REST"},{"data":"Hello World","floor":8,"key":"SMITH"}],"neow_cost":"NONE","seed_source_timestamp":2160518646359810,"circlet_count":0,"master_deck":["Strike_B","Strike_B","Strike_B","Strike_B","Defend_B","Defend_B","Defend_B","Defend_B","Zap","Dualcast","Hello World","Skim","Hello World+1","Loop","Defragment","Rebound"],"relics":["Cracked Core","Juzu Bracelet","Blood Vial"],"potions_floor_usage":[],"damage_taken":[{"damage":5,"enemies":"Cultist","floor":1,"turns":4},{"damage":0,"enemies":"Small Slimes","floor":2,"turns":3},{"damage":11,"enemies":"Jaw Worm","floor":3,"turns":3},{"damage":38,"enemies":"Gremlin Gang","floor":5,"turns":6},{"damage":8,"enemies":"Lagavulin","floor":7,"turns":7},{"damage":24,"enemies":"Exordium Thugs","floor":10,"turns":3}],"seed_played":"2603879681349681583","potions_obtained":[{"floor":1,"key":"SkillPotion"},{"floor":3,"key":"Explosive Potion"},{"floor":7,"key":"Energy Potion"}],"is_trial":false,"path_per_floor":["M","M","M","?","M","R","E","R","T","M"],"character_chosen":"DEFECT","items_purchased":[],"campfire_rested":1,"item_purchase_floors":[],"current_hp_per_floor":[70,70,59,59,21,43,35,35,35,13],"gold":159,"neow_bonus":"THREE_CARDS","is_prod":false,"is_daily":false,"chose_seed":false,"campfire_upgraded":1,"win_rate":0,"timestamp":1549873603,"path_taken":["M","?","M","?","?","R","E","R","T","M"],"build_version":"2019-01-23","purchased_purges":0,"victory":false,"max_hp_per_floor":[75,75,75,75,75,75,75,75,75,75],"card_choices":[{"not_picked":["Chaos","Rebound"],"picked":"Hello World","floor":0},{"not_picked":["Gash","FTL"],"picked":"Skim","floor":1},{"not_picked":["Leap","Gash"],"picked":"Hello World","floor":2},{"not_picked":["Tempest","Gash"],"picked":"Loop","floor":3},{"not_picked":["Conserve Battery","Leap"],"picked":"Defragment","floor":5},{"not_picked":["Hello World","FTL"],"picked":"Rebound","floor":7}],"player_experience":42013,"relics_obtained":[{"floor":7,"key":"Juzu Bracelet"},{"floor":9,"key":"Blood Vial"}],"event_choices":[{"damage_healed":0,"gold_gain":0,"player_choice":"Ignored","damage_taken":0,"max_hp_gain":0,"max_hp_loss":0,"event_name":"NoteForYourself","floor":4,"gold_loss":0}],"is_beta":false,"boss_relics":[],"items_purged_floors":[],"is_endless":false,"potions_floor_spawned":[1,3,7],"killed_by":"Exordium Thugs","ascension_level":0}