{"gold_per_floor":[111,24,24,41,59,84,84,9,9,27,27,38,54,82,82,159,159,169,84,184,184,194,194,206,206,229,263,274,174,206,221,221,300,300,312,322,322,322,340,371,42,72,124,124,143,143,175,0,0,0],"floor_reached":51,"playtime":3295,"items_purged":["Strike_G","Strike_G"],"score":1438,"play_id":"220b96e9-ef5b-49f5-a6ce-b6674d6f2aae","local_time":"20190512022756","is_ascension_mode":true,"campfire_choices":[{"data":"Crippling Poison","floor":7,"key":"SMITH"},{"data":"Burst","floor":15,"key":"SMITH"},{"floor":23,"key":"REST"},{"data":"Cloak And Dagger","floor":25,"key":"SMITH"},{"floor":32,"key":"REST"},{"data":"Backflip","floor":46,"key":"SMITH"},{"floor":49,"key":"REST"}],"neow_cost":"NONE","seed_source_timestamp":1245873665818642,"circlet_count":0,"master_deck":["AscendersBane","Defend_G","Defend_G","Defend_G","Defend_G","Defend_G","Strike_G","Strike_G","Strike_G","Survivor","Neutralize","Crippling Poison+1","Footwork+1","Flying Knee","Cloak And Dagger+1","PiercingWail","Poisoned Stab","Cloak And Dagger","Dash","Burst+1","Tools of the Trade","Footwork+1","Crippling Poison+1","Well Laid Plans+1","Footwork+1","Deflect","Backflip+1","Adrenaline+1","Backflip+1","Noxious Fumes+1"],"relics":["Ring of the Snake","Vajra","GremlinMask","Ninja Scroll","Bottled Lightning","Mercury Hourglass","Snecko Eye","Potion Belt","Dead Branch","Frozen Egg 2","Bag of Preparation","Darkstone Periapt","Mango","Philosopher\u0027s Stone","Bronze Scales","Bird Faced Urn","Toxic Egg 2","Lantern","Bag of Marbles","Art of War","Red Mask"],"potions_floor_usage":[14,20,30,50],"damage_taken":[{"damage":1,"enemies":"2 Louse","floor":1,"turns":3},{"damage":0,"enemies":"Cultist","floor":4,"turns":5},{"damage":0,"enemies":"Small Slimes","floor":5,"turns":4},{"damage":5,"enemies":"Lagavulin","floor":6,"turns":10},{"damage":5,"enemies":"3 Louse","floor":10,"turns":2},{"damage":0,"enemies":"Looter","floor":12,"turns":5},{"damage":6,"enemies":"Exordium Thugs","floor":13,"turns":5},{"damage":9,"enemies":"Gremlin Nob","floor":14,"turns":4},{"damage":25,"enemies":"Slime Boss","floor":16,"turns":13},{"damage":12,"enemies":"Spheric Guardian","floor":18,"turns":5},{"damage":7,"enemies":"Colosseum Slavers","floor":20,"turns":3},{"damage":6,"enemies":"Colosseum Nobs","floor":20,"turns":3},{"damage":0,"enemies":"2 Thieves","floor":22,"turns":4},{"damage":6,"enemies":"Snake Plant","floor":24,"turns":4},{"damage":0,"enemies":"Gremlin Leader","floor":27,"turns":6},{"damage":2,"enemies":"3 Cultists","floor":28,"turns":4},{"damage":11,"enemies":"Book of Stabbing","floor":30,"turns":8},{"damage":0,"enemies":"Sentry and Sphere","floor":31,"turns":8},{"damage":7,"enemies":"Champ","floor":33,"turns":19},{"damage":0,"enemies":"3 Shapes","floor":35,"turns":3},{"damage":0,"enemies":"3 Darklings","floor":36,"turns":3},{"damage":13,"enemies":"Jaw Worm Horde","floor":39,"turns":3},{"damage":7,"enemies":"Reptomancer","floor":40,"turns":8},{"damage":22,"enemies":"Giant Head","floor":42,"turns":11},{"damage":9,"enemies":"Writhing Mass","floor":45,"turns":9},{"damage":0,"enemies":"Nemesis","floor":47,"turns":7},{"damage":26,"enemies":"Time Eater","floor":50,"turns":12}],"seed_played":"-1937723970317912880","potions_obtained":[{"floor":5,"key":"GhostInAJar"},{"floor":6,"key":"SteroidPotion"},{"floor":14,"key":"LiquidBronze"},{"floor":22,"key":"Weak Potion"},{"floor":24,"key":"LiquidBronze"},{"floor":28,"key":"SpeedPotion"},{"floor":30,"key":"Energy Potion"},{"floor":45,"key":"Block Potion"}],"is_trial":false,"path_per_floor":["M","$","?","M","M","E","R","$","T","M","?","M","M","E","R","B",null,"M","?","?","?","M","R","M","R","T","E","M","$","E","M","R","B",null,"M","M","?","?","M","E","$","E","T","T","M","R","E","?","R","B",null],"character_chosen":"THE_SILENT","items_purchased":["Footwork","Bird Faced Urn"],"campfire_rested":3,"item_purchase_floors":[2,41],"current_hp_per_floor":[58,58,58,58,58,53,53,53,53,48,48,48,42,33,33,8,52,40,40,27,27,27,46,40,40,40,40,38,38,41,41,65,58,75,75,75,75,75,62,55,55,51,51,51,56,56,68,68,76,64],"gold":0,"neow_bonus":"RANDOM_COMMON_RELIC","is_prod":false,"is_daily":false,"chose_seed":false,"campfire_upgraded":4,"win_rate":0,"timestamp":1557646076,"path_taken":["M","$","?","M","M","E","R","?","T","M","?","?","M","E","R","BOSS","M","?","?","?","M","R","M","R","T","E","M","$","E","M","R","BOSS","M","M","?","?","?","E","$","E","T","?","M","R","E","?","R","BOSS"],"build_version":"2019-01-23","purchased_purges":2,"victory":true,"max_hp_per_floor":[66,66,66,66,66,66,66,66,66,66,66,66,66,66,66,66,66,66,66,66,66,66,66,66,66,66,66,66,66,80,80,80,80,80,80,80,76,76,76,76,76,76,76,76,76,76,76,76,76,76],"card_choices":[{"not_picked":["Dodge and Roll","Underhanded Strike"],"picked":"Crippling Poison","floor":1},{"not_picked":["Distraction","Outmaneuver"],"picked":"Flying Knee","floor":4},{"not_picked":["Sucker Punch","Dodge and Roll"],"picked":"Cloak And Dagger","floor":5},{"not_picked":["Backflip","Deflect"],"picked":"PiercingWail","floor":6},{"not_picked":["Blade Dance","Tactician"],"picked":"Poisoned Stab","floor":10},{"not_picked":["Quick Slash","PiercingWail"],"picked":"Cloak And Dagger","floor":12},{"not_picked":["Bane","Blade Dance"],"picked":"Dash","floor":13},{"not_picked":["PiercingWail","Sucker Punch"],"picked":"Burst","floor":14},{"not_picked":["Envenom","Burst"],"picked":"Tools of the Trade","floor":16},{"not_picked":["Finisher","Dagger Throw","Heel Hook"],"picked":"SKIP","floor":18},{"not_picked":["Blade Dance","Underhanded Strike"],"picked":"Footwork","floor":20},{"not_picked":["Cloak And Dagger","Sucker Punch","Endless Agony"],"picked":"SKIP","floor":22},{"not_picked":["Infinite Blades+1","Terror"],"picked":"Well Laid Plans+1","floor":24},{"not_picked":["Dodge and Roll","Slice"],"picked":"Footwork+1","floor":27},{"not_picked":["Glass Knife","Eviscerate","Sucker Punch"],"picked":"SKIP","floor":28},{"not_picked":["Prepared","Acrobatics"],"picked":"Deflect","floor":30},{"not_picked":["Bane","Quick Slash"],"picked":"Backflip","floor":31},{"not_picked":["Grand Finale","Burst"],"picked":"Adrenaline","floor":33},{"not_picked":["Footwork+1","All Out Attack","Backstab"],"picked":"SKIP","floor":35},{"not_picked":["Deflect","Dodge and Roll","Bane"],"picked":"SKIP","floor":36},{"not_picked":["PiercingWail","Blade Dance+1","Crippling Poison+1"],"picked":"SKIP","floor":39},{"not_picked":["Poisoned Stab","Dodge and Roll","Unload"],"picked":"SKIP","floor":40},{"not_picked":["Bane","Accuracy+1","Burst"],"picked":"SKIP","floor":42},{"not_picked":["Leg Sweep+1","Terror+1"],"picked":"Backflip+1","floor":45},{"not_picked":["Heel Hook","Burst+1"],"picked":"Noxious Fumes+1","floor":47}],"player_experience":402338,"relics_obtained":[{"floor":6,"key":"Ninja Scroll"},{"floor":9,"key":"Bottled Lightning"},{"floor":14,"key":"Mercury Hourglass"},{"floor":20,"key":"Dead Branch"},{"floor":20,"key":"Frozen Egg 2"},{"floor":26,"key":"Bag of Preparation"},{"floor":27,"key":"Darkstone Periapt"},{"floor":30,"key":"Mango"},{"floor":40,"key":"Bronze Scales"},{"floor":42,"key":"Toxic Egg 2"},{"floor":43,"key":"Lantern"},{"floor":44,"key":"Bag of Marbles"},{"floor":47,"key":"Art of War"}],"event_choices":[{"damage_healed":0,"gold_gain":0,"player_choice":"Trade","damage_taken":0,"relics_obtained":["GremlinMask"],"max_hp_gain":0,"max_hp_loss":0,"event_name":"FaceTrader","floor":3,"gold_loss":0},{"damage_healed":0,"gold_gain":0,"player_choice":"Forge","damage_taken":0,"max_hp_gain":0,"max_hp_loss":0,"event_name":"Accursed Blacksmith","floor":11,"gold_loss":0,"cards_upgraded":["Footwork"]},{"damage_healed":0,"gold_gain":0,"player_choice":"Obtained Relic","damage_taken":0,"relics_obtained":["Potion Belt"],"max_hp_gain":0,"max_hp_loss":0,"event_name":"Addict","floor":19,"gold_loss":85},{"damage_healed":0,"gold_gain":0,"player_choice":"Fight","damage_taken":0,"max_hp_gain":0,"max_hp_loss":0,"event_name":"Colosseum","floor":20,"gold_loss":0},{"damage_healed":0,"gold_gain":0,"player_choice":"Fought Nobs","damage_taken":0,"max_hp_gain":0,"max_hp_loss":0,"event_name":"Colosseum","floor":20,"gold_loss":0},{"damage_healed":0,"gold_gain":0,"player_choice":"Copied","damage_taken":0,"max_hp_gain":0,"max_hp_loss":0,"event_name":"Duplicator","floor":21,"gold_loss":0,"cards_obtained":["Crippling Poison"]},{"damage_healed":0,"gold_gain":0,"player_choice":"Max HP","damage_taken":0,"max_hp_gain":0,"max_hp_loss":4,"event_name":"Winding Halls","floor":37,"gold_loss":0},{"damage_healed":0,"gold_gain":0,"player_choice":"Upgraded","damage_taken":0,"max_hp_gain":0,"max_hp_loss":0,"event_name":"Upgrade Shrine","floor":38,"gold_loss":0,"cards_upgraded":["Adrenaline"]},{"damage_healed":0,"gold_gain":0,"player_choice":"Paid","damage_taken":0,"relics_obtained":["Red Mask"],"max_hp_gain":0,"max_hp_loss":0,"event_name":"Tomb of Lord Red Mask","floor":48,"gold_loss":175}],"is_beta":false,"boss_relics":[{"not_picked":["Calling Bell","Velvet Choker"],"picked":"Snecko Eye"},{"not_picked":["Eternal Feather","Coffee Dripper"],"picked":"Philosopher\u0027s Stone"}],"items_purged_floors":[8,29],"is_endless":false,"potions_floor_spawned":[5,6,12,14,22,24,28,30,45],"ascension_level":16}