{"gold_per_floor":[111,130,130,3,19,19,47,64,64,64,78,78,78,92,92,92],"floor_reached":16,"playtime":1363,"items_purged":["Defend_R"],"score":127,"play_id":"7e5aeab9-c495-4cae-a213-f912e2c278bd","local_time":"20190515105907","is_ascension_mode":false,"campfire_choices":[{"data":"Shrug It Off","floor":6,"key":"SMITH"},{"floor":10,"key":"REST"},{"data":"Double Tap","floor":15,"key":"SMITH"}],"neow_cost":"NONE","seed_source_timestamp":45969798156522,"circlet_count":0,"master_deck":["Strike_R","Strike_R","Strike_R","Strike_R","Strike_R","Defend_R","Defend_R","Defend_R","Bash+1","Shrug It Off+1","Shrug It Off","Shrug It Off","Clothesline","Pommel Strike","Injury","Double Tap+1"],"relics":["Burning Blood","Sundial","Mango","Golden Idol","Molten Egg 2"],"potions_floor_usage":[],"damage_taken":[{"damage":7,"enemies":"Small Slimes","floor":1,"turns":5},{"damage":10,"enemies":"Jaw Worm","floor":2,"turns":4},{"damage":0,"enemies":"Cultist","floor":5,"turns":4},{"damage":29,"enemies":"Lagavulin","floor":7,"turns":10},{"damage":5,"enemies":"3 Louse","floor":8,"turns":4},{"damage":15,"enemies":"Exordium Wildlife","floor":11,"turns":4},{"damage":21,"enemies":"Large Slime","floor":14,"turns":6},{"damage":79,"enemies":"Hexaghost","floor":16,"turns":10}],"seed_played":"-6436985415290009757","potions_obtained":[{"floor":2,"key":"Ancient Potion"},{"floor":8,"key":"SteroidPotion"},{"floor":14,"key":"SkillPotion"}],"is_trial":false,"path_per_floor":["M","M","?","$","M","R","E","M","T","R","M","?","T","M","R","B"],"character_chosen":"IRONCLAD","items_purchased":["Shrug It Off"],"campfire_rested":1,"item_purchase_floors":[4],"current_hp_per_floor":[87,83,83,83,88,88,65,66,80,102,93,93,93,78,78,0],"gold":92,"neow_bonus":"TEN_PERCENT_HP_BONUS","is_prod":false,"is_daily":false,"chose_seed":false,"campfire_upgraded":2,"win_rate":0.0,"timestamp":1557943147,"path_taken":["M","M","?","$","M","R","E","M","T","R","M","?","?","M","R","BOSS"],"build_version":"2019-01-23","purchased_purges":1,"victory":false,"max_hp_per_floor":[88,88,88,88,88,88,88,88,102,102,102,102,102,102,102,102],"card_choices":[{"not_picked":["Headbutt","Sword Boomerang","Thunderclap"],"picked":"SKIP","floor":1},{"not_picked":["Heavy Blade","Combust"],"picked":"Shrug It Off","floor":2},{"not_picked":["Anger","Rage"],"picked":"Shrug It Off","floor":5},{"not_picked":["Perfected Strike","Feel No Pain"],"picked":"Clothesline","floor":7},{"not_picked":["Perfected Strike","Armaments"],"picked":"Pommel Strike","floor":8},{"not_picked":["Battle Trance","Entrench","Flex"],"picked":"SKIP","floor":11},{"not_picked":["Pummel+1","Intimidate"],"picked":"Double Tap","floor":14}],"player_experience":29375,"relics_obtained":[{"floor":7,"key":"Sundial"},{"floor":9,"key":"Mango"},{"floor":13,"key":"Molten Egg 2"}],"event_choices":[{"damage_healed":0,"gold_gain":0,"player_choice":"Grow","damage_taken":0,"max_hp_gain":0,"max_hp_loss":0,"event_name":"Living Wall","floor":3,"gold_loss":0,"cards_upgraded":["Bash"]},{"damage_healed":0,"gold_gain":0,"player_choice":"Take Wound","damage_taken":0,"relics_obtained":["Golden Idol"],"max_hp_gain":0,"max_hp_loss":0,"event_name":"Golden Idol","floor":12,"gold_loss":0,"cards_obtained":["Injury"]}],"is_beta":false,"boss_relics":[],"items_purged_floors":[4],"is_endless":false,"potions_floor_spawned":[2,8,14],"killed_by":"Hexaghost","ascension_level":0}