{"gold_per_floor":[111,130,205,205,205,205,230,230,230,258,271,305,322,333,333,404,404,414,161,261,261,261,261,290,290,313,324,344,360,379,405,405,483,483,498,498,498,509,409,509,534,550,550,585,83,83,83,7,7,7],"floor_reached":51,"playtime":2395,"items_purged":["Strike_R","Strike_R","Parasite"],"score":1600,"play_id":"974b9e63-533f-4fa9-95d0-15bf9d9507bb","local_time":"20190513003221","is_ascension_mode":true,"campfire_choices":[{"data":"Hemokinesis","floor":6,"key":"SMITH"},{"data":"Rupture","floor":15,"key":"SMITH"},{"floor":23,"key":"REST"},{"data":"Flex","floor":25,"key":"SMITH"},{"data":"Rupture","floor":32,"key":"SMITH"},{"data":"Feel No Pain","floor":47,"key":"SMITH"},{"data":"Hemokinesis","floor":49,"key":"SMITH"}],"neow_cost":"NONE","seed_source_timestamp":1326240267538508,"circlet_count":0,"master_deck":["AscendersBane","Strike_R","Strike_R","Defend_R","Defend_R","Defend_R","Defend_R","Bash+1","Feel No Pain+1","Hemokinesis+1","Flex+1","Rupture+1","Shrug It Off+1","Armaments+1","Feed","Shrug It Off+1","True Grit+1","Impervious+1","Limit Break+1","Flame Barrier+1","Inflame","Corruption+1","Rupture+1","Flame Barrier+1","Shockwave+1","Reaper+1","True Grit+1","Combust+1","Heavy Blade+1","Parasite","Limit Break+1","Apotheosis+1","Hemokinesis+1"],"relics":["Burning Blood","NeowsBlessing","Bird Faced Urn","Calipers","Toxic Egg 2","Bag of Preparation","Runic Pyramid","Ginger","Bottled Flame","Blood Vial","Centennial Puzzle","Mummified Hand","Cursed Key","WingedGreaves","Paper Frog","Vajra","Red Skull","Whetstone","DollysMirror"],"potions_floor_usage":[12,12,16,24,31,33,44,50],"damage_taken":[{"damage":0,"enemies":"Small Slimes","floor":1,"turns":1},{"damage":0,"enemies":"Cultist","floor":2,"turns":1},{"damage":0,"enemies":"Gremlin Nob","floor":7,"turns":1},{"damage":28,"enemies":"3 Sentries","floor":10,"turns":12},{"damage":14,"enemies":"Jaw Worm","floor":11,"turns":3},{"damage":10,"enemies":"Gremlin Nob","floor":12,"turns":3},{"damage":10,"enemies":"Looter","floor":13,"turns":4},{"damage":2,"enemies":"3 Louse","floor":14,"turns":5},{"damage":45,"enemies":"The Guardian","floor":16,"turns":18},{"damage":9,"enemies":"Chosen","floor":18,"turns":7},{"damage":24,"enemies":"Colosseum Slavers","floor":20,"turns":7},{"damage":38,"enemies":"Colosseum Nobs","floor":20,"turns":9},{"damage":14,"enemies":"Book of Stabbing","floor":24,"turns":7},{"damage":7,"enemies":"Shell Parasite","floor":27,"turns":4},{"damage":25,"enemies":"Shelled Parasite and Fungi","floor":28,"turns":6},{"damage":9,"enemies":"Centurion and Healer","floor":29,"turns":8},{"damage":2,"enemies":"Snake Plant","floor":30,"turns":4},{"damage":16,"enemies":"Slavers","floor":31,"turns":11},{"damage":64,"enemies":"Collector","floor":33,"turns":11},{"damage":2,"enemies":"3 Shapes","floor":35,"turns":5},{"damage":4,"enemies":"3 Darklings","floor":38,"turns":5},{"damage":8,"enemies":"Mind Bloom Boss Battle","floor":40,"turns":8},{"damage":10,"enemies":"Nemesis","floor":41,"turns":9},{"damage":21,"enemies":"Writhing Mass","floor":42,"turns":5},{"damage":16,"enemies":"Reptomancer","floor":44,"turns":7},{"damage":15,"enemies":"Donu and Deca","floor":50,"turns":6}],"seed_played":"-7459645752161358961","potions_obtained":[{"floor":2,"key":"Explosive Potion"},{"floor":11,"key":"PowerPotion"},{"floor":12,"key":"SpeedPotion"},{"floor":14,"key":"Explosive Potion"},{"floor":16,"key":"GamblersBrew"},{"floor":24,"key":"EssenceOfSteel"},{"floor":31,"key":"PowerPotion"},{"floor":33,"key":"AttackPotion"},{"floor":35,"key":"PowerPotion"},{"floor":44,"key":"Poison Potion"}],"is_trial":false,"path_per_floor":["M","M","?","?","?","R","E","?","T","E","M","E","M","M","R","B",null,"M","$","?","?","?","R","E","R","T","M","M","M","M","E","R","B",null,"M","?","?","M","$","?","E","M","T","E","$","?","R","$","R","B",null],"character_chosen":"IRONCLAD","items_purchased":["Limit Break+1","Flame Barrier+1","Whetstone","DollysMirror","Hemokinesis"],"campfire_rested":1,"item_purchase_floors":[19,19,45,45,48],"current_hp_per_floor":[74,75,64,69,69,69,75,75,75,57,51,49,47,58,58,27,72,77,77,43,43,43,72,76,76,76,85,81,94,113,116,116,66,104,119,113,113,113,113,117,119,125,125,128,125,125,125,125,125,129],"gold":7,"neow_bonus":"THREE_ENEMY_KILL","is_prod":false,"is_daily":false,"chose_seed":false,"campfire_upgraded":6,"win_rate":0,"timestamp":1557725541,"path_taken":["M","M","?","?","?","R","E","?","T","E","M","E","?","M","R","BOSS","M","$","?","?","?","R","E","R","T","M","M","?","M","E","R","BOSS","M","?","?","M","$","?","E","M","T","E","$","?","R","$","R","BOSS"],"build_version":"2019-01-23","purchased_purges":3,"victory":true,"max_hp_per_floor":[75,75,75,80,80,80,80,80,80,80,80,80,80,83,83,87,87,91,91,99,99,99,99,103,103,103,103,106,110,113,116,116,116,116,119,113,113,113,113,117,121,125,125,128,125,125,125,125,125,129],"card_choices":[{"not_picked":["Shrug It Off","True Grit"],"picked":"Feel No Pain","floor":1},{"not_picked":["Twin Strike","Bloodletting"],"picked":"Hemokinesis","floor":2},{"not_picked":["Barricade","True Grit"],"picked":"Flex","floor":7},{"not_picked":["Dual Wield","Battle Trance"],"picked":"Shrug It Off","floor":10},{"not_picked":["Searing Blow","Intimidate+1"],"picked":"Armaments+1","floor":11},{"not_picked":["Sword Boomerang","Anger"],"picked":"Feed","floor":12},{"not_picked":["Thunderclap","Body Slam"],"picked":"Shrug It Off+1","floor":13},{"not_picked":["Sword Boomerang","Headbutt"],"picked":"True Grit+1","floor":14},{"not_picked":["Berserk","Bludgeon"],"picked":"Impervious+1","floor":16},{"not_picked":["Heavy Blade","Second Wind+1","Reckless Charge"],"picked":"SKIP","floor":18},{"not_picked":["Anger","Thunderclap+1"],"picked":"Inflame","floor":20},{"not_picked":["Carnage","Thunderclap","Sword Boomerang"],"picked":"SKIP","floor":24},{"not_picked":["Anger","Pummel"],"picked":"Rupture","floor":27},{"not_picked":["Flex+1","Sever Soul"],"picked":"Flame Barrier+1","floor":28},{"not_picked":["Armaments+1","Iron Wave+1","Rampage"],"picked":"SKIP","floor":29},{"not_picked":["Warcry+1","Evolve"],"picked":"Shockwave+1","floor":30},{"not_picked":["Rupture","Anger","Ghostly Armor+1"],"picked":"SKIP","floor":31},{"not_picked":["Fiend Fire","Immolate"],"picked":"Reaper","floor":33},{"not_picked":["Twin Strike","Blood for Blood+1","Flame Barrier+1"],"picked":"SKIP","floor":35},{"not_picked":["Pummel+1","Twin Strike"],"picked":"True Grit+1","floor":38},{"not_picked":["Flex+1","Thunderclap"],"picked":"Combust+1","floor":41},{"not_picked":["Blood for Blood+1","Pommel Strike"],"picked":"Heavy Blade+1","floor":42},{"not_picked":["Feed","Rage+1","Battle Trance+1"],"picked":"SKIP","floor":44},{"not_picked":["Dark Shackles+1","The Bomb+1"],"picked":"Apotheosis+1","floor":46}],"player_experience":410450,"relics_obtained":[{"floor":7,"key":"Bird Faced Urn"},{"floor":9,"key":"Calipers"},{"floor":10,"key":"Toxic Egg 2"},{"floor":12,"key":"Bag of Preparation"},{"floor":20,"key":"Ginger"},{"floor":20,"key":"Bottled Flame"},{"floor":24,"key":"Blood Vial"},{"floor":26,"key":"Centennial Puzzle"},{"floor":31,"key":"Mummified Hand"},{"floor":40,"key":"WingedGreaves"},{"floor":41,"key":"Paper Frog"},{"floor":43,"key":"Vajra"},{"floor":44,"key":"Red Skull"}],"event_choices":[{"damage_healed":0,"gold_gain":75,"player_choice":"Gather Gold","damage_taken":11,"max_hp_gain":0,"max_hp_loss":0,"event_name":"World of Goop","floor":3,"gold_loss":0},{"damage_healed":0,"gold_gain":0,"player_choice":"Donut","damage_taken":0,"max_hp_gain":5,"max_hp_loss":0,"event_name":"Big Fish","floor":4,"gold_loss":0},{"damage_healed":0,"gold_gain":0,"player_choice":"Ignored","damage_taken":0,"max_hp_gain":0,"max_hp_loss":0,"event_name":"Liars Game","floor":5,"gold_loss":0},{"damage_healed":0,"gold_gain":0,"cards_transformed":["Strike_R"],"player_choice":"Transformed","damage_taken":0,"max_hp_gain":0,"max_hp_loss":0,"event_name":"Transmorgrifier","floor":8,"gold_loss":0,"cards_obtained":["Rupture"]},{"damage_healed":0,"gold_gain":0,"player_choice":"Fight","damage_taken":0,"max_hp_gain":0,"max_hp_loss":0,"event_name":"Colosseum","floor":20,"gold_loss":0},{"damage_healed":0,"gold_gain":0,"player_choice":"Fought Nobs","damage_taken":0,"max_hp_gain":0,"max_hp_loss":0,"event_name":"Colosseum","floor":20,"gold_loss":0},{"damage_healed":0,"gold_gain":0,"player_choice":"Read","damage_taken":0,"max_hp_gain":0,"max_hp_loss":0,"event_name":"The Library","floor":21,"gold_loss":0,"cards_obtained":["Corruption"]},{"damage_healed":0,"gold_gain":0,"player_choice":"Forge","damage_taken":0,"max_hp_gain":0,"max_hp_loss":0,"event_name":"Accursed Blacksmith","floor":22,"gold_loss":0,"cards_upgraded":["Corruption"]},{"damage_healed":0,"gold_gain":0,"player_choice":"Max HP","damage_taken":0,"max_hp_gain":0,"max_hp_loss":6,"event_name":"Winding Halls","floor":36,"gold_loss":0},{"damage_healed":0,"gold_gain":0,"player_choice":"Ignored","damage_taken":0,"max_hp_gain":0,"max_hp_loss":0,"event_name":"Tomb of Lord Red Mask","floor":37,"gold_loss":0},{"damage_healed":0,"gold_gain":0,"player_choice":"Fight","damage_taken":0,"max_hp_gain":0,"max_hp_loss":0,"event_name":"MindBloom","floor":40,"gold_loss":0},{"damage_healed":0,"gold_gain":0,"player_choice":"Memory 1","damage_taken":0,"max_hp_gain":0,"max_hp_loss":0,"event_name":"SensoryStone","floor":46,"gold_loss":0}],"is_beta":false,"boss_relics":[{"not_picked":["Black Blood","Coffee Dripper"],"picked":"Runic Pyramid"},{"not_picked":["Runic Cube","Snecko Eye"],"picked":"Cursed Key"}],"items_purged_floors":[19,39,45],"is_endless":false,"potions_floor_spawned":[2,11,12,14,16,24,27,30,31,33,35,41,44],"ascension_level":17}