{"gold_per_floor":[113,126,136,136,155,155,167,167,194,209,209,240,257,272,272,368,368,380,391,406,147,159,159,74,105,155,155,155,155,175,195,195,293,293,310,325,339,355,366,366,378,396,396,408,22,32,32,32,32,32],"floor_reached":50,"playtime":5159,"items_purged":["Parasite"],"score":526,"play_id":"50ee1824-b350-4b10-ac68-929b81bef745","local_time":"20190523204846","is_ascension_mode":false,"campfire_choices":[{"floor":6,"key":"REST"},{"data":"Chaos","floor":11,"key":"SMITH"},{"floor":15,"key":"REST"},{"data":"Redo","floor":23,"key":"SMITH"},{"floor":27,"key":"REST"},{"data":"Coolheaded","floor":32,"key":"SMITH"},{"floor":40,"key":"REST"},{"data":"Storm","floor":49,"key":"SMITH"}],"neow_cost":"NONE","seed_source_timestamp":289094157446800,"circlet_count":0,"master_deck":["Defend_B","Defend_B","Defend_B","Defend_B","Zap","Dualcast","White Noise","Coolheaded+1","Chaos","Chaos+1","Ball Lightning","Redo+1","Reboot","Steam","Redo","Reboot","Glacier","Genetic Algorithm","Coolheaded+1","Loop","Storm+1","Steam Power+1","Bite","Bite","Bite","Bite","Bite","Reprogram","Blizzard","Electrodynamics","Compile Driver","Conserve Battery+1","Biased Cognition","Lockon+1","Go for the Eyes+1","Darkness+1","Force Field+1","Capacitor","Defragment","FTL+1"],"relics":["Cracked Core","Strawberry","Boot","Nuclear Battery","Medical Kit","Regal Pillow","Letter Opener","Bag of Preparation","Dream Catcher","Inserter","Anchor","Bottled Lightning"],"potions_floor_usage":[25,25,33,50],"damage_taken":[{"damage":4,"enemies":"Cultist","floor":1,"turns":4},{"damage":5,"enemies":"2 Louse","floor":2,"turns":2},{"damage":7,"enemies":"Small Slimes","floor":3,"turns":3},{"damage":21,"enemies":"Red Slaver","floor":5,"turns":5},{"damage":21,"enemies":"Lots of Slimes","floor":7,"turns":6},{"damage":8,"enemies":"Large Slime","floor":10,"turns":6},{"damage":9,"enemies":"Gremlin Nob","floor":12,"turns":4},{"damage":21,"enemies":"Exordium Wildlife","floor":13,"turns":3},{"damage":0,"enemies":"2 Fungi Beasts","floor":14,"turns":3},{"damage":32,"enemies":"Slime Boss","floor":16,"turns":9},{"damage":3,"enemies":"Chosen","floor":18,"turns":4},{"damage":14,"enemies":"Shell Parasite","floor":19,"turns":13},{"damage":24,"enemies":"Snake Plant","floor":20,"turns":5},{"damage":14,"enemies":"Centurion and Healer","floor":22,"turns":4},{"damage":32,"enemies":"Slavers","floor":25,"turns":6},{"damage":8,"enemies":"Snecko","floor":30,"turns":3},{"damage":1,"enemies":"3 Cultists","floor":31,"turns":4},{"damage":44,"enemies":"Automaton","floor":33,"turns":11},{"damage":0,"enemies":"3 Darklings","floor":35,"turns":3},{"damage":15,"enemies":"Orb Walker","floor":36,"turns":4},{"damage":5,"enemies":"Transient","floor":37,"turns":5},{"damage":20,"enemies":"4 Shapes","floor":38,"turns":2},{"damage":37,"enemies":"Writhing Mass","floor":39,"turns":9},{"damage":18,"enemies":"Jaw Worm Horde","floor":41,"turns":4},{"damage":5,"enemies":"Sphere and 2 Shapes","floor":42,"turns":5},{"damage":8,"enemies":"3 Darklings","floor":44,"turns":5},{"damage":10,"enemies":"Transient","floor":46,"turns":5},{"damage":56,"enemies":"Awakened One","floor":50,"turns":6}],"seed_played":"-6726384073694259969","potions_obtained":[{"floor":1,"key":"Swift Potion"},{"floor":2,"key":"Fire Potion"},{"floor":3,"key":"FocusPotion"},{"floor":8,"key":"EssenceOfSteel"},{"floor":16,"key":"Block Potion"},{"floor":20,"key":"Regen Potion"},{"floor":31,"key":"AttackPotion"},{"floor":36,"key":"GamblersBrew"},{"floor":39,"key":"Strength Potion"},{"floor":44,"key":"Dexterity Potion"},{"floor":46,"key":"Block Potion"}],"is_trial":false,"path_per_floor":["M","M","M","?","M","R","M","?","T","M","R","E","M","M","R","B",null,"M","M","M","$","M","R","?","E","T","R","T","?","M","M","R","B",null,"M","M","M","M","M","R","M","M","T","M","$","M","?","?","R","B"],"character_chosen":"DEFECT","items_purchased":["Medical Kit","Loop","Defragment","Bottled Lightning"],"campfire_rested":4,"item_purchase_floors":[21,21,45,45],"current_hp_per_floor":[78,73,66,59,38,62,41,41,48,40,40,31,10,10,36,4,89,86,72,48,48,34,34,34,17,17,58,58,58,54,57,57,24,62,62,49,54,38,13,46,32,29,29,27,27,25,52,52,52,0],"gold":32,"neow_bonus":"TEN_PERCENT_HP_BONUS","is_prod":false,"is_daily":false,"chose_seed":false,"campfire_upgraded":4,"win_rate":0.0,"timestamp":1558658926,"path_taken":["M","?","M","?","M","R","M","?","T","M","R","E","M","?","R","BOSS","M","?","M","$","M","R","?","E","T","R","?","?","?","M","R","BOSS","M","M","M","?","?","R","M","M","T","M","$","M","?","?","R","BOSS"],"build_version":"2019-01-23","purchased_purges":1,"victory":false,"max_hp_per_floor":[82,82,82,82,82,82,82,82,89,89,89,89,89,89,89,89,89,89,89,89,89,89,89,89,89,89,89,89,62,62,62,62,62,62,62,62,62,62,62,62,62,62,62,62,59,59,52,52,52,52],"card_choices":[{"not_picked":["Reprogram","Beam Cell"],"picked":"White Noise","floor":1},{"not_picked":["Gash","Go for the Eyes"],"picked":"Coolheaded","floor":2},{"not_picked":["Scrape","Darkness"],"picked":"Chaos","floor":3},{"not_picked":["Gash","Stack"],"picked":"Chaos","floor":5},{"not_picked":["Beam Cell","Coolheaded"],"picked":"Ball Lightning","floor":7},{"not_picked":["Sweeping Beam","Darkness"],"picked":"Redo","floor":10},{"not_picked":["BootSequence","Beam Cell"],"picked":"Reboot","floor":12},{"not_picked":["Heatsinks","Leap"],"picked":"Steam","floor":13},{"not_picked":["Steam","Fission"],"picked":"Redo","floor":14},{"not_picked":["Rainbow","Machine Learning"],"picked":"Reboot","floor":16},{"not_picked":["Redo","Scrape"],"picked":"Glacier","floor":18},{"not_picked":["Conserve Battery","Beam Cell+1"],"picked":"Genetic Algorithm","floor":19},{"not_picked":["Storm+1","Reboot"],"picked":"Coolheaded+1","floor":20},{"not_picked":["Barrage","Steam Power"],"picked":"Storm","floor":22},{"not_picked":["Genetic Algorithm","Heatsinks+1"],"picked":"Steam Power+1","floor":25},{"not_picked":["Aggregate","Streamline"],"picked":"Reprogram","floor":30},{"not_picked":["Barrage+1","Streamline+1"],"picked":"Blizzard","floor":31},{"not_picked":["Multi-Cast","Reboot"],"picked":"Electrodynamics","floor":33},{"not_picked":["Leap+1","Reprogram+1"],"picked":"Compile Driver","floor":35},{"not_picked":["Loop","Ball Lightning+1"],"picked":"Conserve Battery+1","floor":36},{"not_picked":["Doom and Gloom","Coolheaded"],"picked":"Biased Cognition","floor":37},{"not_picked":["Blizzard+1","Ball Lightning+1"],"picked":"Lockon+1","floor":38},{"not_picked":["Scrape+1","Ball Lightning"],"picked":"Go for the Eyes+1","floor":39},{"not_picked":["Streamline+1","Gash+1"],"picked":"Darkness+1","floor":40},{"not_picked":["Conserve Battery","Compile Driver+1"],"picked":"Force Field+1","floor":41},{"not_picked":["Genetic Algorithm","Reprogram","Force Field+1"],"picked":"SKIP","floor":42},{"not_picked":["Force Field","Go for the Eyes+1"],"picked":"Capacitor","floor":44},{"not_picked":["Barrage+1","Beam Cell+1"],"picked":"FTL+1","floor":46}],"player_experience":5164,"relics_obtained":[{"floor":9,"key":"Strawberry"},{"floor":12,"key":"Boot"},{"floor":25,"key":"Letter Opener"},{"floor":26,"key":"Bag of Preparation"},{"floor":28,"key":"Dream Catcher"},{"floor":43,"key":"Anchor"}],"event_choices":[{"cards_removed":["Strike_B"],"damage_healed":0,"gold_gain":0,"player_choice":"Card Removal","damage_taken":7,"max_hp_gain":0,"max_hp_loss":0,"event_name":"Golden Wing","floor":4,"gold_loss":0},{"damage_healed":0,"gold_gain":0,"player_choice":"Got Potions","damage_taken":0,"max_hp_gain":0,"max_hp_loss":0,"event_name":"Lab","floor":8,"gold_loss":0},{"damage_healed":0,"gold_gain":0,"player_choice":"Obtained Relic","damage_taken":0,"relics_obtained":["Regal Pillow"],"max_hp_gain":0,"max_hp_loss":0,"event_name":"Addict","floor":24,"gold_loss":85},{"damage_healed":0,"gold_gain":0,"player_choice":"Became a vampire","damage_taken":0,"max_hp_gain":0,"max_hp_loss":27,"event_name":"Vampires","floor":29,"gold_loss":0,"cards_obtained":["Bite","Bite","Bite","Bite","Bite"]},{"damage_healed":52,"gold_gain":0,"player_choice":"Heal","damage_taken":0,"max_hp_gain":0,"max_hp_loss":7,"event_name":"The Moai Head","floor":47,"gold_loss":0},{"damage_healed":0,"gold_gain":0,"player_choice":"Ignored","damage_taken":0,"max_hp_gain":0,"max_hp_loss":0,"event_name":"SecretPortal","floor":48,"gold_loss":0}],"is_beta":false,"boss_relics":[{"not_picked":["Coffee Dripper","Busted Crown"],"picked":"Nuclear Battery"},{"not_picked":["Black Star","Sozu"],"picked":"Inserter"}],"items_purged_floors":[45],"is_endless":false,"potions_floor_spawned":[1,2,3,7,13,16,19,20,22,31,36,39,42,44,46],"killed_by":"Awakened One","ascension_level":0}