{"gold_per_floor":[117,117,127,141,151,151,183,183,208,208,225,325,360,375,375,480,480,480,390,390,46,46,46,46,46,46,46],"floor_reached":27,"playtime":1272,"items_purged":["Strike_B"],"score":418,"play_id":"13e8d71c-fee1-4698-b82a-ca6b22ed4bab","local_time":"20190428170955","is_ascension_mode":true,"campfire_choices":[{"data":"Capacitor","floor":6.0,"key":"SMITH"},{"data":"Coolheaded","floor":8.0,"key":"SMITH"},{"data":"Chill","floor":10.0,"key":"SMITH"},{"data":"White Noise","floor":15,"key":"SMITH"},{"data":"Loop","floor":24,"key":"SMITH"}],"neow_cost":"NONE","seed_source_timestamp":91184238357888,"circlet_count":0,"master_deck":["AscendersBane","Strike_B","Strike_B","Defend_B","Defend_B","Defend_B","Defend_B","Zap","Dualcast","Leap","Chill+1","Capacitor+1","Coolheaded+1","Barrage","Self Repair","Glacier","Capacitor","White Noise+1","Echo Form","Loop+1","Leap","Coolheaded","Heatsinks"],"special_seed":0,"relics":["Cracked Core","DataDisk","Bag of Marbles","Strawberry","Pen Nib","Ectoplasm","OrangePellets","Lantern","Blood Vial","Anchor"],"potions_floor_usage":[16,23,23,25],"damage_taken":[{"damage":0.0,"enemies":"Small Slimes","floor":1.0,"turns":2.0},{"damage":0.0,"enemies":"Cultist","floor":3.0,"turns":3.0},{"damage":0.0,"enemies":"2 Louse","floor":4.0,"turns":2.0},{"damage":0.0,"enemies":"Lots of Slimes","floor":5.0,"turns":6.0},{"damage":8.0,"enemies":"Lagavulin","floor":7.0,"turns":8.0},{"damage":5.0,"enemies":"Blue Slaver","floor":11.0,"turns":4.0},{"damage":2,"enemies":"3 Sentries","floor":13,"turns":11},{"damage":4,"enemies":"2 Fungi Beasts","floor":14,"turns":6},{"damage":13,"enemies":"The Guardian","floor":16,"turns":15},{"damage":10,"enemies":"Spheric Guardian","floor":18,"turns":7},{"damage":18,"enemies":"2 Thieves","floor":19,"turns":5},{"damage":6,"enemies":"Chosen and Byrds","floor":20,"turns":9},{"damage":21,"enemies":"Slavers","floor":23,"turns":14},{"damage":36,"enemies":"Gremlin Leader","floor":25,"turns":9},{"damage":4,"enemies":"Colosseum Slavers","floor":27,"turns":5},{"damage":52,"enemies":"Colosseum Nobs","floor":27,"turns":5}],"seed_played":"5164510302919294881","potions_obtained":[{"floor":3.0,"key":"SpeedPotion"},{"floor":5.0,"key":"Swift Potion"},{"floor":13,"key":"Block Potion"},{"floor":20,"key":"Weak Potion"},{"floor":23,"key":"Energy Potion"}],"is_trial":false,"path_per_floor":["M","?","M","M","M","R","E","R","T","R","M","?","E","M","R","B",null,"M","M","M","$","?","E","R","E","T","?"],"character_chosen":"DEFECT","items_purchased":["OrangePellets","Heatsinks"],"campfire_rested":0,"item_purchase_floors":[21,21],"current_hp_per_floor":[68,68,68,68,68,68,60,60,67,67,69,69,74,77,77,71,79,76,65,66,66,66,59,59,37,37,0],"gold":46,"neow_bonus":"RANDOM_COMMON_RELIC","is_prod":false,"is_daily":false,"chose_seed":false,"campfire_upgraded":5,"win_rate":0,"timestamp":1556489395,"path_taken":["M","?","?","M","M","R","E","R","T","R","M","?","E","?","R","BOSS","M","M","M","$","?","E","R","E","T","?"],"build_version":"2019-01-23","purchased_purges":1,"victory":false,"max_hp_per_floor":[75,75,75,75,75,75,75,75,82,82,82,82,82,82,82,82,82,82,82,82,82,82,82,82,82,82,82],"card_choices":[{"not_picked":["Rebound","Compile Driver"],"picked":"Leap","floor":1.0},{"not_picked":["Static Discharge","Rebound"],"picked":"Capacitor","floor":3.0},{"not_picked":["Consume","Streamline"],"picked":"Coolheaded","floor":4.0},{"not_picked":["Double Energy","Static Discharge"],"picked":"Barrage","floor":5.0},{"not_picked":["Lockon","Compile Driver"],"picked":"Self Repair","floor":7.0},{"not_picked":["Hyperbeam","Aggregate"],"picked":"Glacier","floor":11.0},{"not_picked":["Streamline","Doom and Gloom"],"picked":"Capacitor","floor":13},{"not_picked":["Leap","Sunder"],"picked":"White Noise","floor":14},{"not_picked":["Seek","All For One"],"picked":"Echo Form","floor":16},{"not_picked":["Capacitor","Self Repair"],"picked":"Loop","floor":18},{"not_picked":["Conserve Battery","Steam"],"picked":"Leap","floor":19},{"not_picked":["Redo","Go for the Eyes"],"picked":"Coolheaded","floor":20},{"not_picked":["Compile Driver+1","Aggregate","Tempest"],"picked":"SKIP","floor":23},{"not_picked":["Recycle","Stack+1","Rebound"],"picked":"SKIP","floor":25}],"player_experience":336464,"relics_obtained":[{"floor":7.0,"key":"Bag of Marbles"},{"floor":9.0,"key":"Strawberry"},{"floor":13,"key":"Pen Nib"},{"floor":23,"key":"Lantern"},{"floor":25,"key":"Blood Vial"},{"floor":26,"key":"Anchor"}],"event_choices":[{"damage_healed":0.0,"max_hp_gain":0.0,"max_hp_loss":0.0,"gold_gain":0.0,"cards_transformed":["Strike_B"],"event_name":"Transmorgrifier","player_choice":"Transformed","floor":2.0,"gold_loss":0.0,"damage_taken":0.0,"cards_obtained":["Chill"]},{"damage_healed":0,"gold_gain":100,"player_choice":"Pray","damage_taken":0,"max_hp_gain":0,"max_hp_loss":0,"event_name":"Golden Shrine","floor":12,"gold_loss":0},{"damage_healed":0,"gold_gain":0,"player_choice":"Ignored","damage_taken":0,"max_hp_gain":0,"max_hp_loss":0,"event_name":"Ghosts","floor":22,"gold_loss":0},{"damage_healed":0,"gold_gain":0,"player_choice":"Fight","damage_taken":0,"max_hp_gain":0,"max_hp_loss":0,"event_name":"Colosseum","floor":27,"gold_loss":0},{"damage_healed":0,"gold_gain":0,"player_choice":"Fought Nobs","damage_taken":0,"max_hp_gain":0,"max_hp_loss":0,"event_name":"Colosseum","floor":27,"gold_loss":0}],"is_beta":false,"boss_relics":[{"not_picked":["Pandora\u0027s Box","White Beast Statue"],"picked":"Ectoplasm"}],"items_purged_floors":[21],"is_endless":false,"potions_floor_spawned":[3,5,7,11,13,20,23,27],"killed_by":"Colosseum Nobs","ascension_level":12}