{"gold_per_floor":[109,122,47,60,10,40,40,40,64,64,64,83,59,69,69,141,141,141,141,141,64,64,64,64,64],"floor_reached":25,"playtime":699,"items_purged":["Strike_R"],"score":372,"play_id":"f52cd945-8ee6-473c-9457-04ff1b5b14f2","local_time":"20190503140423","is_ascension_mode":true,"campfire_choices":[{"data":"Searing Blow","floor":7,"key":"SMITH"},{"data":"Searing Blow+1","floor":15,"key":"SMITH"},{"floor":23,"key":"REST"}],"neow_cost":"NONE","seed_source_timestamp":512651827245599,"circlet_count":0,"master_deck":["AscendersBane","Strike_R","Strike_R","Defend_R","Defend_R","Defend_R","Defend_R","Bash","Searing Blow+2","Cleave","Headbutt","Armaments","Offering","Warcry","Battle Trance"],"relics":["Burning Blood","NeowsBlessing","Dead Branch","Magic Flower","Happy Flower","Ectoplasm","Red Mask","Tiny Chest"],"potions_floor_usage":[6,24],"damage_taken":[{"damage":0,"enemies":"Cultist","floor":1,"turns":1},{"damage":0,"enemies":"2 Louse","floor":2,"turns":1},{"damage":0,"enemies":"Jaw Worm","floor":4,"turns":1},{"damage":54,"enemies":"Lagavulin","floor":6,"turns":8},{"damage":4,"enemies":"3 Louse","floor":12,"turns":3},{"damage":15,"enemies":"2 Fungi Beasts","floor":14,"turns":3},{"damage":42,"enemies":"Slime Boss","floor":16,"turns":10},{"damage":23,"enemies":"3 Byrds","floor":18,"turns":5},{"damage":33,"enemies":"Masked Bandits","floor":19,"turns":4},{"damage":16,"enemies":"Shell Parasite","floor":22,"turns":4},{"damage":50,"enemies":"Book of Stabbing","floor":24,"turns":8},{"damage":21,"enemies":"Shelled Parasite and Fungi","floor":25,"turns":2}],"seed_played":"-3183656721702069694","potions_obtained":[{"floor":1,"key":"SteroidPotion"},{"floor":6,"key":"Block Potion"},{"floor":12,"key":"Ancient Potion"},{"floor":14,"key":"SteroidPotion"},{"floor":22,"key":"FairyPotion"}],"is_trial":false,"path_per_floor":["M","M","$","M","?","E","R","T","T","?","?","M","$","M","R","B",null,"M","?","?","$","M","R","E","M"],"character_chosen":"IRONCLAD","items_purchased":["Armaments","Battle Trance"],"campfire_rested":1,"item_purchase_floors":[13,21],"current_hp_per_floor":[74,75,75,75,75,27,27,27,27,27,52,57,57,51,51,18,61,47,23,23,23,16,38,10,0],"gold":64,"neow_bonus":"THREE_ENEMY_KILL","is_prod":false,"is_daily":false,"chose_seed":false,"campfire_upgraded":2,"win_rate":0,"timestamp":1556910263,"path_taken":["M","M","$","?","?","E","R","?","T","?","?","M","$","M","R","BOSS","M","?","?","$","M","R","E","M"],"build_version":"2019-01-23","purchased_purges":1,"victory":false,"max_hp_per_floor":[75,75,75,75,75,75,75,75,75,75,75,75,75,75,75,75,75,75,75,75,75,75,75,75,75],"card_choices":[{"not_picked":["Perfected Strike","True Grit"],"picked":"Searing Blow","floor":1},{"not_picked":["Power Through","Clothesline"],"picked":"Cleave","floor":2},{"not_picked":["Armaments","Flex"],"picked":"Headbutt","floor":4},{"not_picked":["Fire Breathing","Uppercut","Twin Strike"],"picked":"SKIP","floor":6},{"not_picked":["Havoc","Clothesline","Ghostly Armor"],"picked":"SKIP","floor":12},{"not_picked":["Hemokinesis","Iron Wave","Searing Blow"],"picked":"SKIP","floor":14},{"not_picked":["Double Tap","Impervious"],"picked":"Offering","floor":16},{"not_picked":["Cleave","Blood for Blood+1"],"picked":"Warcry","floor":18},{"not_picked":["Spot Weakness","Clash+1","Shockwave"],"picked":"SKIP","floor":22},{"not_picked":["Sentinel","Sever Soul","Warcry"],"picked":"SKIP","floor":24}],"player_experience":365278,"relics_obtained":[{"floor":6,"key":"Dead Branch"},{"floor":8,"key":"Magic Flower"},{"floor":9,"key":"Happy Flower"},{"floor":19,"key":"Red Mask"},{"floor":24,"key":"Tiny Chest"}],"event_choices":[{"cards_removed":["Strike_R"],"damage_healed":0,"gold_gain":0,"player_choice":"Card Removal","damage_taken":0,"max_hp_gain":0,"max_hp_loss":0,"event_name":"The Cleric","floor":5,"gold_loss":50},{"cards_removed":["Strike_R"],"damage_healed":0,"gold_gain":0,"player_choice":"Forget","damage_taken":0,"max_hp_gain":0,"max_hp_loss":0,"event_name":"Living Wall","floor":10,"gold_loss":0},{"damage_healed":25,"gold_gain":0,"player_choice":"Banana","damage_taken":0,"max_hp_gain":0,"max_hp_loss":0,"event_name":"Big Fish","floor":11,"gold_loss":0},{"damage_healed":0,"gold_gain":0,"player_choice":"Fought Bandits","damage_taken":0,"max_hp_gain":0,"max_hp_loss":0,"event_name":"Masked Bandits","floor":19,"gold_loss":0},{"damage_healed":0,"gold_gain":0,"player_choice":"Ignored","damage_taken":0,"max_hp_gain":0,"max_hp_loss":0,"event_name":"Vampires","floor":20,"gold_loss":0}],"is_beta":false,"boss_relics":[{"not_picked":["Pandora\u0027s Box","Tiny House"],"picked":"Ectoplasm"}],"items_purged_floors":[3],"is_endless":false,"potions_floor_spawned":[1,6,12,14,22],"killed_by":"Shelled Parasite and Fungi","ascension_level":14}