{"gold_per_floor":[114,114,134,13,113,138,138,168,168,168,178,128,139,62,62,162,162,143,103,78,95,45,45],"floor_reached":23,"playtime":658,"items_purged":[],"score":311,"play_id":"935bac5f-965b-45f9-959d-8e841d0ab485","local_time":"20190324170735","is_ascension_mode":true,"campfire_choices":[{"data":"Thunderclap","floor":7,"key":"SMITH"},{"data":"Seeing Red","floor":10,"key":"SMITH"},{"data":"Shrug It Off","floor":15,"key":"SMITH"}],"neow_cost":"NONE","seed_source_timestamp":665266208790458,"circlet_count":0,"master_deck":["Strike_R","Strike_R","Strike_R","Defend_R+1","Defend_R","Defend_R","Defend_R+1","Bash","Seeing Red+1","Fire Breathing","Cleave","Feel No Pain","Shrug It Off+1","Thunderclap+1","Fiend Fire","Dropkick","Shrug It Off","Inflame","Dark Embrace+1","Rage+1","Armaments","Dropkick","True Grit"],"relics":["Burning Blood","NeowsBlessing","Paper Frog","Pantograph","War Paint","Eternal Feather"],"potions_floor_usage":[13,21,23],"damage_taken":[{"damage":0,"enemies":"2 Louse","floor":1,"turns":1},{"damage":0,"enemies":"Cultist","floor":3,"turns":1},{"damage":0,"enemies":"3 Sentries","floor":6,"turns":2},{"damage":29,"enemies":"Lagavulin","floor":8,"turns":7},{"damage":0,"enemies":"Jaw Worm","floor":11,"turns":3},{"damage":22,"enemies":"Gremlin Gang","floor":13,"turns":4},{"damage":16,"enemies":"The Guardian","floor":16,"turns":12},{"damage":23,"enemies":"2 Thieves","floor":18,"turns":4},{"damage":37,"enemies":"Spheric Guardian","floor":21,"turns":15},{"damage":18,"enemies":"Slavers","floor":23,"turns":4}],"seed_played":"3974446654350239374","potions_obtained":[{"floor":1,"key":"EssenceOfSteel"},{"floor":6,"key":"Energy Potion"},{"floor":11,"key":"EssenceOfSteel"}],"is_trial":false,"path_per_floor":["M","?","M","$","?","E","R","E","T","R","M","?","M","$","R","B",null,"M","?","$","M","$","E"],"character_chosen":"IRONCLAD","items_purchased":["Feel No Pain","Shrug It Off","Inflame","Armaments","True Grit"],"campfire_rested":0,"item_purchase_floors":[4,4,14,20,22],"current_hp_per_floor":[78,78,80,80,80,80,80,57,57,57,63,63,47,47,47,62,76,59,59,59,28,28,10],"gold":45,"neow_bonus":"THREE_ENEMY_KILL","is_prod":false,"is_daily":false,"chose_seed":false,"campfire_upgraded":3,"win_rate":0,"timestamp":1553465255,"path_taken":["M","?","?","?","?","E","R","E","T","R","?","?","M","$","R","BOSS","M","?","$","M","$","E"],"build_version":"2019-01-23","purchased_purges":0,"victory":false,"max_hp_per_floor":[80,80,80,80,80,80,80,80,80,80,80,80,80,80,80,80,80,80,80,80,80,80,80],"card_choices":[{"not_picked":["Sever Soul","Burning Pact"],"picked":"Seeing Red","floor":1},{"not_picked":["Heavy Blade","Shrug It Off"],"picked":"Cleave","floor":3},{"not_picked":["Iron Wave","True Grit"],"picked":"Thunderclap","floor":6},{"not_picked":["Iron Wave","Juggernaut"],"picked":"Fiend Fire","floor":8},{"not_picked":["Heavy Blade","Sword Boomerang"],"picked":"Dropkick","floor":11},{"not_picked":["Thunderclap","Perfected Strike"],"picked":"Shrug It Off","floor":13},{"not_picked":["Limit Break","Immolate"],"picked":"Dark Embrace","floor":16},{"not_picked":["Hemokinesis","Wild Strike"],"picked":"Rage+1","floor":18},{"not_picked":["Power Through","Anger"],"picked":"Dropkick","floor":21}],"player_experience":263169,"relics_obtained":[{"floor":6,"key":"Paper Frog"},{"floor":8,"key":"Pantograph"},{"floor":9,"key":"War Paint"}],"event_choices":[{"damage_healed":0,"gold_gain":0,"cards_transformed":["Strike_R"],"player_choice":"Transformed","damage_taken":0,"max_hp_gain":0,"max_hp_loss":0,"event_name":"Transmorgrifier","floor":2,"gold_loss":0,"cards_obtained":["Fire Breathing"]},{"damage_healed":0,"gold_gain":100,"player_choice":"Pray","damage_taken":0,"max_hp_gain":0,"max_hp_loss":0,"event_name":"Golden Shrine","floor":5,"gold_loss":0},{"cards_removed":["Strike_R"],"damage_healed":0,"gold_gain":0,"player_choice":"Card Removal","damage_taken":0,"max_hp_gain":0,"max_hp_loss":0,"event_name":"The Cleric","floor":12,"gold_loss":50},{"damage_healed":0,"gold_gain":0,"player_choice":"Upgrade","damage_taken":0,"max_hp_gain":0,"max_hp_loss":0,"event_name":"Designer","floor":19,"gold_loss":40,"cards_upgraded":["Dark Embrace"]}],"is_beta":false,"boss_relics":[{"not_picked":["Philosopher\u0027s Stone","Coffee Dripper"],"picked":"Eternal Feather"}],"items_purged_floors":[],"is_endless":false,"potions_floor_spawned":[1,6,11],"killed_by":"Slavers","ascension_level":8}