{"gold_per_floor":[116,116,9,20,20,55,55,83,83,83,100,110,178,228,228,329,329],"floor_reached":17,"playtime":601,"items_purged":[],"score":190,"play_id":"deac75c6-5471-48e1-98c0-355857d8c389","local_time":"20190409023857","is_ascension_mode":false,"campfire_choices":[{"data":"Rip and Tear","floor":7.0,"key":"SMITH"},{"data":"Consume","floor":15,"key":"SMITH"}],"neow_cost":"NONE","seed_source_timestamp":0,"circlet_count":0,"master_deck":["Strike_B","Strike_B","Strike_B","Defend_B","Defend_B","Defend_B","Defend_B","Zap+1","Dualcast","Capacitor","Go for the Eyes","Self Repair","Rip and Tear+1","Glacier","Consume+1","Beam Cell","Ball Lightning","Tempest","All For One"],"special_seed":0,"relics":["Cracked Core","NeowsBlessing","Pocketwatch","Bag of Marbles","Gremlin Horn","SsserpentHead","Runic Pyramid"],"potions_floor_usage":[12],"damage_taken":[{"damage":0.0,"enemies":"Small Slimes","floor":1.0,"turns":1.0},{"damage":0.0,"enemies":"Cultist","floor":4.0,"turns":1.0},{"damage":0.0,"enemies":"Gremlin Nob","floor":6.0,"turns":1.0},{"damage":14.0,"enemies":"3 Sentries","floor":8.0,"turns":7.0},{"damage":0.0,"enemies":"2 Louse","floor":11.0,"turns":1.0},{"damage":8,"enemies":"Lots of Slimes","floor":12,"turns":5},{"damage":4,"enemies":"3 Louse","floor":13,"turns":2},{"damage":15,"enemies":"The Guardian","floor":16,"turns":9}],"seed_played":"172212883401194906","potions_obtained":[{"floor":6.0,"key":"PowerPotion"},{"floor":12,"key":"Regen Potion"},{"floor":13,"key":"SpeedPotion"},{"floor":16,"key":"Ancient Potion"}],"is_trial":false,"path_per_floor":["M","?","$","M","$","E","R","E","T","?","M","M","M","?","R","B",null],"character_chosen":"DEFECT","items_purchased":["Go for the Eyes","Self Repair"],"campfire_rested":0,"item_purchase_floors":[3,3],"current_hp_per_floor":[75,75,75,75,75,75,75,68,68,68,68,67,63,63,63,55,75],"gold":329,"neow_bonus":"THREE_ENEMY_KILL","is_prod":false,"is_daily":false,"chose_seed":true,"campfire_upgraded":2,"win_rate":0,"timestamp":1554795537,"path_taken":["M","?","$","?","$","E","R","E","T","?","M","M","?","?","R","BOSS"],"build_version":"2019-01-23","purchased_purges":0,"victory":false,"max_hp_per_floor":[75,75,75,75,75,75,75,75,75,75,75,75,75,75,75,75,75],"card_choices":[{"not_picked":["Gash","Barrage"],"picked":"Capacitor","floor":1.0},{"not_picked":["Steam","Recycle"],"picked":"Rip and Tear","floor":4.0},{"not_picked":["Blizzard","Chaos"],"picked":"Glacier","floor":6.0},{"not_picked":["Conserve Battery","Leap"],"picked":"Consume","floor":8.0},{"not_picked":["Steam","Multi-Cast"],"picked":"Beam Cell","floor":11},{"not_picked":["Chaos","Self Repair"],"picked":"Ball Lightning","floor":12},{"not_picked":["Beam Cell","Force Field"],"picked":"Tempest","floor":13},{"not_picked":["Multi-Cast","Reboot"],"picked":"All For One","floor":16}],"player_experience":302382,"relics_obtained":[{"floor":6.0,"key":"Pocketwatch"},{"floor":8.0,"key":"Bag of Marbles"},{"floor":9.0,"key":"Gremlin Horn"}],"event_choices":[{"cards_removed":["Strike_B"],"damage_healed":0.0,"max_hp_gain":0.0,"max_hp_loss":0.0,"gold_gain":0.0,"event_name":"Bonfire Elementals","player_choice":"Offered Basic","floor":2.0,"gold_loss":0.0,"damage_taken":0.0},{"damage_healed":0.0,"max_hp_gain":0.0,"max_hp_loss":0.0,"gold_gain":0.0,"event_name":"FaceTrader","player_choice":"Trade","floor":10.0,"gold_loss":0.0,"damage_taken":0.0,"relics_obtained":["SsserpentHead"]},{"damage_healed":0,"gold_gain":0,"player_choice":"Grow","damage_taken":0,"max_hp_gain":0,"max_hp_loss":0,"event_name":"Living Wall","floor":14,"gold_loss":0,"cards_upgraded":["Zap"]}],"is_beta":false,"boss_relics":[{"not_picked":["Astrolabe","Pandora\u0027s Box"],"picked":"Runic Pyramid"}],"items_purged_floors":[],"is_endless":false,"potions_floor_spawned":[6,12,13,16],"ascension_level":0}