{"gold_per_floor":[112,131,149,24,74,107,66,66,96,96,114,114,128,128,128,207,207,223,92,17,31,31,31],"floor_reached":23,"playtime":827,"items_purged":["Strike_B"],"score":378,"play_id":"41bee859-f243-462c-863c-8311383847af","local_time":"20190524031253","is_ascension_mode":true,"campfire_choices":[{"floor":8,"key":"REST"},{"data":"Fusion","floor":10,"key":"SMITH"},{"data":"Capacitor","floor":12,"key":"SMITH"},{"data":"Static Discharge","floor":15,"key":"SMITH"}],"neow_cost":"NONE","seed_source_timestamp":248495280126304,"circlet_count":0,"master_deck":["AscendersBane","Defend_B","Defend_B","Defend_B","Zap","Dualcast","Biased Cognition","Genetic Algorithm","Capacitor+1","Undo","Static Discharge+1","Fusion+1","Echo Form","Rip and Tear","Turbo","Sweeping Beam","Buffer","FTL+1","Coolheaded+1","Recycle+1","Leap","Ball Lightning","BootSequence"],"relics":["Cracked Core","Symbiotic Virus","Tiny Chest","Astrolabe"],"potions_floor_usage":[18,23],"damage_taken":[{"damage":1,"enemies":"2 Louse","floor":1,"turns":3},{"damage":0,"enemies":"Cultist","floor":2,"turns":3},{"damage":9,"enemies":"Jaw Worm","floor":3,"turns":4},{"damage":30,"enemies":"Gremlin Nob","floor":6,"turns":4},{"damage":0,"enemies":"Looter","floor":11,"turns":3},{"damage":0,"enemies":"Blue Slaver","floor":13,"turns":4},{"damage":28,"enemies":"Slime Boss","floor":16,"turns":6},{"damage":12,"enemies":"Spheric Guardian","floor":18,"turns":6},{"damage":15,"enemies":"Shell Parasite","floor":21,"turns":6},{"damage":12,"enemies":"Colosseum Slavers","floor":22,"turns":6},{"damage":26,"enemies":"Book of Stabbing","floor":23,"turns":5}],"seed_played":"-7432730505422661877","potions_obtained":[{"floor":3,"key":"SpeedPotion"},{"floor":13,"key":"Block Potion"},{"floor":21,"key":"Strength Potion"}],"is_trial":false,"path_per_floor":["M","M","M","$","?","E","$","R","T","R","M","R","M","?","R","B",null,"M","$","?","M","?","E"],"character_chosen":"DEFECT","items_purchased":["Static Discharge","Fusion","Rip and Tear","Ball Lightning"],"campfire_rested":1,"item_purchase_floors":[4,4,7,19],"current_hp_per_floor":[63,63,54,54,47,17,17,38,38,38,38,38,38,61,61,33,62,50,50,50,35,23,0],"gold":31,"neow_bonus":"ONE_RANDOM_RARE_CARD","is_prod":false,"is_daily":false,"chose_seed":false,"campfire_upgraded":3,"win_rate":0,"timestamp":1558685573,"path_taken":["M","M","M","$","?","E","$","R","T","R","?","R","M","?","R","BOSS","M","$","?","M","?","E"],"build_version":"2019-01-23","purchased_purges":1,"victory":false,"max_hp_per_floor":[71,71,71,71,71,71,71,71,71,71,71,71,71,71,71,71,71,71,71,71,71,71,71],"card_choices":[{"not_picked":["Barrage","Steam Power"],"picked":"Genetic Algorithm","floor":1},{"not_picked":["Beam Cell","Skim"],"picked":"Capacitor","floor":2},{"not_picked":["Beam Cell","Steam"],"picked":"Undo","floor":3},{"not_picked":["Ball Lightning","Barrage"],"picked":"Echo Form","floor":6},{"not_picked":["Genetic Algorithm","Blizzard"],"picked":"Turbo","floor":11},{"not_picked":["Blizzard","Aggregate"],"picked":"Sweeping Beam","floor":13},{"not_picked":["Meteor Strike","Biased Cognition"],"picked":"Buffer","floor":16},{"not_picked":["Redo","Chill"],"picked":"Leap","floor":18},{"not_picked":["Beam Cell","Auto Shields"],"picked":"BootSequence","floor":21}],"player_experience":459138,"relics_obtained":[{"floor":6,"key":"Symbiotic Virus"},{"floor":9,"key":"Tiny Chest"}],"event_choices":[{"damage_healed":0,"gold_gain":50,"player_choice":"Touch","damage_taken":7,"max_hp_gain":0,"max_hp_loss":0,"event_name":"FaceTrader","floor":5,"gold_loss":0},{"damage_healed":23,"gold_gain":0,"player_choice":"Banana","damage_taken":0,"max_hp_gain":0,"max_hp_loss":0,"event_name":"Big Fish","floor":14,"gold_loss":0},{"cards_removed":["Defend_B"],"damage_healed":0,"gold_gain":0,"player_choice":"Gave Gold","damage_taken":0,"max_hp_gain":0,"max_hp_loss":0,"event_name":"Beggar","floor":20,"gold_loss":75},{"damage_healed":0,"gold_gain":0,"player_choice":"Fight","damage_taken":0,"max_hp_gain":0,"max_hp_loss":0,"event_name":"Colosseum","floor":22,"gold_loss":0},{"damage_healed":0,"gold_gain":0,"player_choice":"Fled From Nobs","damage_taken":0,"max_hp_gain":0,"max_hp_loss":0,"event_name":"Colosseum","floor":22,"gold_loss":0}],"is_beta":false,"boss_relics":[{"not_picked":["Calling Bell","Empty Cage"],"picked":"Astrolabe"}],"items_purged_floors":[19],"is_endless":false,"potions_floor_spawned":[3,13,21],"killed_by":"Book of Stabbing","ascension_level":20}