{"gold_per_floor":[118,132,57,57,76,100,139,64,64,16,55,55,76,107,107,235,235,248,248,263,288,32,32,32],"floor_reached":24,"playtime":1175,"items_purged":["Strike_B"],"score":227,"play_id":"6b2011c7-fc27-4b2b-a672-98c0e5a6dbb1","local_time":"20190221145916","is_ascension_mode":true,"campfire_choices":[{"floor":12,"key":"REST"},{"data":"Zap","floor":15,"key":"SMITH"},{"floor":23,"key":"REST"}],"neow_cost":"NONE","seed_source_timestamp":137026693839580,"circlet_count":0,"master_deck":["Strike_B","Strike_B","Strike_B","Defend_B","Defend_B","Defend_B","Defend_B","Zap+1","Dualcast","Heatsinks","Cold Snap","Coolheaded","Static Discharge","Go for the Eyes","White Noise","Beam Cell","White Noise","Seek","Hologram","Loop+1","Machine Learning"],"relics":["Cracked Core","NeowsBlessing","Golden Idol","Gremlin Horn","Meat on the Bone","Darkstone Periapt","Bottled Flame","Black Star","Enchiridion","Bottled Lightning"],"potions_floor_usage":[7,13,16,24],"damage_taken":[{"damage":0,"enemies":"Small Slimes","floor":1,"turns":1},{"damage":0,"enemies":"2 Louse","floor":2,"turns":1},{"damage":0,"enemies":"Jaw Worm","floor":5,"turns":1},{"damage":8,"enemies":"Looter","floor":6,"turns":3},{"damage":23,"enemies":"3 Sentries","floor":7,"turns":13},{"damage":19,"enemies":"Gremlin Nob","floor":11,"turns":4},{"damage":0,"enemies":"Gremlin Gang","floor":13,"turns":5},{"damage":17,"enemies":"Lagavulin","floor":14,"turns":6},{"damage":16,"enemies":"Hexaghost","floor":16,"turns":11},{"damage":16,"enemies":"Spheric Guardian","floor":18,"turns":4},{"damage":22,"enemies":"3 Byrds","floor":20,"turns":4},{"damage":31,"enemies":"Cultist and Chosen","floor":21,"turns":5},{"damage":51,"enemies":"Book of Stabbing","floor":24,"turns":6}],"seed_played":"-7039252566932117592","potions_obtained":[{"floor":1,"key":"Ancient Potion"},{"floor":2,"key":"Dexterity Potion"},{"floor":7,"key":"Fire Potion"},{"floor":13,"key":"EssenceOfSteel"},{"floor":14,"key":"SteroidPotion"},{"floor":18,"key":"GamblersBrew"}],"is_trial":false,"path_per_floor":["M","M","$","?","M","M","E","$","T","$","E","R","M","E","R","B",null,"M","?","M","M","$","R","E"],"character_chosen":"DEFECT","items_purchased":["Heatsinks","Go for the Eyes","Bottled Lightning"],"campfire_rested":2,"item_purchase_floors":[3,10,22],"current_hp_per_floor":[75,75,75,57,57,49,26,26,26,26,19,41,41,36,36,32,75,59,43,33,14,14,36,0],"gold":32,"neow_bonus":"THREE_ENEMY_KILL","is_prod":false,"is_daily":false,"chose_seed":false,"campfire_upgraded":1,"win_rate":0,"timestamp":1550782756,"path_taken":["M","M","$","?","M","M","E","$","T","$","E","R","M","E","R","BOSS","M","?","M","M","$","R","E"],"build_version":"2019-01-23","purchased_purges":1,"victory":false,"max_hp_per_floor":[75,75,75,75,75,75,75,75,75,75,75,75,75,75,75,75,75,75,75,75,75,75,75,75],"card_choices":[{"not_picked":["Barrage","Streamline","Redo"],"picked":"SKIP","floor":1},{"not_picked":["Turbo","Chaos","Genetic Algorithm"],"picked":"SKIP","floor":2},{"not_picked":["Hologram","Rebound"],"picked":"Cold Snap","floor":5},{"not_picked":["Ball Lightning","Stack"],"picked":"Coolheaded","floor":6},{"not_picked":["Darkness","Barrage"],"picked":"Static Discharge","floor":7},{"not_picked":["Stack","Gash"],"picked":"White Noise","floor":11},{"not_picked":["Gash","Ball Lightning"],"picked":"Beam Cell","floor":13},{"not_picked":["Rip and Tear","Gash"],"picked":"White Noise","floor":14},{"not_picked":["Hyperbeam","Multi-Cast"],"picked":"Seek","floor":16},{"not_picked":["Cold Snap","Stack"],"picked":"Hologram","floor":18},{"not_picked":["Auto Shields","Leap"],"picked":"Loop+1","floor":20},{"not_picked":["Beam Cell","Coolheaded+1"],"picked":"Machine Learning","floor":21}],"player_experience":79919,"relics_obtained":[{"floor":7,"key":"Gremlin Horn"},{"floor":9,"key":"Meat on the Bone"},{"floor":11,"key":"Darkstone Periapt"},{"floor":14,"key":"Bottled Flame"},{"floor":19,"key":"Enchiridion"}],"event_choices":[{"damage_healed":0,"gold_gain":0,"player_choice":"Take Damage","damage_taken":18,"relics_obtained":["Golden Idol"],"max_hp_gain":0,"max_hp_loss":0,"event_name":"Golden Idol","floor":4,"gold_loss":0},{"damage_healed":0,"gold_gain":0,"player_choice":"Obtained Book","damage_taken":16,"max_hp_gain":0,"max_hp_loss":0,"event_name":"Cursed Tome","floor":19,"gold_loss":0}],"is_beta":false,"boss_relics":[{"not_picked":["Philosopher\u0027s Stone","Nuclear Battery"],"picked":"Black Star"}],"items_purged_floors":[8],"is_endless":false,"potions_floor_spawned":[1,2,7,13,14,18],"killed_by":"Book of Stabbing","ascension_level":1}