{"gold_per_floor":[110,33,33,8,26,26,41,41,120,146,158,173,187,9,9,105,105,119,144,144,114],"floor_reached":21,"playtime":2569,"items_purged":[],"score":169,"play_id":"dccabad2-b827-4a37-8e52-dd65cfc92643","local_time":"20190515163928","is_ascension_mode":false,"campfire_choices":[{"data":"Noxious Fumes","floor":6,"key":"SMITH"},{"data":"Well Laid Plans","floor":8,"key":"SMITH"},{"floor":15,"key":"REST"}],"neow_cost":"NONE","seed_source_timestamp":61296713622224,"circlet_count":0,"master_deck":["Defend_G","Defend_G","Defend_G","Defend_G","Defend_G","Strike_G","Strike_G","Strike_G","Strike_G","Strike_G","Survivor","Neutralize","Dagger Spray","Noxious Fumes+1","Bane","Well Laid Plans+1","Tools of the Trade","Poisoned Stab+1","Footwork","Backflip","Footwork","Adrenaline","Dagger Throw+1"],"relics":["Ring of the Snake","Molten Egg 2","Odd Mushroom","Snake Skull","Black Star","Red Mask"],"potions_floor_usage":[],"damage_taken":[{"damage":1,"enemies":"Jaw Worm","floor":1,"turns":6},{"damage":1,"enemies":"Small Slimes","floor":5,"turns":3},{"damage":0,"enemies":"2 Louse","floor":7,"turns":4},{"damage":20,"enemies":"The Mushroom Lair","floor":10,"turns":4},{"damage":6,"enemies":"Large Slime","floor":11,"turns":6},{"damage":16,"enemies":"Lots of Slimes","floor":12,"turns":4},{"damage":6,"enemies":"Exordium Wildlife","floor":13,"turns":4},{"damage":11,"enemies":"Hexaghost","floor":16,"turns":9},{"damage":10,"enemies":"3 Byrds","floor":18,"turns":6},{"damage":66,"enemies":"Masked Bandits","floor":19,"turns":6},{"damage":1,"enemies":"2 Thieves","floor":21,"turns":1}],"seed_played":"-7023122105287286046","potions_obtained":[{"floor":10,"key":"SteroidPotion"},{"floor":11,"key":"Swift Potion"},{"floor":12,"key":"PowerPotion"},{"floor":13,"key":"Poison Potion"}],"is_trial":false,"path_per_floor":["M","$","?","?","M","R","M","R","T","?","M","M","M","$","R","B",null,"M","?","?","M"],"character_chosen":"THE_SILENT","items_purchased":["Noxious Fumes","Footwork","Snake Skull"],"campfire_rested":1,"item_purchase_floors":[2,14,14],"current_hp_per_floor":[76,76,76,76,75,75,75,75,75,55,49,33,27,27,50,39,77,67,1,1,0],"gold":114,"neow_bonus":"TEN_PERCENT_HP_BONUS","is_prod":false,"is_daily":false,"chose_seed":false,"campfire_upgraded":2,"win_rate":0.0,"timestamp":1557963568,"path_taken":["M","$","?","?","M","R","M","R","T","?","M","M","M","?","R","BOSS","M","?","?","?"],"build_version":"2019-01-23","purchased_purges":0,"victory":false,"max_hp_per_floor":[77,77,77,77,77,77,77,77,77,77,77,77,77,77,77,77,77,77,77,77,77],"card_choices":[{"not_picked":["Underhanded Strike","Outmaneuver"],"picked":"Dagger Spray","floor":1},{"not_picked":["Underhanded Strike","Outmaneuver"],"picked":"Bane","floor":5},{"not_picked":["Deadly Poison","Distraction"],"picked":"Well Laid Plans","floor":7},{"not_picked":["Quick Slash+1","Finisher+1"],"picked":"Tools of the Trade","floor":10},{"not_picked":["Heel Hook+1","Backstab+1"],"picked":"Poisoned Stab+1","floor":11},{"not_picked":["Acrobatics","Poisoned Stab+1"],"picked":"Footwork","floor":12},{"not_picked":["Underhanded Strike+1","Deadly Poison"],"picked":"Backflip","floor":13},{"not_picked":["Wraith Form v2","Bullet Time"],"picked":"Adrenaline","floor":16},{"not_picked":["PiercingWail","Expertise","Dagger Spray+1"],"picked":"SKIP","floor":18},{"not_picked":["Blade Dance","Flying Knee+1"],"picked":"Dagger Throw+1","floor":19}],"player_experience":42197,"relics_obtained":[{"floor":9,"key":"Molten Egg 2"},{"floor":10,"key":"Odd Mushroom"},{"floor":19,"key":"Red Mask"}],"event_choices":[{"damage_healed":0,"gold_gain":0,"player_choice":"Ignored","damage_taken":0,"max_hp_gain":0,"max_hp_loss":0,"event_name":"Liars Game","floor":3,"gold_loss":0},{"damage_healed":0,"gold_gain":0,"player_choice":"Left Gold","damage_taken":0,"max_hp_gain":0,"max_hp_loss":0,"event_name":"World of Goop","floor":4,"gold_loss":25},{"damage_healed":0,"gold_gain":0,"player_choice":"Fought Mushrooms","damage_taken":0,"max_hp_gain":0,"max_hp_loss":0,"event_name":"Mushrooms","floor":10,"gold_loss":0},{"damage_healed":0,"gold_gain":0,"player_choice":"Fought Bandits","damage_taken":0,"max_hp_gain":0,"max_hp_loss":0,"event_name":"Masked Bandits","floor":19,"gold_loss":0},{"damage_healed":0,"gold_gain":0,"player_choice":"Bought 0 Potions","damage_taken":0,"max_hp_gain":0,"max_hp_loss":0,"event_name":"The Woman in Blue","floor":20,"gold_loss":0}],"is_beta":false,"boss_relics":[{"not_picked":["Coffee Dripper","Eternal Feather"],"picked":"Black Star"}],"items_purged_floors":[],"is_endless":false,"potions_floor_spawned":[10,11,12,13,18],"killed_by":"2 Thieves","ascension_level":0}