{"gold_per_floor":[117,134,144,144,144,144,99,99,153,153,176,193,193,203,203,305,305,315,315,315,328,328],"floor_reached":22,"playtime":1800,"items_purged":[],"score":174,"play_id":"08e0743f-32c0-4077-9286-65394110d1d4","local_time":"20190515194752","is_ascension_mode":false,"campfire_choices":[{"data":"Footwork","floor":6,"key":"SMITH"},{"data":"Noxious Fumes","floor":10,"key":"SMITH"},{"floor":13,"key":"REST"},{"data":"Neutralize","floor":15,"key":"SMITH"}],"neow_cost":"NONE","seed_source_timestamp":72477576084107,"circlet_count":0,"master_deck":["Defend_G","Defend_G","Strike_G","Strike_G","Strike_G","Strike_G","Survivor","Neutralize+1","Noxious Fumes+1","Dagger Spray","Footwork+1","Acrobatics","Deflect","Phantasmal Killer","Bane","RitualDagger","Outmaneuver+1"],"relics":["Ring of the Snake","Pear","Centennial Puzzle","PreservedInsect","Empty Cage"],"potions_floor_usage":[],"damage_taken":[{"damage":9,"enemies":"Cultist","floor":1,"turns":4},{"damage":0,"enemies":"2 Louse","floor":2,"turns":3},{"damage":5,"enemies":"Small Slimes","floor":3,"turns":4},{"damage":9,"enemies":"Looter","floor":7,"turns":5},{"damage":0,"enemies":"2 Fungi Beasts","floor":12,"turns":4},{"damage":6,"enemies":"3 Louse","floor":14,"turns":3},{"damage":37,"enemies":"Hexaghost","floor":16,"turns":13},{"damage":33,"enemies":"2 Thieves","floor":18,"turns":4},{"damage":13,"enemies":"3 Byrds","floor":21,"turns":5},{"damage":28,"enemies":"Snake Plant","floor":22,"turns":3}],"seed_played":"-546604799738937852","potions_obtained":[{"floor":1,"key":"Block Potion"},{"floor":12,"key":"Weak Potion"},{"floor":18,"key":"EssenceOfSteel"}],"is_trial":false,"path_per_floor":["M","M","M","?","?","R","M","?","T","R","T","M","R","M","R","B",null,"M","?","?","M","M"],"character_chosen":"THE_SILENT","items_purchased":[],"campfire_rested":1,"item_purchase_floors":[],"current_hp_per_floor":[61,61,56,49,56,56,47,47,47,47,47,47,71,65,65,28,80,47,41,41,28,0],"gold":328,"neow_bonus":"REMOVE_CARD","is_prod":false,"is_daily":false,"chose_seed":false,"campfire_upgraded":3,"win_rate":0.0,"timestamp":1557974872,"path_taken":["M","M","?","?","?","R","M","?","T","R","?","M","R","M","R","BOSS","M","?","?","M","M"],"build_version":"2019-01-23","purchased_purges":0,"victory":false,"max_hp_per_floor":[70,70,70,70,80,80,80,80,80,80,80,80,80,80,80,80,80,80,80,80,80,80],"card_choices":[{"not_picked":["Bane","Bouncing Flask"],"picked":"Noxious Fumes","floor":1},{"not_picked":["Noxious Fumes","Skewer"],"picked":"Dagger Spray","floor":2},{"not_picked":["Dash","Underhanded Strike"],"picked":"Footwork","floor":3},{"not_picked":["Slice","Blade Dance"],"picked":"Acrobatics","floor":7},{"not_picked":["Dagger Spray","Envenom","Underhanded Strike"],"picked":"SKIP","floor":12},{"not_picked":["Slice","Prepared"],"picked":"Deflect","floor":14},{"not_picked":["Venomology","Die Die Die"],"picked":"Phantasmal Killer","floor":16},{"not_picked":["Sucker Punch","Dagger Spray"],"picked":"Bane","floor":18},{"not_picked":["Underhanded Strike","Blade Dance"],"picked":"Outmaneuver+1","floor":21}],"player_experience":52784,"relics_obtained":[{"floor":9,"key":"Centennial Puzzle"},{"floor":11,"key":"PreservedInsect"}],"event_choices":[{"cards_removed":["Strike_G"],"damage_healed":0,"gold_gain":0,"player_choice":"Card Removal","damage_taken":7,"max_hp_gain":0,"max_hp_loss":0,"event_name":"Golden Wing","floor":4,"gold_loss":0},{"damage_healed":0,"gold_gain":0,"player_choice":"Success","damage_taken":3,"relics_obtained":["Pear"],"max_hp_gain":0,"max_hp_loss":0,"event_name":"Scrap Ooze","floor":5,"gold_loss":0},{"damage_healed":0,"gold_gain":0,"player_choice":"Ignored","damage_taken":0,"max_hp_gain":0,"max_hp_loss":0,"event_name":"Liars Game","floor":8,"gold_loss":0},{"damage_healed":0,"gold_gain":0,"player_choice":"Joined the Cult","damage_taken":6,"max_hp_gain":0,"max_hp_loss":0,"event_name":"Nest","floor":19,"gold_loss":0,"cards_obtained":["RitualDagger"]},{"damage_healed":0,"gold_gain":0,"player_choice":"Ignored","damage_taken":0,"max_hp_gain":0,"max_hp_loss":0,"event_name":"Ghosts","floor":20,"gold_loss":0}],"is_beta":false,"boss_relics":[{"not_picked":["Philosopher\u0027s Stone","Calling Bell"],"picked":"Empty Cage"}],"items_purged_floors":[],"is_endless":false,"potions_floor_spawned":[1,12,18],"killed_by":"Snake Plant","ascension_level":0}