{"gold_per_floor":[123,147,177,264,276,322,351,9,82,107,127,143,168,182,182,287,287,300,312,324,337,337,337],"floor_reached":23,"playtime":1019,"items_purged":["Strike_R"],"score":304,"play_id":"09f6b4a2-2a18-4c39-9ee0-20d3463b2b7e","local_time":"20190322151413","is_ascension_mode":true,"campfire_choices":[{"data":"True Grit","floor":15,"key":"SMITH"}],"neow_cost":"NONE","seed_source_timestamp":485302767767654,"circlet_count":0,"master_deck":["Strike_R","Strike_R","Strike_R","Strike_R","Defend_R","Defend_R+1","Defend_R+1","Defend_R","Bash","Wild Strike","Metallicize","Anger","Power Through","Cleave","Seeing Red","Flex","Armaments","True Grit+1","Feed","Thunderclap","Cleave+1","Dropkick","Twin Strike"],"relics":["Burning Blood","MawBank","Calipers","Membership Card","Omamori","Tiny Chest","Pantograph","War Paint","Bronze Scales","Runic Pyramid"],"potions_floor_usage":[6,13],"damage_taken":[{"damage":5,"enemies":"Cultist","floor":1,"turns":4},{"damage":5,"enemies":"Small Slimes","floor":2,"turns":4},{"damage":4,"enemies":"Jaw Worm","floor":3,"turns":4},{"damage":17,"enemies":"3 Sentries","floor":6,"turns":10},{"damage":0,"enemies":"Exordium Wildlife","floor":7,"turns":4},{"damage":18,"enemies":"Gremlin Nob","floor":10,"turns":5},{"damage":0,"enemies":"Exordium Thugs","floor":11,"turns":4},{"damage":6,"enemies":"Red Slaver","floor":12,"turns":4},{"damage":23,"enemies":"3 Sentries","floor":13,"turns":10},{"damage":0,"enemies":"Blue Slaver","floor":14,"turns":4},{"damage":38,"enemies":"The Guardian","floor":16,"turns":14},{"damage":15,"enemies":"Spheric Guardian","floor":18,"turns":6},{"damage":0,"enemies":"Chosen","floor":19,"turns":6},{"damage":18,"enemies":"Snecko","floor":20,"turns":6},{"damage":23,"enemies":"Centurion and Healer","floor":21,"turns":10},{"damage":52,"enemies":"Book of Stabbing","floor":23,"turns":5}],"seed_played":"-6234154189900565353","potions_obtained":[{"floor":1,"key":"Dexterity Potion"},{"floor":2,"key":"Dexterity Potion"},{"floor":10,"key":"SkillPotion"},{"floor":11,"key":"Weak Potion"},{"floor":18,"key":"Strength Potion"},{"floor":20,"key":"EntropicBrew"}],"is_trial":false,"path_per_floor":["M","M","M","?","$","E","M","$","T","E","M","M","E","M","R","B",null,"M","M","M","M","?","E"],"character_chosen":"IRONCLAD","items_purchased":["Membership Card","Omamori","Tiny Chest"],"campfire_rested":0,"item_purchase_floors":[8,8,8],"current_hp_per_floor":[73,74,76,65,65,54,60,60,60,48,54,54,37,43,43,36,69,63,73,64,50,50,0],"gold":337,"neow_bonus":"RANDOM_COMMON_RELIC","is_prod":false,"is_daily":false,"chose_seed":false,"campfire_upgraded":1,"win_rate":0,"timestamp":1553285653,"path_taken":["M","M","?","?","?","E","M","?","T","E","?","M","E","M","R","BOSS","M","M","M","M","?","E"],"build_version":"2019-01-23","purchased_purges":1,"victory":false,"max_hp_per_floor":[80,80,80,80,80,80,80,80,80,80,80,80,80,80,80,80,80,83,87,90,93,93,93],"card_choices":[{"not_picked":["Infernal Blade","Carnage"],"picked":"Wild Strike","floor":1},{"not_picked":["Twin Strike","Carnage"],"picked":"Metallicize","floor":2},{"not_picked":["Sentinel","Wild Strike"],"picked":"Anger","floor":3},{"not_picked":["Burning Pact","Searing Blow"],"picked":"Power Through","floor":6},{"not_picked":["Perfected Strike","Wild Strike"],"picked":"Cleave","floor":7},{"not_picked":["Whirlwind","Combust"],"picked":"Seeing Red","floor":10},{"not_picked":["Ghostly Armor","Rupture"],"picked":"Flex","floor":11},{"not_picked":["Blood for Blood","Sever Soul","Perfected Strike"],"picked":"SKIP","floor":12},{"not_picked":["Pummel","Rupture"],"picked":"Armaments","floor":13},{"not_picked":["Twin Strike","Carnage"],"picked":"True Grit","floor":14},{"not_picked":["Double Tap","Barricade"],"picked":"Feed","floor":16},{"not_picked":["Twin Strike","Iron Wave"],"picked":"Thunderclap","floor":18},{"not_picked":["Body Slam","Flex"],"picked":"Cleave+1","floor":19},{"not_picked":["Cleave+1","Sentinel"],"picked":"Dropkick","floor":20},{"not_picked":["Clash+1","Perfected Strike+1"],"picked":"Twin Strike","floor":21}],"player_experience":259809,"relics_obtained":[{"floor":6,"key":"Calipers"},{"floor":9,"key":"Pantograph"},{"floor":10,"key":"War Paint"},{"floor":13,"key":"Bronze Scales"}],"event_choices":[{"damage_healed":0,"gold_gain":75,"player_choice":"Gather Gold","damage_taken":11,"max_hp_gain":0,"max_hp_loss":0,"event_name":"World of Goop","floor":4,"gold_loss":0},{"damage_healed":0,"gold_gain":0,"player_choice":"Cursed","damage_taken":0,"max_hp_gain":0,"max_hp_loss":0,"event_name":"Wheel of Change","floor":22,"gold_loss":0,"cards_obtained":["Decay"]}],"is_beta":false,"boss_relics":[{"not_picked":["Cursed Key","Lizard Tail"],"picked":"Runic Pyramid"}],"items_purged_floors":[8],"is_endless":false,"potions_floor_spawned":[1,2,10,11,18,20],"killed_by":"Book of Stabbing","ascension_level":8}