{"gold_per_floor":[109,119,119,8,33,33,33,68,98,98,18,18,42,61,61,61],"floor_reached":16,"playtime":311,"items_purged":[],"score":180,"play_id":"857c6b17-a35c-4729-a03c-2e76c45c3163","local_time":"20190511225547","is_ascension_mode":true,"campfire_choices":[{"data":"Sunder","floor":6.0,"key":"SMITH"},{"data":"Creative AI","floor":10.0,"key":"SMITH"},{"data":"Reinforced Body","floor":15.0,"key":"SMITH"}],"neow_cost":"NONE","seed_source_timestamp":1236074173928304,"circlet_count":0,"master_deck":["AscendersBane","Strike_B","Strike_B","Strike_B","Strike_B","Defend_B","Defend_B","Defend_B","Defend_B","Zap","Dualcast","Self Repair","Sunder+1","Leap","Sweeping Beam","Rebound","Creative AI+1","Pain","Defragment","Doubt","Conserve Battery","Reinforced Body+1"],"special_seed":0,"relics":["Cursed Key","Golden Idol","Bottled Tornado","Tiny Chest","Blue Candle"],"potions_floor_usage":[16],"damage_taken":[{"damage":4.0,"enemies":"Jaw Worm","floor":1.0,"turns":4.0},{"damage":14.0,"enemies":"Small Slimes","floor":2.0,"turns":4.0},{"damage":0.0,"enemies":"Cultist","floor":5.0,"turns":3.0},{"damage":25.0,"enemies":"Lagavulin","floor":8.0,"turns":6.0},{"damage":10.0,"enemies":"3 Louse","floor":13.0,"turns":2.0},{"damage":14.0,"enemies":"2 Fungi Beasts","floor":14.0,"turns":3.0},{"damage":28,"enemies":"Slime Boss","floor":16,"turns":7}],"seed_played":"-5435795829014844358","potions_obtained":[{"floor":5.0,"key":"LiquidBronze"},{"floor":8.0,"key":"Dexterity Potion"},{"floor":14.0,"key":"Block Potion"}],"is_trial":false,"path_per_floor":["M","M","?","$","M","R","?","E","T","R","$","T","M","M","R","B"],"character_chosen":"DEFECT","items_purchased":["Leap","Sweeping Beam","Defragment"],"campfire_rested":0,"item_purchase_floors":[4,4,11],"current_hp_per_floor":[60,53,53,53,60,60,60,42,42,42,42,42,32,25,25,0],"gold":61,"neow_bonus":"BOSS_RELIC","is_prod":false,"is_daily":false,"chose_seed":false,"campfire_upgraded":3,"win_rate":0,"timestamp":1557633347,"path_taken":["M","M","?","$","M","R","?","E","T","R","$","?","?","M","R","BOSS"],"build_version":"2019-01-23","purchased_purges":0,"victory":false,"max_hp_per_floor":[71,71,64,64,64,64,64,64,64,64,64,64,64,64,64,64],"card_choices":[{"not_picked":["Redo","Fusion"],"picked":"Self Repair","floor":1.0},{"not_picked":["Auto Shields","Conserve Battery"],"picked":"Sunder","floor":2.0},{"not_picked":["Leap","Redo"],"picked":"Rebound","floor":5.0},{"not_picked":["White Noise","Melter"],"picked":"Creative AI","floor":8.0},{"not_picked":["Go for the Eyes","Recycle"],"picked":"Conserve Battery","floor":13.0},{"not_picked":["Conserve Battery","Undo"],"picked":"Reinforced Body","floor":14.0}],"player_experience":398660,"relics_obtained":[{"floor":8.0,"key":"Bottled Tornado"},{"floor":9.0,"key":"Tiny Chest"},{"floor":12.0,"key":"Blue Candle"}],"event_choices":[{"damage_healed":0.0,"max_hp_gain":0.0,"max_hp_loss":7.0,"gold_gain":0.0,"event_name":"Golden Idol","player_choice":"Lose Max HP","floor":3.0,"gold_loss":0.0,"damage_taken":0.0,"relics_obtained":["Golden Idol"]},{"damage_healed":0.0,"max_hp_gain":0.0,"max_hp_loss":0.0,"gold_gain":0.0,"event_name":"The Cleric","player_choice":"Leave","floor":7.0,"gold_loss":0.0,"damage_taken":0.0}],"is_beta":false,"boss_relics":[],"items_purged_floors":[],"is_endless":false,"potions_floor_spawned":[5,8,14],"killed_by":"Slime Boss","ascension_level":16}