{"gold_per_floor":[113,125,225,245,245,245,272,0,72,87,87,102,127,147,147,248,248,248,248,248,173,173,173,173,173,173,173,173,173,173,173,173,173],"floor_reached":33,"playtime":1972,"items_purged":[],"score":259,"play_id":"a7fd782b-da23-479f-aeb4-0595057117a6","local_time":"20190519024735","is_ascension_mode":false,"campfire_choices":[{"data":"Sweeping Beam","floor":6,"key":"SMITH"},{"data":"Coolheaded","floor":11,"key":"SMITH"},{"floor":15,"key":"REST"},{"data":"Glacier","floor":23,"key":"SMITH"},{"data":"Zap","floor":25,"key":"SMITH"},{"data":"Machine Learning","floor":27,"key":"SMITH"},{"data":"Dualcast","floor":28,"key":"SMITH"},{"floor":32,"key":"REST"}],"neow_cost":"NONE","seed_source_timestamp":232073346106922,"circlet_count":0,"master_deck":["Strike_B","Strike_B","Strike_B","Defend_B","Defend_B","Defend_B","Defend_B","Zap+1","Dualcast+1","Coolheaded+1","Sweeping Beam+1","Pain","Machine Learning+1","Reinforced Body","FTL","Rebound","Self Repair","Amplify","Conserve Battery","Glacier+1","Double Energy","Ball Lightning","Conserve Battery"],"relics":["Cracked Core","WarpedTongs","Ancient Tea Set","Chemical X","Nunchaku","Ectoplasm","WingedGreaves","CultistMask"],"potions_floor_usage":[],"damage_taken":[{"damage":1,"enemies":"Jaw Worm","floor":1,"turns":4},{"damage":1,"enemies":"Cultist","floor":2,"turns":4},{"damage":0,"enemies":"2 Louse","floor":4,"turns":2},{"damage":19,"enemies":"3 Sentries","floor":7,"turns":6},{"damage":5,"enemies":"Exordium Thugs","floor":10,"turns":4},{"damage":0,"enemies":"Lots of Slimes","floor":12,"turns":1},{"damage":13,"enemies":"Lagavulin","floor":13,"turns":7},{"damage":6,"enemies":"Exordium Wildlife","floor":14,"turns":4},{"damage":30,"enemies":"The Guardian","floor":16,"turns":12},{"damage":13,"enemies":"Chosen","floor":18,"turns":4},{"damage":19,"enemies":"Shell Parasite","floor":19,"turns":7},{"damage":16,"enemies":"Centurion and Healer","floor":20,"turns":8},{"damage":25,"enemies":"Snake Plant","floor":22,"turns":7},{"damage":23,"enemies":"Cultist and Chosen","floor":29,"turns":9},{"damage":13,"enemies":"Centurion and Healer","floor":31,"turns":8},{"damage":0,"enemies":"Automaton","floor":33,"turns":2}],"seed_played":"4664853650409905791","potions_obtained":[{"floor":4,"key":"Block Potion"},{"floor":7,"key":"Ancient Potion"},{"floor":12,"key":"LiquidBronze"}],"is_trial":false,"path_per_floor":["M","M","?","M","?","R","E","$","T","M","R","M","E","M","R","B",null,"M","M","M","?","M","R","?","R","T","R","R","M","?","M","R","B"],"character_chosen":"DEFECT","items_purchased":["Chemical X","Reinforced Body"],"campfire_rested":2,"item_purchase_floors":[8,8],"current_hp_per_floor":[81,80,80,80,80,80,61,61,61,56,56,56,43,37,61,31,82,69,64,55,55,44,44,44,44,44,44,44,31,31,25,49,49],"gold":173,"neow_bonus":"TEN_PERCENT_HP_BONUS","is_prod":false,"is_daily":false,"chose_seed":false,"campfire_upgraded":6,"win_rate":0,"timestamp":1558259255,"path_taken":["M","M","?","?","?","R","E","?","T","M","R","M","E","?","R","BOSS","M","M","M","?","M","R","?","R","T","R","R","?","?","M","R","BOSS"],"build_version":"2019-01-23","purchased_purges":0,"victory":false,"max_hp_per_floor":[82,82,82,82,82,82,82,82,82,82,82,82,82,82,82,82,82,82,82,82,82,82,82,82,82,82,82,82,82,82,82,82,82],"card_choices":[{"not_picked":["Go for the Eyes","Scrape","Hologram"],"picked":"SKIP","floor":1},{"not_picked":["Stack","Melter"],"picked":"Coolheaded","floor":2},{"not_picked":["Heatsinks","Sunder"],"picked":"Sweeping Beam","floor":4},{"not_picked":["Coolheaded","BootSequence"],"picked":"Machine Learning","floor":7},{"not_picked":["Rip and Tear","Ball Lightning","Beam Cell"],"picked":"SKIP","floor":10},{"not_picked":["Rip and Tear","Ball Lightning","Beam Cell"],"picked":"SKIP","floor":10},{"not_picked":["Hologram","Auto Shields"],"picked":"FTL","floor":12},{"not_picked":["Steam","Stack"],"picked":"Rebound","floor":13},{"not_picked":["Gash","Streamline"],"picked":"Self Repair","floor":14},{"not_picked":["Rainbow","All For One"],"picked":"Amplify","floor":16},{"not_picked":["Auto Shields","Sweeping Beam"],"picked":"Conserve Battery","floor":18},{"not_picked":["Rebound","Stack","Beam Cell"],"picked":"SKIP","floor":19},{"not_picked":["Machine Learning","Compile Driver+1"],"picked":"Glacier","floor":20},{"not_picked":["Rebound","Sweeping Beam"],"picked":"Double Energy","floor":22},{"not_picked":["Self Repair","Reprogram"],"picked":"Ball Lightning","floor":29},{"not_picked":["Melter","Leap"],"picked":"Conserve Battery","floor":31}],"player_experience":181485,"relics_obtained":[{"floor":7,"key":"Ancient Tea Set"},{"floor":13,"key":"Nunchaku"},{"floor":26,"key":"WingedGreaves"}],"event_choices":[{"damage_healed":0,"gold_gain":100,"player_choice":"Pray","damage_taken":0,"max_hp_gain":0,"max_hp_loss":0,"event_name":"Golden Shrine","floor":3,"gold_loss":0},{"damage_healed":0,"gold_gain":0,"player_choice":"Rummage","damage_taken":0,"relics_obtained":["WarpedTongs"],"max_hp_gain":0,"max_hp_loss":0,"event_name":"Accursed Blacksmith","floor":5,"gold_loss":0,"cards_obtained":["Pain"]},{"cards_removed":["Strike_B"],"damage_healed":0,"gold_gain":0,"player_choice":"Gave Gold","damage_taken":0,"max_hp_gain":0,"max_hp_loss":0,"event_name":"Beggar","floor":21,"gold_loss":75},{"damage_healed":0,"gold_gain":0,"player_choice":"Bought 0 Potions","damage_taken":0,"max_hp_gain":0,"max_hp_loss":0,"event_name":"The Woman in Blue","floor":24,"gold_loss":0},{"damage_healed":0,"gold_gain":0,"player_choice":"Trade","damage_taken":0,"relics_obtained":["CultistMask"],"max_hp_gain":0,"max_hp_loss":0,"event_name":"FaceTrader","floor":30,"gold_loss":0}],"is_beta":false,"boss_relics":[{"not_picked":["Philosopher\u0027s Stone","Orrery"],"picked":"Ectoplasm"}],"items_purged_floors":[],"is_endless":false,"potions_floor_spawned":[4,7,12,18,20,29],"killed_by":"Automaton","ascension_level":0}