{"gold_per_floor":[117,117,117,15,30,62,62,89,115,115,45,45,57,89,89,192,192,204,204,215,23,23],"floor_reached":22,"playtime":765,"items_purged":["Strike_G"],"score":270,"play_id":"6e17e7eb-dc27-4c15-8594-332805cbd0b0","local_time":"20190322022458","is_ascension_mode":true,"campfire_choices":[{"data":"Adrenaline","floor":7,"key":"SMITH"},{"floor":10,"key":"REST"},{"data":"Footwork","floor":15,"key":"SMITH"}],"neow_cost":"NONE","seed_source_timestamp":439399346809248,"circlet_count":0,"master_deck":["Defend_G","Defend_G","Defend_G","Defend_G","Defend_G","Strike_G","Strike_G","Strike_G","Strike_G","Survivor","Neutralize","After Image","Infinite Blades","Infinite Blades","Bouncing Flask","Flying Knee","Adrenaline+1","Footwork+1","Deadly Poison","Cloak And Dagger","Noxious Fumes+1","Blade Dance","Well Laid Plans","Backflip"],"relics":["Ring of the Snake","Anchor","Regal Pillow","Juzu Bracelet","Ancient Tea Set","CultistMask","Gremlin Horn","Eternal Feather"],"potions_floor_usage":[14,14,22,22],"damage_taken":[{"damage":3,"enemies":"Jaw Worm","floor":1,"turns":7},{"damage":0,"enemies":"Small Slimes","floor":5,"turns":5},{"damage":30,"enemies":"Lagavulin","floor":6,"turns":6},{"damage":24,"enemies":"Gremlin Nob","floor":8,"turns":5},{"damage":0,"enemies":"Cultist","floor":13,"turns":2},{"damage":14,"enemies":"3 Sentries","floor":14,"turns":7},{"damage":4,"enemies":"The Guardian","floor":16,"turns":10},{"damage":4,"enemies":"Spheric Guardian","floor":18,"turns":6},{"damage":25,"enemies":"Chosen","floor":20,"turns":6},{"damage":31,"enemies":"3 Cultists","floor":22,"turns":5}],"seed_played":"3446703373884020448","potions_obtained":[{"floor":8,"key":"AttackPotion"},{"floor":13,"key":"SkillPotion"},{"floor":14,"key":"FearPotion"},{"floor":16,"key":"Regen Potion"},{"floor":18,"key":"AttackPotion"}],"is_trial":false,"path_per_floor":["M","?","?","$","M","E","R","E","T","R","$","?","M","E","R","B",null,"M","?","M","$","M"],"character_chosen":"THE_SILENT","items_purchased":["Infinite Blades","Bouncing Flask","Footwork","Well Laid Plans","Backflip"],"campfire_rested":1,"item_purchase_floors":[4,4,11,21,21],"current_hp_per_floor":[60,60,60,60,60,30,30,6,6,42,42,42,42,28,28,24,59,55,42,17,17,0],"gold":23,"neow_bonus":"ONE_RANDOM_RARE_CARD","is_prod":false,"is_daily":false,"chose_seed":false,"campfire_upgraded":2,"win_rate":0,"timestamp":1553239498,"path_taken":["M","?","?","?","M","E","R","E","T","R","$","?","M","E","R","BOSS","M","?","M","$","M"],"build_version":"2019-01-23","purchased_purges":1,"victory":false,"max_hp_per_floor":[70,70,70,70,70,70,70,70,70,70,70,70,70,70,70,70,70,70,75,75,75,75],"card_choices":[{"not_picked":["Dagger Throw","Backflip"],"picked":"Infinite Blades","floor":1},{"not_picked":["Dagger Spray","Choke"],"picked":"Flying Knee","floor":5},{"not_picked":["Poisoned Stab","Finisher"],"picked":"Adrenaline","floor":6},{"not_picked":["Catalyst","Expertise","Concentrate"],"picked":"SKIP","floor":8},{"not_picked":["Catalyst","Expertise","Concentrate"],"picked":"SKIP","floor":8},{"not_picked":["Skewer","Heel Hook"],"picked":"Deadly Poison","floor":13},{"not_picked":["Sucker Punch","Dagger Throw"],"picked":"Cloak And Dagger","floor":14},{"not_picked":["Sucker Punch","Blur"],"picked":"Noxious Fumes+1","floor":18},{"not_picked":["Distraction","Expertise"],"picked":"Blade Dance","floor":20}],"player_experience":254635,"relics_obtained":[{"floor":6,"key":"Regal Pillow"},{"floor":8,"key":"Juzu Bracelet"},{"floor":9,"key":"Ancient Tea Set"},{"floor":14,"key":"Gremlin Horn"}],"event_choices":[{"damage_healed":0,"gold_gain":0,"player_choice":"Box","damage_taken":0,"relics_obtained":["Anchor"],"max_hp_gain":0,"max_hp_loss":0,"event_name":"Big Fish","floor":2,"gold_loss":0,"cards_obtained":["Regret"]},{"cards_removed":["Regret"],"damage_healed":0,"gold_gain":0,"player_choice":"Forget","damage_taken":0,"max_hp_gain":0,"max_hp_loss":0,"event_name":"Living Wall","floor":3,"gold_loss":0},{"damage_healed":0,"gold_gain":0,"player_choice":"Trade","damage_taken":0,"relics_obtained":["CultistMask"],"max_hp_gain":0,"max_hp_loss":0,"event_name":"FaceTrader","floor":12,"gold_loss":0},{"damage_healed":0,"gold_gain":0,"player_choice":"Shed Blood","damage_taken":18,"max_hp_gain":5,"max_hp_loss":0,"event_name":"Forgotten Altar","floor":19,"gold_loss":0}],"is_beta":false,"boss_relics":[{"not_picked":["Busted Crown","Runic Dome"],"picked":"Eternal Feather"}],"items_purged_floors":[21],"is_endless":false,"potions_floor_spawned":[8,13,14,16,18,20],"killed_by":"3 Cultists","ascension_level":7}