{"gold_per_floor":[119,119,19,35,46,79,79,112,112,129,149,163,163,163,163,163],"floor_reached":16,"playtime":555,"items_purged":[],"score":174,"play_id":"1aabce1a-01f9-4151-b4ff-e17042120187","local_time":"20190318225159","is_ascension_mode":true,"campfire_choices":[{"data":"Sunder","floor":7,"key":"SMITH"},{"data":"Zap","floor":15,"key":"SMITH"}],"neow_cost":"NONE","seed_source_timestamp":167620525089386,"circlet_count":0,"master_deck":["AscendersBane","Strike_B","Strike_B","Strike_B","Strike_B","Defend_B","Defend_B","Defend_B","Defend_B","Zap+1","Dualcast","Streamline","Melter","Doom and Gloom","Go for the Eyes","Cold Snap","Sunder+1","Rebound","Hologram","Core Surge","Barrage","Parasite"],"relics":["Cracked Core","Dodecahedron","Peace Pipe","Ginger"],"potions_floor_usage":[2,16,16],"damage_taken":[{"damage":0,"enemies":"2 Louse","floor":1,"turns":2},{"damage":0,"enemies":"Cultist","floor":4,"turns":3},{"damage":0,"enemies":"Small Slimes","floor":5,"turns":3},{"damage":16,"enemies":"Lagavulin","floor":6,"turns":5},{"damage":20,"enemies":"3 Sentries","floor":8,"turns":6},{"damage":12,"enemies":"Looter","floor":10,"turns":3},{"damage":12,"enemies":"Blue Slaver","floor":11,"turns":3},{"damage":9,"enemies":"3 Louse","floor":12,"turns":3},{"damage":55,"enemies":"The Guardian","floor":16,"turns":8}],"seed_played":"5346957846149211239","potions_obtained":[{"floor":2,"key":"Energy Potion"},{"floor":2,"key":"GamblersBrew"},{"floor":2,"key":"Fruit Juice"},{"floor":6,"key":"Strength Potion"}],"is_trial":false,"path_per_floor":["M","?","$","M","M","E","R","E","T","M","M","M","?","?","R","B"],"character_chosen":"DEFECT","items_purchased":["Doom and Gloom","Go for the Eyes"],"campfire_rested":0,"item_purchase_floors":[3,3],"current_hp_per_floor":[68,73,73,73,73,57,57,37,37,25,13,4,24,50,50,0],"gold":163,"neow_bonus":"THREE_CARDS","is_prod":false,"is_daily":false,"chose_seed":false,"campfire_upgraded":2,"win_rate":0,"timestamp":1552967519,"path_taken":["M","?","$","M","M","E","R","E","T","M","?","M","?","?","R","BOSS"],"build_version":"2019-01-23","purchased_purges":0,"victory":false,"max_hp_per_floor":[75,80,80,80,80,80,80,80,80,80,80,80,80,80,80,80],"card_choices":[{"not_picked":["Undo","Hologram"],"picked":"Streamline","floor":0},{"not_picked":["Redo","Beam Cell"],"picked":"Melter","floor":1},{"not_picked":["Ball Lightning","Blizzard"],"picked":"Cold Snap","floor":4},{"not_picked":["Steam","Gash"],"picked":"Sunder","floor":5},{"not_picked":["Beam Cell","Sweeping Beam"],"picked":"Rebound","floor":6},{"not_picked":["Steam Power","Conserve Battery"],"picked":"Hologram","floor":8},{"not_picked":["Coolheaded","Undo"],"picked":"Core Surge","floor":10},{"not_picked":["Turbo","Hello World","Go for the Eyes"],"picked":"SKIP","floor":11},{"not_picked":["Chaos","Stack"],"picked":"Barrage","floor":12}],"player_experience":225041,"relics_obtained":[{"floor":6,"key":"Dodecahedron"},{"floor":8,"key":"Peace Pipe"},{"floor":9,"key":"Ginger"}],"event_choices":[{"damage_healed":0,"gold_gain":0,"player_choice":"Got Potions","damage_taken":0,"max_hp_gain":0,"max_hp_loss":0,"event_name":"Lab","floor":2,"gold_loss":0},{"damage_healed":20,"gold_gain":0,"player_choice":"Healed and dodged fight","damage_taken":0,"max_hp_gain":0,"max_hp_loss":0,"event_name":"Mushrooms","floor":13,"gold_loss":0,"cards_obtained":["Parasite"]},{"damage_healed":26,"gold_gain":0,"player_choice":"Banana","damage_taken":0,"max_hp_gain":0,"max_hp_loss":0,"event_name":"Big Fish","floor":14,"gold_loss":0}],"is_beta":false,"boss_relics":[],"items_purged_floors":[],"is_endless":false,"potions_floor_spawned":[6,10,12],"killed_by":"The Guardian","ascension_level":11}