{"gold_per_floor":[119,25,25,41,57,90,90,118,144,144,109,134,13,33,33,132,132,145,145,145,70,169,169],"floor_reached":23,"playtime":576,"items_purged":[],"score":328,"play_id":"52eadea5-dca3-4eaf-83bd-78a84dd496b1","local_time":"20190428143939","is_ascension_mode":true,"campfire_choices":[{"floor":7,"key":"REST"},{"data":"White Noise","floor":15,"key":"SMITH"}],"neow_cost":"NONE","seed_source_timestamp":82877079756606,"circlet_count":0,"master_deck":["AscendersBane","Strike_B","Strike_B","Strike_B","Defend_B+1","Defend_B","Defend_B","Defend_B+1","Zap+1","Dualcast","Darkness","Rebound","Double Energy+1","Cold Snap","Cold Snap","Self Repair","Genetic Algorithm","Coolheaded","Capacitor","White Noise+1","Electrodynamics","Core Surge+1","Barrage+1"],"relics":["Cracked Core","War Paint","Ancient Tea Set","Omamori","Molten Egg 2","Centennial Puzzle","Nuclear Battery","MutagenicStrength"],"potions_floor_usage":[6,12,16],"damage_taken":[{"damage":1,"enemies":"Cultist","floor":1,"turns":3},{"damage":5,"enemies":"Small Slimes","floor":4,"turns":3},{"damage":9,"enemies":"Jaw Worm","floor":5,"turns":4},{"damage":30,"enemies":"Gremlin Nob","floor":6,"turns":5},{"damage":21,"enemies":"3 Sentries","floor":8,"turns":9},{"damage":3,"enemies":"Gremlin Nob","floor":12,"turns":3},{"damage":8,"enemies":"Blue Slaver","floor":14,"turns":4},{"damage":16,"enemies":"Hexaghost","floor":16,"turns":11},{"damage":4,"enemies":"Spheric Guardian","floor":18,"turns":4},{"damage":55,"enemies":"Slavers","floor":23,"turns":3}],"seed_played":"-8139212690738459192","potions_obtained":[{"floor":1,"key":"Weak Potion"},{"floor":4,"key":"Block Potion"},{"floor":8,"key":"PowerPotion"}],"is_trial":false,"path_per_floor":["M","$","?","M","M","E","R","E","T","T","?","E","$","M","R","B",null,"M","?","?","?","?","E"],"character_chosen":"DEFECT","items_purchased":["Rebound","Double Energy","Capacitor","White Noise"],"campfire_rested":1,"item_purchase_floors":[2,2,13,13],"current_hp_per_floor":[67,67,67,62,53,23,45,31,31,31,49,46,46,45,45,36,65,68,68,54,54,54,0],"gold":169,"neow_bonus":"UPGRADE_CARD","is_prod":false,"is_daily":false,"chose_seed":false,"campfire_upgraded":1,"win_rate":0,"timestamp":1556480379,"path_taken":["M","$","?","?","M","E","R","E","T","?","?","E","$","M","R","BOSS","M","?","?","?","?","E"],"build_version":"2019-01-23","purchased_purges":0,"victory":false,"max_hp_per_floor":[75,75,75,75,75,75,75,75,75,75,75,75,75,75,75,75,75,75,75,80,80,80,80],"card_choices":[{"not_picked":["Fusion","Coolheaded"],"picked":"Darkness","floor":1},{"not_picked":["Go for the Eyes","Reinforced Body"],"picked":"Cold Snap","floor":4},{"not_picked":["Turbo","Beam Cell"],"picked":"Cold Snap","floor":5},{"not_picked":["Stack","Compile Driver"],"picked":"Self Repair","floor":6},{"not_picked":["White Noise","Turbo"],"picked":"Genetic Algorithm","floor":8},{"not_picked":["Undo","Compile Driver+1"],"picked":"Coolheaded","floor":12},{"not_picked":["Steam","Turbo"],"picked":"Electrodynamics","floor":14},{"not_picked":["Biased Cognition","Creative AI"],"picked":"Core Surge+1","floor":16},{"not_picked":["Force Field+1","Aggregate"],"picked":"Barrage+1","floor":18}],"player_experience":335888,"relics_obtained":[{"floor":6,"key":"War Paint"},{"floor":8,"key":"Ancient Tea Set"},{"floor":9,"key":"Omamori"},{"floor":10,"key":"Molten Egg 2"},{"floor":12,"key":"Centennial Puzzle"}],"event_choices":[{"damage_healed":0,"gold_gain":0,"player_choice":"Forge","damage_taken":0,"max_hp_gain":0,"max_hp_loss":0,"event_name":"Accursed Blacksmith","floor":3,"gold_loss":0,"cards_upgraded":["Double Energy"]},{"damage_healed":18,"gold_gain":0,"player_choice":"Healed","damage_taken":0,"max_hp_gain":0,"max_hp_loss":0,"event_name":"The Cleric","floor":11,"gold_loss":35},{"damage_healed":0,"gold_gain":0,"player_choice":"Inject Mutagens","damage_taken":0,"relics_obtained":["MutagenicStrength"],"max_hp_gain":0,"max_hp_loss":0,"event_name":"Drug Dealer","floor":19,"gold_loss":0},{"damage_healed":0,"gold_gain":0,"player_choice":"Shed Blood","damage_taken":19,"max_hp_gain":5,"max_hp_loss":0,"event_name":"Forgotten Altar","floor":20,"gold_loss":0},{"cards_removed":["Strike_B"],"damage_healed":0,"gold_gain":0,"player_choice":"Gave Gold","damage_taken":0,"max_hp_gain":0,"max_hp_loss":0,"event_name":"Beggar","floor":21,"gold_loss":75},{"damage_healed":0,"gold_gain":99,"player_choice":"Stole From Cult","damage_taken":0,"max_hp_gain":0,"max_hp_loss":0,"event_name":"Nest","floor":22,"gold_loss":0}],"is_beta":false,"boss_relics":[{"not_picked":["Runic Dome","Tiny House"],"picked":"Nuclear Battery"}],"items_purged_floors":[],"is_endless":false,"potions_floor_spawned":[1,4,8],"killed_by":"Slavers","ascension_level":12}