{"gold_per_floor":[117,42,60,60,74,107,122,139,139,159,159,171,171,234,234,339,339,351,369,369,369],"floor_reached":21,"playtime":2187,"items_purged":["Strike_B"],"score":183,"play_id":"0372d506-b1e8-4e5d-9866-34fb26f0fedb","local_time":"20190515101930","is_ascension_mode":false,"campfire_choices":[{"floor":11.0,"key":"REST"},{"floor":13.0,"key":"REST"},{"floor":15.0,"key":"REST"}],"neow_cost":"NONE","seed_source_timestamp":0,"circlet_count":0,"master_deck":["Strike_B","Strike_B","Strike_B","Defend_B","Defend_B","Defend_B","Defend_B","Zap","Dualcast","Defragment","Redo","Genetic Algorithm","Coolheaded","Reprogram","All For One","Redo","Capacitor","Creative AI","Capacitor"],"special_seed":0,"relics":["Cracked Core","Anchor","Pear","FossilizedHelix","Dodecahedron","Sozu","MutagenicStrength"],"potions_floor_usage":[21],"damage_taken":[{"damage":0.0,"enemies":"Jaw Worm","floor":1.0,"turns":2.0},{"damage":0.0,"enemies":"Small Slimes","floor":3.0,"turns":4.0},{"damage":0.0,"enemies":"2 Louse","floor":5.0,"turns":3.0},{"damage":40.0,"enemies":"Lagavulin","floor":6.0,"turns":8.0},{"damage":8.0,"enemies":"Exordium Wildlife","floor":7.0,"turns":7.0},{"damage":4.0,"enemies":"Blue Slaver","floor":8.0,"turns":4.0},{"damage":4.0,"enemies":"Looter","floor":10.0,"turns":4.0},{"damage":9.0,"enemies":"Gremlin Gang","floor":12.0,"turns":7.0},{"damage":16.0,"enemies":"Lagavulin Event","floor":14.0,"turns":9.0},{"damage":13.0,"enemies":"Slime Boss","floor":16.0,"turns":13.0},{"damage":24.0,"enemies":"2 Thieves","floor":18.0,"turns":5.0},{"damage":0.0,"enemies":"Shell Parasite","floor":19.0,"turns":5.0},{"damage":18,"enemies":"3 Cultists","floor":21,"turns":4}],"seed_played":"-2024723769724786363","potions_obtained":[{"floor":6.0,"key":"EssenceOfSteel"},{"floor":12.0,"key":"Ancient Potion"},{"floor":14.0,"key":"SkillPotion"},{"floor":16.0,"key":"FearPotion"}],"is_trial":false,"path_per_floor":["M","$","M","?","M","E","M","M","T","M","R","M","R","?","R","B",null,"M","M","?","M"],"character_chosen":"DEFECT","items_purchased":[],"campfire_rested":3,"item_purchase_floors":[],"current_hp_per_floor":[75,75,75,75,75,45,37,33,33,29,54,45,70,54,79,66,85,61,61,61,43],"gold":369,"neow_bonus":"RANDOM_COMMON_RELIC","is_prod":false,"is_daily":false,"chose_seed":false,"campfire_upgraded":0,"win_rate":0.0,"timestamp":1557940770,"path_taken":["M","$","M","?","M","E","M","M","T","M","R","M","R","?","R","BOSS","M","M","?","M"],"build_version":"2019-01-23","purchased_purges":1,"victory":false,"max_hp_per_floor":[75,75,75,75,75,85,85,85,85,85,85,85,85,85,85,85,85,85,85,85,85],"card_choices":[{"not_picked":["Leap","Sweeping Beam","Steam"],"picked":"SKIP","floor":1.0},{"not_picked":["Aggregate","Leap"],"picked":"Defragment","floor":3.0},{"not_picked":["Gash","Ball Lightning"],"picked":"Redo","floor":5.0},{"not_picked":["Streamline","Leap"],"picked":"Genetic Algorithm","floor":6.0},{"not_picked":["Ball Lightning","Compile Driver"],"picked":"Coolheaded","floor":7.0},{"not_picked":["Hologram","Storm"],"picked":"Reprogram","floor":8.0},{"not_picked":["Reinforced Body","BootSequence"],"picked":"All For One","floor":10.0},{"not_picked":["Steam Power","Leap"],"picked":"Redo","floor":12.0},{"not_picked":["Redo","Conserve Battery"],"picked":"Capacitor","floor":14.0},{"not_picked":["Fission","Seek"],"picked":"Creative AI","floor":16.0},{"not_picked":["Steam Power","Sweeping Beam+1"],"picked":"Capacitor","floor":18.0},{"not_picked":["Beam Cell","White Noise","Ball Lightning"],"picked":"SKIP","floor":19.0}],"player_experience":26511,"relics_obtained":[{"floor":6.0,"key":"Pear"},{"floor":9.0,"key":"FossilizedHelix"}],"event_choices":[{"damage_healed":0.0,"max_hp_gain":0.0,"max_hp_loss":0.0,"gold_gain":0.0,"event_name":"Liars Game","player_choice":"Ignored","floor":4.0,"gold_loss":0.0,"damage_taken":0.0},{"damage_healed":0.0,"max_hp_gain":0.0,"max_hp_loss":0.0,"gold_gain":0.0,"event_name":"Dead Adventurer","player_choice":"Searched \u00272\u0027 times","floor":14.0,"gold_loss":0.0,"damage_taken":0.0,"relics_obtained":["Dodecahedron"]},{"damage_healed":0.0,"max_hp_gain":0.0,"max_hp_loss":0.0,"gold_gain":0.0,"event_name":"Drug Dealer","player_choice":"Inject Mutagens","floor":20.0,"gold_loss":0.0,"damage_taken":0.0,"relics_obtained":["MutagenicStrength"]}],"is_beta":false,"boss_relics":[{"not_picked":["Philosopher\u0027s Stone","Astrolabe"],"picked":"Sozu"}],"items_purged_floors":[2],"is_endless":false,"potions_floor_spawned":[6,12,14,16],"killed_by":"3 Cultists","ascension_level":0}