{"gold_per_floor":[109,125,145,96,112,112,139,139,139,139,151,161,161,179,179,280,280,295,295,73,173,173,173,187,221,221,254,254,254,286,338,338,436,436,452,93,93,108,108,439,457,467,467,188,203,53,53,64,64,64],"floor_reached":51,"playtime":1911,"items_purged":["Strike_R","Strike_R","Strike_R","Strike_R"],"score":966,"play_id":"592412f6-eef4-4fbf-b3b6-73cace84ecd2","local_time":"20190314214154","is_ascension_mode":true,"campfire_choices":[{"data":"True Grit","floor":6,"key":"SMITH"},{"data":"1","floor":10,"key":"LIFT"},{"data":"Shrug It Off","floor":13,"key":"SMITH"},{"data":"Metallicize","floor":15,"key":"SMITH"},{"data":"Corruption","floor":23,"key":"SMITH"},{"floor":29,"key":"REST"},{"data":"Warcry","floor":32,"key":"SMITH"},{"data":"Dark Embrace","floor":47,"key":"SMITH"},{"data":"Warcry","floor":49,"key":"SMITH"}],"neow_cost":"NONE","seed_source_timestamp":114424198508542,"circlet_count":0,"master_deck":["Defend_R","Defend_R","Defend_R","Bash","Iron Wave","Spot Weakness","Thunderclap","True Grit+1","Intimidate","Feel No Pain","Shrug It Off+1","Metallicize+1","Dropkick","Immolate","Twin Strike","Searing Blow","Inflame","Corruption+1","Warcry+1","Rampage+1","Warcry+1","Decay","Juggernaut","Dark Embrace+1","Armaments","Decay","Armaments+1","Shockwave","Spot Weakness+1","Rage","Limit Break"],"relics":["Burning Blood","NeowsBlessing","Mercury Hourglass","Girya","Eternal Feather","Charon\u0027s Ashes","Gremlin Horn","MutagenicStrength","Gambling Chip","Pen Nib","Molten Egg 2","Blood Vial","Regal Pillow","Sozu","Self Forming Clay","Old Coin","Bag of Preparation"],"potions_floor_usage":[21,21,25,33,33,48],"damage_taken":[{"damage":0,"enemies":"Small Slimes","floor":1,"turns":1},{"damage":0,"enemies":"Cultist","floor":2,"turns":1},{"damage":0,"enemies":"Jaw Worm","floor":3,"turns":1},{"damage":12,"enemies":"Blue Slaver","floor":5,"turns":5},{"damage":21,"enemies":"3 Sentries","floor":7,"turns":8},{"damage":9,"enemies":"Looter","floor":11,"turns":4},{"damage":4,"enemies":"3 Louse","floor":12,"turns":3},{"damage":0,"enemies":"Large Slime","floor":14,"turns":5},{"damage":33,"enemies":"The Guardian","floor":16,"turns":14},{"damage":14,"enemies":"3 Byrds","floor":18,"turns":4},{"damage":14,"enemies":"Colosseum Slavers","floor":21,"turns":4},{"damage":22,"enemies":"Colosseum Nobs","floor":21,"turns":4},{"damage":7,"enemies":"Chosen","floor":24,"turns":4},{"damage":31,"enemies":"Slavers","floor":25,"turns":4},{"damage":29,"enemies":"Book of Stabbing","floor":27,"turns":6},{"damage":3,"enemies":"Slavers","floor":30,"turns":4},{"damage":49,"enemies":"Automaton","floor":33,"turns":8},{"damage":15,"enemies":"3 Darklings","floor":35,"turns":4},{"damage":7,"enemies":"Orb Walker","floor":38,"turns":3},{"damage":5,"enemies":"Reptomancer","floor":40,"turns":4},{"damage":51,"enemies":"Writhing Mass","floor":41,"turns":4},{"damage":12,"enemies":"Sphere and 2 Shapes","floor":42,"turns":4},{"damage":0,"enemies":"4 Shapes","floor":45,"turns":3},{"damage":13,"enemies":"3 Darklings","floor":48,"turns":4},{"damage":28,"enemies":"Donu and Deca","floor":50,"turns":5}],"seed_played":"4609877328206714343","potions_obtained":[{"floor":2,"key":"EssenceOfSteel"},{"floor":7,"key":"SteroidPotion"},{"floor":11,"key":"Dexterity Potion"},{"floor":21,"key":"Regen Potion"},{"floor":27,"key":"AttackPotion"},{"floor":30,"key":"Weak Potion"},{"floor":33,"key":"Dexterity Potion"}],"is_trial":false,"path_per_floor":["M","M","M","$","M","R","E","?","T","R","M","M","R","M","R","B",null,"M","?","$","?","?","R","M","E","T","E","?","R","E","T","R","B",null,"M","$","?","M","?","E","M","M","T","$","M","$","R","M","R","B",null],"character_chosen":"IRONCLAD","items_purchased":["True Grit","Searing Blow","Inflame","Self Forming Clay","Limit Break"],"campfire_rested":1,"item_purchase_floors":[4,20,20,36,44],"current_hp_per_floor":[78,80,80,80,74,74,59,59,59,59,56,58,58,64,64,37,69,61,61,61,37,37,49,48,35,35,12,12,51,54,54,69,28,67,60,60,60,61,61,64,21,17,17,17,25,25,43,38,56,36],"gold":64,"neow_bonus":"THREE_ENEMY_KILL","is_prod":false,"is_daily":false,"chose_seed":false,"campfire_upgraded":7,"win_rate":0,"timestamp":1552617714,"path_taken":["M","M","M","$","M","R","E","?","T","R","?","M","R","M","R","BOSS","M","?","$","?","?","R","M","E","T","E","?","R","E","?","R","BOSS","M","$","?","?","?","E","M","M","T","$","M","$","R","M","R","BOSS"],"build_version":"2019-01-23","purchased_purges":4,"victory":true,"max_hp_per_floor":[80,80,80,80,80,80,80,80,80,80,80,80,80,80,80,80,80,80,80,80,80,80,80,80,80,80,80,80,80,80,80,80,80,80,80,80,80,80,80,80,80,80,80,80,80,80,80,80,80,80],"card_choices":[{"not_picked":["Heavy Blade","Sever Soul"],"picked":"Iron Wave","floor":1},{"not_picked":["Headbutt","Iron Wave"],"picked":"Spot Weakness","floor":2},{"not_picked":["Entrench","Iron Wave"],"picked":"Thunderclap","floor":3},{"not_picked":["Iron Wave","Flex"],"picked":"Intimidate","floor":5},{"not_picked":["Sentinel","Offering"],"picked":"Feel No Pain","floor":7},{"not_picked":["Clothesline","Havoc"],"picked":"Shrug It Off","floor":11},{"not_picked":["Iron Wave","True Grit"],"picked":"Metallicize","floor":12},{"not_picked":["Fire Breathing","Heavy Blade"],"picked":"Dropkick","floor":14},{"not_picked":["Barricade","Bludgeon"],"picked":"Immolate","floor":16},{"not_picked":["Flex+1","Headbutt+1"],"picked":"Twin Strike","floor":18},{"not_picked":["Heavy Blade","Cleave+1"],"picked":"Corruption","floor":21},{"not_picked":["Sword Boomerang+1","Flex"],"picked":"Warcry","floor":24},{"not_picked":["True Grit","Inflame"],"picked":"Rampage+1","floor":25},{"not_picked":["Bloodletting+1","Uppercut+1"],"picked":"Warcry","floor":27},{"not_picked":["True Grit","Exhume"],"picked":"Juggernaut","floor":30},{"not_picked":["Impervious","Double Tap"],"picked":"Dark Embrace","floor":33},{"not_picked":["Inflame","Disarm+1"],"picked":"Armaments","floor":35},{"not_picked":["Anger+1","True Grit+1"],"picked":"Armaments+1","floor":38},{"not_picked":["Searing Blow+1","Anger+1"],"picked":"Shockwave","floor":40},{"not_picked":["Clothesline+1","Body Slam+1"],"picked":"Spot Weakness+1","floor":41},{"not_picked":["Cleave+1","Anger+1"],"picked":"Rage","floor":42},{"not_picked":["Carnage+1","Headbutt+1","Burning Pact+1"],"picked":"SKIP","floor":45},{"not_picked":["Clash+1","Disarm","Pommel Strike+1"],"picked":"SKIP","floor":48}],"player_experience":207812,"relics_obtained":[{"floor":7,"key":"Mercury Hourglass"},{"floor":9,"key":"Girya"},{"floor":21,"key":"Charon\u0027s Ashes"},{"floor":21,"key":"Gremlin Horn"},{"floor":25,"key":"Gambling Chip"},{"floor":26,"key":"Pen Nib"},{"floor":27,"key":"Molten Egg 2"},{"floor":30,"key":"Blood Vial"},{"floor":31,"key":"Regal Pillow"},{"floor":40,"key":"Old Coin"},{"floor":43,"key":"Bag of Preparation"}],"event_choices":[{"cards_removed":["Strike_R"],"damage_healed":0,"gold_gain":0,"player_choice":"Offered Basic","damage_taken":0,"max_hp_gain":0,"max_hp_loss":0,"event_name":"Bonfire Elementals","floor":8,"gold_loss":0},{"damage_healed":0,"gold_gain":0,"player_choice":"Ignored","damage_taken":0,"max_hp_gain":0,"max_hp_loss":0,"event_name":"Vampires","floor":19,"gold_loss":0},{"damage_healed":0,"gold_gain":0,"player_choice":"Fight","damage_taken":0,"max_hp_gain":0,"max_hp_loss":0,"event_name":"Colosseum","floor":21,"gold_loss":0},{"damage_healed":0,"gold_gain":0,"player_choice":"Fought Nobs","damage_taken":0,"max_hp_gain":0,"max_hp_loss":0,"event_name":"Colosseum","floor":21,"gold_loss":0},{"damage_healed":0,"gold_gain":0,"player_choice":"Inject Mutagens","damage_taken":0,"relics_obtained":["MutagenicStrength"],"max_hp_gain":0,"max_hp_loss":0,"event_name":"Drug Dealer","floor":22,"gold_loss":0},{"damage_healed":0,"gold_gain":0,"player_choice":"Smashed Altar","damage_taken":0,"max_hp_gain":0,"max_hp_loss":0,"event_name":"Forgotten Altar","floor":28,"gold_loss":0,"cards_obtained":["Decay"]},{"damage_healed":0,"gold_gain":0,"player_choice":"Cursed","damage_taken":0,"max_hp_gain":0,"max_hp_loss":0,"event_name":"Wheel of Change","floor":37,"gold_loss":0,"cards_obtained":["Decay"]},{"cards_removed":["Defend_R"],"damage_healed":0,"gold_gain":0,"player_choice":"Removed Skill","damage_taken":0,"max_hp_gain":0,"max_hp_loss":0,"event_name":"Falling","floor":39,"gold_loss":0}],"is_beta":false,"boss_relics":[{"not_picked":["Calling Bell","Fusion Hammer"],"picked":"Eternal Feather"},{"not_picked":["Runic Dome","Tiny House"],"picked":"Sozu"}],"items_purged_floors":[20,36,44,46],"is_endless":false,"potions_floor_spawned":[2,7,11,12,16,21,21,27,30,33,40,41,48],"ascension_level":6}