{"gold_per_floor":[113,113,37,50,50,85,85,119,419,39,55,90,104,135,135,235,235,245,258,35,48,48],"floor_reached":22,"playtime":769,"items_purged":["Strike_B"],"score":382,"play_id":"97a9305d-5085-4030-8963-1a238ca8ab92","local_time":"20190406223126","is_ascension_mode":true,"campfire_choices":[{"data":"Redo","floor":7,"key":"SMITH"},{"floor":15,"key":"REST"}],"neow_cost":"NONE","seed_source_timestamp":1807813523992285,"circlet_count":0,"master_deck":["AscendersBane","Strike_B","Strike_B","Strike_B","Defend_B","Defend_B","Defend_B","Defend_B","Zap+1","Dualcast","Coolheaded","Streamline","Go for the Eyes","Rip and Tear","Rainbow","Redo+1","Loop","Self Repair","Sweeping Beam","Loop","Loop","BootSequence","Capacitor","Fission","Doom and Gloom+1","Capacitor+1","Heatsinks","Hologram","Coolheaded","Consume"],"relics":["Cracked Core","NeowsBlessing","Unceasing Top","Pocketwatch","Old Coin","Question Card","Dead Branch","Gambling Chip","Nuclear Battery"],"potions_floor_usage":[12,13,21,22],"damage_taken":[{"damage":0,"enemies":"Small Slimes","floor":1,"turns":1},{"damage":0,"enemies":"Cultist","floor":4,"turns":1},{"damage":0,"enemies":"Gremlin Nob","floor":6,"turns":1},{"damage":26,"enemies":"Lagavulin","floor":8,"turns":5},{"damage":7,"enemies":"Jaw Worm","floor":11,"turns":2},{"damage":2,"enemies":"Gremlin Nob","floor":12,"turns":3},{"damage":0,"enemies":"Gremlin Gang","floor":13,"turns":2},{"damage":23,"enemies":"Lagavulin","floor":14,"turns":5},{"damage":37,"enemies":"Slime Boss","floor":16,"turns":8},{"damage":6,"enemies":"Spheric Guardian","floor":18,"turns":5},{"damage":21,"enemies":"Shell Parasite","floor":19,"turns":5},{"damage":17,"enemies":"Centurion and Healer","floor":21,"turns":8},{"damage":37,"enemies":"Colosseum Slavers","floor":22,"turns":4}],"seed_played":"-7134384642714069910","potions_obtained":[{"floor":1,"key":"Explosive Potion"},{"floor":6,"key":"Fire Potion"},{"floor":12,"key":"Weak Potion"},{"floor":14,"key":"Poison Potion"},{"floor":19,"key":"PowerPotion"}],"is_trial":false,"path_per_floor":["M","?","$","M","?","E","R","E","T","$","M","E","M","E","R","B",null,"M","M","$","M","?"],"character_chosen":"DEFECT","items_purchased":["Streamline","Go for the Eyes","Question Card","Self Repair","Sweeping Beam","Heatsinks","Hologram","Coolheaded"],"campfire_rested":1,"item_purchase_floors":[3,3,10,10,10,20,20,20],"current_hp_per_floor":[68,68,68,68,68,68,68,42,42,42,35,40,40,24,46,16,60,61,47,47,37,0],"gold":48,"neow_bonus":"THREE_ENEMY_KILL","is_prod":false,"is_daily":false,"chose_seed":false,"campfire_upgraded":1,"win_rate":0,"timestamp":1554607886,"path_taken":["M","?","$","?","?","E","R","E","T","$","M","E","M","E","R","BOSS","M","?","$","?","?"],"build_version":"2019-01-23","purchased_purges":1,"victory":false,"max_hp_per_floor":[75,75,75,75,75,75,75,75,75,75,75,75,75,75,75,75,75,75,75,75,75,75],"card_choices":[{"not_picked":["Reinforced Body","Barrage"],"picked":"Coolheaded","floor":1},{"not_picked":["Streamline","Coolheaded"],"picked":"Rip and Tear","floor":4},{"not_picked":["Rip and Tear","Streamline"],"picked":"Redo","floor":6},{"not_picked":["White Noise","Multi-Cast"],"picked":"Loop","floor":8},{"not_picked":["Coolheaded","Heatsinks","Steam"],"picked":"Loop","floor":11},{"not_picked":["Conserve Battery","Coolheaded","Force Field"],"picked":"Loop","floor":12},{"not_picked":["Hologram","Loop","Stack"],"picked":"BootSequence","floor":13},{"not_picked":["Scrape","Barrage","Cold Snap"],"picked":"Capacitor","floor":14},{"not_picked":["Seek","Machine Learning","Creative AI"],"picked":"Fission","floor":16},{"not_picked":["Rebound","Reinforced Body","Static Discharge+1"],"picked":"Doom and Gloom+1","floor":18},{"not_picked":["Sweeping Beam","Force Field","Steam+1"],"picked":"Capacitor+1","floor":19},{"not_picked":["Skim","Turbo","Cold Snap"],"picked":"Consume","floor":21}],"player_experience":293762,"relics_obtained":[{"floor":6,"key":"Unceasing Top"},{"floor":8,"key":"Pocketwatch"},{"floor":9,"key":"Old Coin"},{"floor":12,"key":"Dead Branch"},{"floor":14,"key":"Gambling Chip"}],"event_choices":[{"damage_healed":0,"gold_gain":0,"player_choice":"Forge","damage_taken":0,"max_hp_gain":0,"max_hp_loss":0,"event_name":"Accursed Blacksmith","floor":2,"gold_loss":0,"cards_upgraded":["Zap"]},{"damage_healed":0,"gold_gain":0,"player_choice":"1 cards matched","damage_taken":0,"max_hp_gain":0,"max_hp_loss":0,"event_name":"Match and Keep!","floor":5,"gold_loss":0,"cards_obtained":["Rainbow"]},{"damage_healed":0,"gold_gain":0,"player_choice":"Fight","damage_taken":0,"max_hp_gain":0,"max_hp_loss":0,"event_name":"Colosseum","floor":22,"gold_loss":0}],"is_beta":false,"boss_relics":[{"not_picked":["Pandora\u0027s Box","Orrery"],"picked":"Nuclear Battery"}],"items_purged_floors":[20],"is_endless":false,"potions_floor_spawned":[1,6,12,14,19],"killed_by":"Colosseum Slavers","ascension_level":12}