{"gold_per_floor":[110,110,40,55,55,87,100,134,134,146,146,166,197,55,55,158,158,177,55,55,55,70,70,97,115,115,132,132,132,132],"floor_reached":30,"playtime":1291,"items_purged":["Strike_G"],"score":389,"play_id":"3e0f3c5a-f338-46e7-a6b1-8252c09f62c7","local_time":"20190322025413","is_ascension_mode":true,"campfire_choices":[{"floor":11,"key":"REST"},{"floor":15,"key":"REST"},{"data":"Night Terror","floor":23,"key":"SMITH"}],"neow_cost":"NONE","seed_source_timestamp":440628337236853,"circlet_count":0,"master_deck":["Defend_G+1","Defend_G+1","Defend_G+1","Defend_G+1","Defend_G+1","Strike_G+1","Strike_G+1","Strike_G+1","Survivor+1","Neutralize","Dagger Throw+1","Underhanded Strike","Deadly Poison","Noxious Fumes","Backflip","Riddle With Holes","Slice","Deflect","Deflect","Reflex","Escape Plan","Caltrops","Night Terror+1","Acrobatics","PiercingWail","Noxious Fumes","Corpse Explosion","Footwork","Prepared"],"relics":["Ring of the Snake","Bag of Marbles","Thread and Needle","Blue Candle","Centennial Puzzle","Black Star","Paper Crane","Vajra","Pear"],"potions_floor_usage":[8,13,24,29,29,29],"damage_taken":[{"damage":6,"enemies":"Jaw Worm","floor":1,"turns":6},{"damage":0,"enemies":"2 Louse","floor":4,"turns":2},{"damage":27,"enemies":"Gremlin Nob","floor":6,"turns":5},{"damage":0,"enemies":"Cultist","floor":7,"turns":2},{"damage":10,"enemies":"3 Sentries","floor":8,"turns":9},{"damage":2,"enemies":"Red Slaver","floor":10,"turns":3},{"damage":0,"enemies":"Looter","floor":12,"turns":1},{"damage":13,"enemies":"Lagavulin","floor":13,"turns":5},{"damage":18,"enemies":"The Guardian","floor":16,"turns":10},{"damage":4,"enemies":"Chosen","floor":18,"turns":5},{"damage":0,"enemies":"Shell Parasite","floor":22,"turns":7},{"damage":28,"enemies":"Gremlin Leader","floor":24,"turns":9},{"damage":4,"enemies":"Snake Plant","floor":25,"turns":6},{"damage":10,"enemies":"Sentry and Sphere","floor":27,"turns":8},{"damage":20,"enemies":"Book of Stabbing","floor":29,"turns":7},{"damage":19,"enemies":"Centurion and Healer","floor":30,"turns":4}],"seed_played":"4822121407359850985","potions_obtained":[{"floor":1,"key":"SmokeBomb"},{"floor":7,"key":"Strength Potion"},{"floor":8,"key":"Poison Potion"},{"floor":13,"key":"Dexterity Potion"},{"floor":25,"key":"GamblersBrew"},{"floor":27,"key":"Swift Potion"}],"is_trial":false,"path_per_floor":["M","?","$","M","?","E","M","E","T","M","R","M","E","$","R","B",null,"M","$","?","?","M","R","E","M","T","M","?","E","M"],"character_chosen":"THE_SILENT","items_purchased":["Underhanded Strike","Deadly Poison","Escape Plan","Caltrops","PiercingWail"],"campfire_rested":2,"item_purchase_floors":[3,3,14,14,19],"current_hp_per_floor":[57,50,50,50,50,23,23,13,13,11,32,32,19,19,40,22,58,54,54,70,70,70,70,42,38,48,38,38,18,0],"gold":132,"neow_bonus":"UPGRADE_CARD","is_prod":false,"is_daily":false,"chose_seed":false,"campfire_upgraded":1,"win_rate":0,"timestamp":1553241253,"path_taken":["M","?","$","M","?","E","?","E","T","M","R","M","E","?","R","BOSS","M","$","?","?","M","R","E","M","T","M","?","E","?"],"build_version":"2019-01-23","purchased_purges":1,"victory":false,"max_hp_per_floor":[70,70,70,70,70,70,70,70,70,70,70,70,70,70,70,70,70,70,70,70,70,70,70,70,70,80,80,80,80,80],"card_choices":[{"not_picked":["Masterful Stab","Tactician"],"picked":"Dagger Throw","floor":1},{"not_picked":["Sucker Punch","Flying Knee"],"picked":"Noxious Fumes","floor":4},{"not_picked":["Outmaneuver","Calculated Gamble"],"picked":"Backflip","floor":6},{"not_picked":["Sucker Punch","Finisher"],"picked":"Riddle With Holes","floor":7},{"not_picked":["Poisoned Stab","Footwork"],"picked":"Slice","floor":8},{"not_picked":["Sucker Punch","Grand Finale"],"picked":"Deflect","floor":10},{"not_picked":["Flying Knee","Quick Slash"],"picked":"Deflect","floor":12},{"not_picked":["Expertise","Storm of Steel"],"picked":"Reflex","floor":13},{"not_picked":["After Image","Storm of Steel"],"picked":"Night Terror","floor":16},{"not_picked":["Riddle With Holes","Reflex"],"picked":"Acrobatics","floor":18},{"not_picked":["Bane","PiercingWail+1"],"picked":"Noxious Fumes","floor":22},{"not_picked":["Backflip","Dagger Spray"],"picked":"Corpse Explosion","floor":24},{"not_picked":["Bane","Tactician"],"picked":"Footwork","floor":25},{"not_picked":["Masterful Stab","Underhanded Strike+1"],"picked":"Prepared","floor":27}],"player_experience":255847,"relics_obtained":[{"floor":6,"key":"Bag of Marbles"},{"floor":8,"key":"Thread and Needle"},{"floor":9,"key":"Blue Candle"},{"floor":13,"key":"Centennial Puzzle"},{"floor":24,"key":"Paper Crane"},{"floor":24,"key":"Vajra"},{"floor":26,"key":"Pear"}],"event_choices":[{"cards_removed":["Strike_G"],"damage_healed":0,"gold_gain":0,"player_choice":"Card Removal","damage_taken":7,"max_hp_gain":0,"max_hp_loss":0,"event_name":"Golden Wing","floor":2,"gold_loss":0},{"damage_healed":0,"gold_gain":0,"player_choice":"Forge","damage_taken":0,"max_hp_gain":0,"max_hp_loss":0,"event_name":"Accursed Blacksmith","floor":5,"gold_loss":0,"cards_upgraded":["Dagger Throw"]},{"damage_healed":23,"gold_gain":0,"player_choice":"Heal","damage_taken":0,"max_hp_gain":0,"max_hp_loss":0,"event_name":"The Library","floor":20,"gold_loss":0},{"damage_healed":0,"gold_gain":0,"player_choice":"Simplicity","damage_taken":0,"max_hp_gain":0,"max_hp_loss":0,"event_name":"Back to Basics","floor":21,"gold_loss":0,"cards_upgraded":["Defend_G","Defend_G","Defend_G","Defend_G","Defend_G","Strike_G","Strike_G","Strike_G"]},{"damage_healed":0,"gold_gain":0,"player_choice":"Ignored","damage_taken":0,"max_hp_gain":0,"max_hp_loss":0,"event_name":"Vampires","floor":28,"gold_loss":0}],"is_beta":false,"boss_relics":[{"not_picked":["Cursed Key","WristBlade"],"picked":"Black Star"}],"items_purged_floors":[19],"is_endless":false,"potions_floor_spawned":[1,7,8,13,25,27],"killed_by":"Centurion and Healer","ascension_level":7}