{"gold_per_floor":[369,369,384,163,113,138,150,181,267,340,371,401,413,438,450,462],"floor_reached":16,"playtime":937,"items_purged":["Doubt"],"score":112,"play_id":"92761692-232a-4e9c-aef6-118c9bec6115","local_time":"20190212170248","is_ascension_mode":false,"campfire_choices":[{"floor":7,"key":"REST"},{"floor":15,"key":"REST"}],"neow_cost":"CURSE","seed_source_timestamp":144213163194272,"circlet_count":0,"master_deck":["Strike_R","Strike_R","Strike_R+1","Strike_R","Defend_R","Defend_R","Defend_R+1","Bash","Pommel Strike","Pommel Strike","Shrug It Off","Whirlwind","Seeing Red","Twin Strike","Sever Soul","Twin Strike"],"relics":["Burning Blood","Lantern","MawBank","Kunai","Tiny Chest"],"potions_floor_usage":[6,12,16,16],"damage_taken":[{"damage":11,"enemies":"2 Louse","floor":1,"turns":4},{"damage":4,"enemies":"Jaw Worm","floor":3,"turns":6},{"damage":24,"enemies":"3 Sentries","floor":6,"turns":11},{"damage":0,"enemies":"Cultist","floor":8,"turns":2},{"damage":46,"enemies":"Lagavulin","floor":10,"turns":7},{"damage":0,"enemies":"Exordium Wildlife","floor":11,"turns":3},{"damage":3,"enemies":"Large Slime","floor":12,"turns":6},{"damage":4,"enemies":"Blue Slaver","floor":14,"turns":2},{"damage":33,"enemies":"Hexaghost","floor":16,"turns":5}],"seed_played":"6769325377980865793","potions_obtained":[{"floor":1,"key":"Regen Potion"},{"floor":3,"key":"EssenceOfSteel"},{"floor":8,"key":"GamblersBrew"},{"floor":12,"key":"Strength Potion"}],"is_trial":false,"path_per_floor":["M","?","M","$","?","E","R","M","T","E","M","M","?","M","R","B"],"character_chosen":"IRONCLAD","items_purchased":["Lantern"],"campfire_rested":2,"item_purchase_floors":[4],"current_hp_per_floor":[75,59,61,61,61,43,67,73,73,33,39,56,56,58,80,47],"gold":462,"neow_bonus":"TWO_FIFTY_GOLD","is_prod":false,"is_daily":false,"chose_seed":false,"campfire_upgraded":0,"win_rate":0,"timestamp":1550016168,"path_taken":["M","?","M","$","?","E","R","M","T","E","M","M","?","?","R","BOSS"],"build_version":"2019-01-23","purchased_purges":1,"victory":false,"max_hp_per_floor":[80,80,80,80,80,80,80,80,80,80,80,80,80,80,80,80],"card_choices":[{"not_picked":["Infernal Blade","Second Wind"],"picked":"Pommel Strike","floor":1},{"not_picked":["Pummel","Wild Strike"],"picked":"Pommel Strike","floor":3},{"not_picked":["Sword Boomerang","Hemokinesis"],"picked":"Shrug It Off","floor":6},{"not_picked":["Armaments","True Grit"],"picked":"Whirlwind","floor":8},{"not_picked":["Bloodletting","Armaments","Dark Embrace"],"picked":"SKIP","floor":10},{"not_picked":["Cleave","Pommel Strike"],"picked":"Seeing Red","floor":11},{"not_picked":["Fire Breathing","Anger"],"picked":"Twin Strike","floor":12},{"not_picked":["Inflame","Intimidate"],"picked":"Twin Strike","floor":14}],"player_experience":22971,"relics_obtained":[{"floor":6,"key":"MawBank"},{"floor":9,"key":"Kunai"},{"floor":10,"key":"Tiny Chest"}],"event_choices":[{"damage_healed":0,"gold_gain":0,"player_choice":"Entered Light","damage_taken":16,"max_hp_gain":0,"max_hp_loss":0,"event_name":"Shining Light","floor":2,"gold_loss":0,"cards_upgraded":["Defend_R","Strike_R"]},{"cards_removed":["Strike_R"],"damage_healed":0,"gold_gain":0,"player_choice":"Card Removal","damage_taken":0,"max_hp_gain":0,"max_hp_loss":0,"event_name":"The Cleric","floor":5,"gold_loss":50},{"damage_healed":0,"gold_gain":0,"cards_transformed":["Defend_R"],"player_choice":"Transformed","damage_taken":0,"max_hp_gain":0,"max_hp_loss":0,"event_name":"Transmorgrifier","floor":13,"gold_loss":0,"cards_obtained":["Sever Soul"]}],"is_beta":false,"boss_relics":[],"items_purged_floors":[4],"is_endless":false,"potions_floor_spawned":[1,3,8,12],"killed_by":"Hexaghost","ascension_level":0}