{"gold_per_floor":[117,129,7,7,25,53,53,88,88,13,26,26,26,37,37,132,132,147,161,12,12,12,12,30,46,46,46,20,20,20],"floor_reached":30,"playtime":660,"items_purged":["Strike_R","Strike_R"],"score":333,"play_id":"5bd2c295-2626-4384-888d-e0b9462bdb69","local_time":"20190328212133","is_ascension_mode":true,"campfire_choices":[{"data":"Dual Wield","floor":7,"key":"SMITH"},{"data":"Anger","floor":12,"key":"SMITH"},{"floor":15,"key":"REST"},{"data":"Anger","floor":23,"key":"SMITH"},{"floor":27,"key":"REST"},{"data":"Pommel Strike","floor":29,"key":"SMITH"}],"neow_cost":"NONE","seed_source_timestamp":1026113383933178,"circlet_count":0,"master_deck":["Strike_R","Strike_R","Defend_R","Defend_R","Defend_R","Defend_R","Bash+1","Anger+1","Anger+1","Fire Breathing+1","Pommel Strike+1","Flex","Dual Wield+1","Demon Form","Cleave+1","Limit Break+1","Spot Weakness+1","Shrug It Off","Flame Barrier","Shrug It Off"],"relics":["Burning Blood","Boot","Self Forming Clay","Molten Egg 2","Eternal Feather","MutagenicStrength","Bottled Lightning"],"potions_floor_usage":[19,24,25,30,30],"damage_taken":[{"damage":4,"enemies":"Jaw Worm","floor":1,"turns":4},{"damage":8,"enemies":"2 Louse","floor":2,"turns":3},{"damage":1,"enemies":"Cultist","floor":5,"turns":3},{"damage":25,"enemies":"3 Sentries","floor":6,"turns":7},{"damage":25,"enemies":"Lagavulin","floor":8,"turns":5},{"damage":10,"enemies":"Looter","floor":11,"turns":4},{"damage":16,"enemies":"Exordium Wildlife","floor":14,"turns":4},{"damage":42,"enemies":"Hexaghost","floor":16,"turns":5},{"damage":19,"enemies":"Chosen","floor":18,"turns":6},{"damage":20,"enemies":"2 Thieves","floor":19,"turns":4},{"damage":25,"enemies":"Snake Plant","floor":24,"turns":4},{"damage":15,"enemies":"Shelled Parasite and Fungi","floor":25,"turns":3},{"damage":73,"enemies":"Slavers","floor":30,"turns":5}],"seed_played":"-834601631270876055","potions_obtained":[{"floor":2,"key":"LiquidBronze"},{"floor":14,"key":"Swift Potion"},{"floor":16,"key":"SkillPotion"},{"floor":19,"key":"Block Potion"},{"floor":25,"key":"BloodPotion"}],"is_trial":false,"path_per_floor":["M","M","$","?","M","E","R","E","T","$","M","R","?","M","R","B",null,"M","M","$","?","?","R","M","M","T","R","$","R","E"],"character_chosen":"IRONCLAD","items_purchased":["Fire Breathing","Pommel Strike","Shrug It Off","Shrug It Off"],"campfire_rested":2,"item_purchase_floors":[3,3,20,28],"current_hp_per_floor":[74,72,72,72,77,58,58,39,39,39,35,35,35,25,49,13,63,50,36,36,36,36,45,26,17,17,50,50,62,0],"gold":20,"neow_bonus":"UPGRADE_CARD","is_prod":false,"is_daily":false,"chose_seed":false,"campfire_upgraded":4,"win_rate":0,"timestamp":1553826093,"path_taken":["M","M","$","?","M","E","R","E","T","$","M","R","?","?","R","BOSS","M","M","$","?","?","R","?","M","T","R","$","R","E"],"build_version":"2019-01-23","purchased_purges":2,"victory":false,"max_hp_per_floor":[80,80,80,80,80,80,80,80,80,80,80,80,80,80,80,80,80,80,80,80,80,80,80,80,80,80,80,80,80,80],"card_choices":[{"not_picked":["Heavy Blade","Clothesline"],"picked":"Anger","floor":1},{"not_picked":["Body Slam","Headbutt"],"picked":"Anger","floor":2},{"not_picked":["Perfected Strike","Intimidate"],"picked":"Flex","floor":5},{"not_picked":["Reckless Charge","Headbutt"],"picked":"Dual Wield","floor":6},{"not_picked":["Shrug It Off","Clothesline"],"picked":"Demon Form","floor":8},{"not_picked":["Body Slam+1","Wild Strike+1","Perfected Strike+1"],"picked":"SKIP","floor":11},{"not_picked":["Warcry","Blood for Blood+1"],"picked":"Cleave+1","floor":14},{"not_picked":["Double Tap","Berserk"],"picked":"Limit Break","floor":16},{"not_picked":["Searing Blow+1","Twin Strike+1"],"picked":"Spot Weakness+1","floor":18},{"not_picked":["Cleave+1","Pommel Strike+1","Twin Strike+1"],"picked":"SKIP","floor":19},{"not_picked":["Rupture+1","Warcry","Clothesline+1"],"picked":"SKIP","floor":24},{"not_picked":["Perfected Strike+1","Reckless Charge+1"],"picked":"Flame Barrier","floor":25}],"player_experience":269932,"relics_obtained":[{"floor":6,"key":"Boot"},{"floor":8,"key":"Self Forming Clay"},{"floor":9,"key":"Molten Egg 2"},{"floor":26,"key":"Bottled Lightning"}],"event_choices":[{"damage_healed":0,"gold_gain":0,"player_choice":"Grow","damage_taken":0,"max_hp_gain":0,"max_hp_loss":0,"event_name":"Living Wall","floor":4,"gold_loss":0,"cards_upgraded":["Fire Breathing"]},{"cards_removed":["Strike_R"],"damage_healed":0,"gold_gain":0,"player_choice":"Purged","damage_taken":0,"max_hp_gain":0,"max_hp_loss":0,"event_name":"Purifier","floor":13,"gold_loss":0},{"damage_healed":0,"gold_gain":0,"player_choice":"Inject Mutagens","damage_taken":0,"relics_obtained":["MutagenicStrength"],"max_hp_gain":0,"max_hp_loss":0,"event_name":"Drug Dealer","floor":21,"gold_loss":0},{"damage_healed":0,"gold_gain":0,"player_choice":"Forge","damage_taken":0,"max_hp_gain":0,"max_hp_loss":0,"event_name":"Accursed Blacksmith","floor":22,"gold_loss":0,"cards_upgraded":["Limit Break"]}],"is_beta":false,"boss_relics":[{"not_picked":["Astrolabe","Empty Cage"],"picked":"Eternal Feather"}],"items_purged_floors":[10,20],"is_endless":false,"potions_floor_spawned":[2,14,16,19,25],"killed_by":"Slavers","ascension_level":8}