{"gold_per_floor":[118,136,154,166,166,193,368,384,384,112,137,137,56,76,76,174,174,186,86,98,108,125,125,159,159],"floor_reached":25,"playtime":1069,"items_purged":["Doubt","Berserk"],"score":299,"play_id":"b26fde7a-342a-49d2-9e18-1a5931cbe34c","local_time":"20190430214039","is_ascension_mode":true,"campfire_choices":[{"data":"Spot Weakness","floor":15,"key":"SMITH"},{"floor":23,"key":"REST"}],"neow_cost":"NONE","seed_source_timestamp":817500934119546,"circlet_count":0,"master_deck":["Strike_R","Strike_R+1","Strike_R","Strike_R","Strike_R","Defend_R","Defend_R","Defend_R","Defend_R+1","Bash","Clothesline","Spot Weakness+1","Perfected Strike","Twin Strike","Regret","Pummel","Perfected Strike","Cleave","Battle Trance","Perfected Strike","Armaments","Bloodletting","Twin Strike","Armaments+1","Limit Break"],"relics":["Burning Blood","Bronze Scales","Kunai","Mercury Hourglass","Sling","Dream Catcher","Potion Belt"],"potions_floor_usage":[8,16,16,20,24,25],"damage_taken":[{"damage":6,"enemies":"Cultist","floor":1,"turns":4},{"damage":1,"enemies":"Jaw Worm","floor":2,"turns":3},{"damage":6,"enemies":"2 Louse","floor":3,"turns":2},{"damage":4,"enemies":"Looter","floor":4,"turns":3},{"damage":24,"enemies":"Lagavulin","floor":6,"turns":5},{"damage":13,"enemies":"Lots of Slimes","floor":8,"turns":4},{"damage":16,"enemies":"Gremlin Nob","floor":11,"turns":3},{"damage":4,"enemies":"Gremlin Gang","floor":14,"turns":3},{"damage":6,"enemies":"Slime Boss","floor":16,"turns":6},{"damage":10,"enemies":"Chosen","floor":18,"turns":2},{"damage":24,"enemies":"2 Thieves","floor":20,"turns":4},{"damage":24,"enemies":"Snake Plant","floor":21,"turns":4},{"damage":30,"enemies":"Snecko","floor":22,"turns":4},{"damage":39,"enemies":"Slavers","floor":24,"turns":4},{"damage":11,"enemies":"3 Cultists","floor":25,"turns":3}],"seed_played":"-2053034007124611591","potions_obtained":[{"floor":3,"key":"Swift Potion"},{"floor":6,"key":"Poison Potion"},{"floor":8,"key":"Block Potion"},{"floor":11,"key":"Dexterity Potion"},{"floor":14,"key":"PowerPotion"},{"floor":16,"key":"EssenceOfSteel"},{"floor":20,"key":"PowerPotion"},{"floor":24,"key":"Energy Potion"}],"is_trial":false,"path_per_floor":["M","M","M","M","?","E","?","M","T","$","E","?","$","M","R","B",null,"M","$","M","M","M","R","E","M"],"character_chosen":"IRONCLAD","items_purchased":["Sling","Battle Trance"],"campfire_rested":1,"item_purchase_floors":[10,13],"current_hp_per_floor":[80,80,80,80,80,62,62,55,55,55,45,29,29,31,31,31,80,76,76,58,40,16,40,7,0],"gold":159,"neow_bonus":"THREE_CARDS","is_prod":false,"is_daily":false,"chose_seed":false,"campfire_upgraded":1,"win_rate":0,"timestamp":1556682039,"path_taken":["M","M","M","?","?","E","?","M","T","$","E","?","?","M","R","BOSS","M","$","M","?","?","R","E","M"],"build_version":"2019-01-23","purchased_purges":2,"victory":false,"max_hp_per_floor":[80,80,80,80,80,80,80,80,80,80,80,80,80,80,80,80,80,80,80,80,80,80,80,80,80],"card_choices":[{"not_picked":["Fire Breathing","True Grit"],"picked":"Clothesline","floor":0},{"not_picked":["Clothesline","Evolve"],"picked":"Spot Weakness","floor":1},{"not_picked":["Power Through","Wild Strike","Clothesline"],"picked":"SKIP","floor":2},{"not_picked":["Berserk","Havoc"],"picked":"Perfected Strike","floor":3},{"not_picked":["Battle Trance","Warcry"],"picked":"Twin Strike","floor":4},{"not_picked":["Fiend Fire","Evolve"],"picked":"Pummel","floor":6},{"not_picked":["Armaments","Searing Blow"],"picked":"Perfected Strike","floor":8},{"not_picked":["Warcry","Metallicize"],"picked":"Cleave","floor":11},{"not_picked":["Armaments","Corruption"],"picked":"Perfected Strike","floor":14},{"not_picked":["Brutality","Demon Form"],"picked":"Berserk","floor":16},{"not_picked":["Clothesline","Anger","Pommel Strike+1"],"picked":"SKIP","floor":18},{"not_picked":["True Grit","Clothesline"],"picked":"Armaments","floor":20},{"not_picked":["Intimidate","Fire Breathing+1"],"picked":"Bloodletting","floor":21},{"not_picked":["Twin Strike","Cleave","Burning Pact+1"],"picked":"SKIP","floor":22},{"not_picked":["Cleave","Burning Pact+1"],"picked":"Twin Strike","floor":22},{"not_picked":["Clash","Headbutt+1"],"picked":"Armaments+1","floor":23},{"not_picked":["Body Slam","Reckless Charge+1"],"picked":"Limit Break","floor":24}],"player_experience":183485,"relics_obtained":[{"floor":6,"key":"Kunai"},{"floor":9,"key":"Mercury Hourglass"},{"floor":11,"key":"Dream Catcher"},{"floor":24,"key":"Potion Belt"}],"event_choices":[{"damage_healed":0,"gold_gain":0,"player_choice":"Box","damage_taken":0,"relics_obtained":["Bronze Scales"],"max_hp_gain":0,"max_hp_loss":0,"event_name":"Big Fish","floor":5,"gold_loss":0,"cards_obtained":["Regret"]},{"damage_healed":0,"gold_gain":175,"player_choice":"AGREE","damage_taken":0,"max_hp_gain":0,"max_hp_loss":0,"event_name":"Liars Game","floor":7,"gold_loss":0,"cards_obtained":["Doubt"]},{"damage_healed":0,"gold_gain":0,"player_choice":"Entered Light","damage_taken":16,"max_hp_gain":0,"max_hp_loss":0,"event_name":"Shining Light","floor":12,"gold_loss":0,"cards_upgraded":["Strike_R","Defend_R"]}],"is_beta":false,"boss_relics":[{"not_picked":["Calling Bell","Sozu","Pandora\u0027s Box"]}],"items_purged_floors":[10,19],"is_endless":false,"potions_floor_spawned":[3,6,8,11,14,16,20,24],"killed_by":"3 Cultists","ascension_level":1}