{"gold_per_floor":[111,131,131,141,159,184,184,200,227,260,276,276,276,294,294,368,368,383,232,242,259,271,271],"floor_reached":23,"playtime":1861,"items_purged":["Strike_B"],"score":441,"play_id":"cd3c5cbe-a188-4822-95af-35bfc98ba01b","local_time":"20190517142940","is_ascension_mode":true,"campfire_choices":[{"floor":7,"key":"REST"},{"data":"Fission","floor":13,"key":"SMITH"},{"data":"Genetic Algorithm","floor":15,"key":"SMITH"}],"neow_cost":"NONE","seed_source_timestamp":603341736106,"circlet_count":0,"master_deck":["AscendersBane","Strike_B+1","Strike_B","Strike_B","Defend_B","Defend_B","Defend_B","Defend_B","Zap","Dualcast","Capacitor+1","Ball Lightning","Leap","Compile Driver+1","Rip and Tear","Coolheaded","Steam","Glacier","Fission+1","Genetic Algorithm+1","BootSequence","Core Surge","Go for the Eyes","Doom and Gloom","Cold Snap","Melter","Defragment"],"relics":["Cracked Core","Symbiotic Virus","DataDisk","Whetstone","Sozu"],"potions_floor_usage":[5,10,23],"damage_taken":[{"damage":12,"enemies":"Small Slimes","floor":1,"turns":4},{"damage":1,"enemies":"Cultist","floor":2,"turns":3},{"damage":15,"enemies":"2 Louse","floor":4,"turns":3},{"damage":0,"enemies":"Lots of Slimes","floor":5,"turns":1},{"damage":35,"enemies":"3 Sentries","floor":6,"turns":7},{"damage":0,"enemies":"Large Slime","floor":8,"turns":2},{"damage":0,"enemies":"Gremlin Nob","floor":10,"turns":3},{"damage":12,"enemies":"3 Louse","floor":11,"turns":3},{"damage":0,"enemies":"2 Fungi Beasts","floor":14,"turns":3},{"damage":4,"enemies":"Hexaghost","floor":16,"turns":16},{"damage":0,"enemies":"Shell Parasite","floor":18,"turns":7},{"damage":19,"enemies":"Spheric Guardian","floor":20,"turns":4},{"damage":6,"enemies":"Snake Plant","floor":21,"turns":4},{"damage":18,"enemies":"Centurion and Healer","floor":22,"turns":8},{"damage":14,"enemies":"Slavers","floor":23,"turns":2}],"seed_played":"-3807227831785387833","potions_obtained":[{"floor":2,"key":"Explosive Potion"},{"floor":6,"key":"PowerPotion"},{"floor":14,"key":"Block Potion"}],"is_trial":false,"path_per_floor":["M","M","?","M","M","E","R","M","T","E","M","?","R","M","R","B",null,"M","$","M","M","M","E"],"character_chosen":"DEFECT","items_purchased":["Doom and Gloom"],"campfire_rested":1,"item_purchase_floors":[19],"current_hp_per_floor":[52,51,51,36,36,1,22,22,22,22,10,10,10,10,10,6,55,55,55,36,30,12,0],"gold":271,"neow_bonus":"THREE_CARDS","is_prod":false,"is_daily":false,"chose_seed":false,"campfire_upgraded":2,"win_rate":0,"timestamp":1558121380,"path_taken":["M","M","?","?","M","E","R","M","T","E","M","?","R","M","R","BOSS","M","$","M","M","?","E"],"build_version":"2019-01-23","purchased_purges":1,"victory":false,"max_hp_per_floor":[71,71,71,71,71,71,71,71,71,71,71,71,71,71,71,71,71,71,71,71,71,71,71],"card_choices":[{"not_picked":["Turbo","White Noise"],"picked":"Capacitor","floor":0},{"not_picked":["Recycle","Compile Driver"],"picked":"Ball Lightning","floor":1},{"not_picked":["Stack","Hologram"],"picked":"Leap","floor":2},{"not_picked":["Streamline","Force Field"],"picked":"Compile Driver","floor":4},{"not_picked":["Force Field","Leap"],"picked":"Rip and Tear","floor":5},{"not_picked":["Beam Cell","Redo"],"picked":"Coolheaded","floor":6},{"not_picked":["Blizzard","Consume"],"picked":"Steam","floor":8},{"not_picked":["Machine Learning","Go for the Eyes"],"picked":"Glacier","floor":10},{"not_picked":["Hologram","Rebound","Redo"],"picked":"SKIP","floor":11},{"not_picked":["Beam Cell","Redo"],"picked":"BootSequence","floor":14},{"not_picked":["Thunder Strike","Machine Learning"],"picked":"Core Surge","floor":16},{"not_picked":["Sunder","Chill"],"picked":"Go for the Eyes","floor":18},{"not_picked":["Gash","Stack"],"picked":"Cold Snap","floor":20},{"not_picked":["Go for the Eyes","Compile Driver"],"picked":"Melter","floor":21},{"not_picked":["Sweeping Beam","Hologram"],"picked":"Defragment","floor":22}],"player_experience":428662,"relics_obtained":[{"floor":6,"key":"Symbiotic Virus"},{"floor":9,"key":"DataDisk"},{"floor":10,"key":"Whetstone"}],"event_choices":[{"damage_healed":0,"gold_gain":0,"player_choice":"Forge","damage_taken":0,"max_hp_gain":0,"max_hp_loss":0,"event_name":"Accursed Blacksmith","floor":3,"gold_loss":0,"cards_upgraded":["Capacitor"]},{"damage_healed":0,"gold_gain":0,"player_choice":"2 cards matched","damage_taken":0,"max_hp_gain":0,"max_hp_loss":0,"event_name":"Match and Keep!","floor":12,"gold_loss":0,"cards_obtained":["Fission","Genetic Algorithm"]}],"is_beta":false,"boss_relics":[{"not_picked":["Empty Cage","Astrolabe"],"picked":"Sozu"}],"items_purged_floors":[19],"is_endless":false,"potions_floor_spawned":[2,6,14,18,20,21],"killed_by":"Slavers","ascension_level":18}