{"gold_per_floor":[360,360,372,172,183,183,214,214,214,244,256],"floor_reached":11,"playtime":319,"items_purged":["Strike_B"],"score":153,"play_id":"5e779ad8-3163-4b80-a68e-972bc5fa2848","local_time":"20190517143618","is_ascension_mode":true,"campfire_choices":[{"data":"Chaos","floor":6,"key":"SMITH"},{"floor":8,"key":"REST"}],"neow_cost":"CURSE","seed_source_timestamp":2544763054080,"circlet_count":0,"master_deck":["AscendersBane","Strike_B","Strike_B","Strike_B","Defend_B","Defend_B","Defend_B","Defend_B","Zap","Dualcast","Compile Driver","Gash","Loop","Chaos+1","Conserve Battery","Genetic Algorithm","Buffer+1"],"relics":["Cracked Core","Spirit Poop","Pear","Frozen Egg 2","MawBank"],"potions_floor_usage":[10],"damage_taken":[{"damage":0,"enemies":"2 Louse","floor":1,"turns":2},{"damage":0,"enemies":"Cultist","floor":3,"turns":3},{"damage":9,"enemies":"Jaw Worm","floor":5,"turns":5},{"damage":35,"enemies":"Gremlin Nob","floor":7,"turns":4},{"damage":22,"enemies":"3 Sentries","floor":10,"turns":9},{"damage":36,"enemies":"Gremlin Gang","floor":11,"turns":4}],"seed_played":"2893515040414054326","potions_obtained":[{"floor":7,"key":"Block Potion"},{"floor":10,"key":"FearPotion"}],"is_trial":false,"path_per_floor":["M","?","M","$","M","R","E","R","T","E","M"],"character_chosen":"DEFECT","items_purchased":["Loop","Chaos"],"campfire_rested":1,"item_purchase_floors":[4,4],"current_hp_per_floor":[64,64,64,64,55,55,30,54,54,32,0],"gold":256,"neow_bonus":"TWO_FIFTY_GOLD","is_prod":false,"is_daily":false,"chose_seed":false,"campfire_upgraded":1,"win_rate":0,"timestamp":1558121778,"path_taken":["M","?","?","$","M","R","E","R","T","E","M"],"build_version":"2019-01-23","purchased_purges":1,"victory":false,"max_hp_per_floor":[71,71,71,71,71,71,81,81,81,81,81],"card_choices":[{"not_picked":["Steam","Rebound"],"picked":"Compile Driver","floor":1},{"not_picked":["Beam Cell","Force Field"],"picked":"Gash","floor":3},{"not_picked":["Gash","Barrage"],"picked":"Conserve Battery","floor":5},{"not_picked":["Stack","Beam Cell"],"picked":"Genetic Algorithm","floor":7},{"not_picked":["Chill","Beam Cell"],"picked":"Buffer+1","floor":10}],"player_experience":430523,"relics_obtained":[{"floor":7,"key":"Pear"},{"floor":9,"key":"Frozen Egg 2"},{"floor":10,"key":"MawBank"}],"event_choices":[{"cards_removed":["Injury"],"damage_healed":0,"gold_gain":0,"player_choice":"Offered Curse","damage_taken":0,"relics_obtained":["Spirit Poop"],"max_hp_gain":0,"max_hp_loss":0,"event_name":"Bonfire Elementals","floor":2,"gold_loss":0}],"is_beta":false,"boss_relics":[],"items_purged_floors":[4],"is_endless":false,"potions_floor_spawned":[7,10],"killed_by":"Gremlin Gang","ascension_level":18}