{"gold_per_floor":[113,113,50,15,15,15,40,40,40,66,21,21,0,14,14,91,91,106,120,32,32,32,32,48,48,48,48,98,98,128,128,128,128],"floor_reached":33,"playtime":1212,"items_purged":["Normality"],"score":530,"play_id":"87ace0ed-6c9a-4e80-95b3-f42224b089ae","local_time":"20190521144604","is_ascension_mode":true,"campfire_choices":[{"data":"Die Die Die","floor":6.0,"key":"SMITH"},{"data":"Predator","floor":8.0,"key":"SMITH"},{"data":"Noxious Fumes","floor":12.0,"key":"SMITH"},{"data":"Leg Sweep","floor":15.0,"key":"SMITH"},{"data":"After Image","floor":23.0,"key":"SMITH"},{"data":"Catalyst","floor":25,"key":"SMITH"},{"data":"Backstab","floor":27,"key":"SMITH"},{"floor":29,"key":"REST"},{"floor":32,"key":"REST"}],"neow_cost":"CURSE","seed_source_timestamp":478916287039500,"circlet_count":0,"master_deck":["AscendersBane","Defend_G","Defend_G","Defend_G","Defend_G","Defend_G","Strike_G","Strike_G","Strike_G","Strike_G","Strike_G","Survivor","Neutralize+1","Die Die Die+1","Leg Sweep+1","Predator+1","Backflip","Noxious Fumes+1","Backflip","After Image+1","Deflect+1","Catalyst+1","Backstab+1","Backflip"],"special_seed":0,"relics":["Ring of the Snake","MawBank","Darkstone Periapt","Meat on the Bone","Pen Nib","Runic Dome","Matryoshka","Vajra"],"potions_floor_usage":[24,30],"damage_taken":[{"damage":4.0,"enemies":"Cultist","floor":1.0,"turns":5.0},{"damage":29.0,"enemies":"3 Sentries","floor":7.0,"turns":11.0},{"damage":26.0,"enemies":"Gremlin Nob","floor":10.0,"turns":4.0},{"damage":0.0,"enemies":"2 Louse","floor":14.0,"turns":2.0},{"damage":20.0,"enemies":"Slime Boss","floor":16.0,"turns":10.0},{"damage":29.0,"enemies":"3 Byrds","floor":18.0,"turns":7.0},{"damage":6.0,"enemies":"2 Thieves","floor":19.0,"turns":5.0},{"damage":35.0,"enemies":"Colosseum Slavers","floor":21.0,"turns":6.0},{"damage":8,"enemies":"Chosen and Byrds","floor":24,"turns":6},{"damage":6,"enemies":"Gremlin Leader","floor":30,"turns":5},{"damage":51,"enemies":"Champ","floor":33,"turns":18}],"seed_played":"-3411479944320170944","potions_obtained":[{"floor":14.0,"key":"SpeedPotion"},{"floor":16.0,"key":"FearPotion"},{"floor":19.0,"key":"Block Potion"}],"is_trial":false,"path_per_floor":["M","T","$","?","?","R","E","R","T","E","$","R","?","M","R","B",null,"M","M","$","?","$","R","M","R","T","R","?","R","E","?","R","B"],"character_chosen":"THE_SILENT","items_purchased":["Noxious Fumes","Catalyst"],"campfire_rested":2,"item_purchase_floors":[11,20],"current_hp_per_floor":[55,55,55,66,66,66,37,37,37,23,23,23,23,35,35,27,56,39,45,45,22,22,22,26,26,26,26,26,45,39,21,42,0],"gold":128,"neow_bonus":"THREE_RARE_CARDS","is_prod":false,"is_daily":false,"chose_seed":false,"campfire_upgraded":7,"win_rate":0,"timestamp":1558464364,"path_taken":["M","?","$","?","?","R","E","R","T","E","$","R","?","M","R","BOSS","M","M","$","?","$","R","M","R","T","R","?","R","E","?","R","BOSS"],"build_version":"2019-01-23","purchased_purges":1,"victory":false,"max_hp_per_floor":[66,66,66,66,66,66,66,66,66,66,66,66,66,66,66,66,66,66,66,66,66,66,66,66,66,66,66,66,66,66,71,71,71],"card_choices":[{"not_picked":["Tools of the Trade","Malaise"],"picked":"Die Die Die","floor":0.0},{"not_picked":["Slice","Poisoned Stab"],"picked":"Leg Sweep","floor":1.0},{"not_picked":["Dodge and Roll","Glass Knife"],"picked":"Predator","floor":7.0},{"not_picked":["Endless Agony","Underhanded Strike"],"picked":"Backflip","floor":10.0},{"not_picked":["Prepared","Skewer"],"picked":"Backflip","floor":14.0},{"not_picked":["Venomology","Glass Knife"],"picked":"After Image","floor":16.0},{"not_picked":["Prepared","Underhanded Strike","Dagger Throw"],"picked":"SKIP","floor":18.0},{"not_picked":["Dodge and Roll","Eviscerate"],"picked":"Deflect+1","floor":19.0},{"not_picked":["All Out Attack","Acrobatics"],"picked":"Backstab","floor":24},{"not_picked":["Envenom","Underhanded Strike"],"picked":"Backflip","floor":30}],"player_experience":818140,"relics_obtained":[{"floor":2.0,"key":"MawBank"},{"floor":7.0,"key":"Darkstone Periapt"},{"floor":9.0,"key":"Meat on the Bone"},{"floor":10.0,"key":"Pen Nib"},{"floor":26,"key":"Matryoshka"},{"floor":30,"key":"Vajra"}],"event_choices":[{"damage_healed":16.0,"max_hp_gain":0.0,"max_hp_loss":0.0,"gold_gain":0.0,"event_name":"The Cleric","player_choice":"Healed","floor":4.0,"gold_loss":35.0,"damage_taken":0.0},{"damage_healed":0.0,"max_hp_gain":0.0,"max_hp_loss":0.0,"gold_gain":0.0,"event_name":"Living Wall","player_choice":"Grow","floor":5.0,"gold_loss":0.0,"damage_taken":0.0,"cards_upgraded":["Neutralize"]},{"damage_healed":0.0,"max_hp_gain":0.0,"max_hp_loss":0.0,"gold_gain":0.0,"event_name":"World of Goop","player_choice":"Left Gold","floor":13.0,"gold_loss":21.0,"damage_taken":0.0},{"damage_healed":0.0,"max_hp_gain":0.0,"max_hp_loss":0.0,"gold_gain":0.0,"event_name":"Colosseum","player_choice":"Fight","floor":21.0,"gold_loss":0.0,"damage_taken":0.0},{"damage_healed":0.0,"max_hp_gain":0.0,"max_hp_loss":0.0,"gold_gain":0.0,"event_name":"Colosseum","player_choice":"Fled From Nobs","floor":21.0,"gold_loss":0.0,"damage_taken":0.0},{"damage_healed":0,"gold_gain":50,"player_choice":"Stole From Cult","damage_taken":0,"max_hp_gain":0,"max_hp_loss":0,"event_name":"Nest","floor":28,"gold_loss":0},{"damage_healed":0,"gold_gain":0,"player_choice":"Shed Blood","damage_taken":23,"max_hp_gain":5,"max_hp_loss":0,"event_name":"Forgotten Altar","floor":31,"gold_loss":0}],"is_beta":false,"boss_relics":[{"not_picked":["Orrery","Astrolabe"],"picked":"Runic Dome"}],"items_purged_floors":[3],"is_endless":false,"potions_floor_spawned":[14,16,19,21],"killed_by":"Champ","ascension_level":20}