{"gold_per_floor":[116,59,74,93,106,139,139,167,192,222,222,236,236,236,236,314,314,325,23,40,40,12,12,22,57,57,57,68,80,80,107,107,181,181,192,192,203,148,158,158,169,169,169,183,193,193,193,30,30,30],"floor_reached":50,"playtime":1997,"items_purged":["Strike_R"],"score":1054,"play_id":"ca1a7931-daa9-46aa-8656-a1e9d92f4ec3","local_time":"20190507231755","is_ascension_mode":true,"campfire_choices":[{"data":"Uppercut","floor":7.0,"key":"SMITH"},{"data":"Immolate","floor":13.0,"key":"SMITH"},{"data":"Bash","floor":15.0,"key":"SMITH"},{"data":"Sword Boomerang","floor":23.0,"key":"SMITH"},{"data":"True Grit","floor":27.0,"key":"SMITH"},{"data":"True Grit","floor":30.0,"key":"SMITH"},{"floor":32.0,"key":"REST"},{"data":"True Grit","floor":40.0,"key":"SMITH"},{"data":"Feel No Pain","floor":42,"key":"SMITH"},{"data":"Demon Form","floor":47,"key":"SMITH"},{"floor":49,"key":"REST"}],"neow_cost":"NONE","seed_source_timestamp":240240078246400,"circlet_count":0,"master_deck":["AscendersBane","Strike_R+1","Defend_R","Defend_R","Defend_R","Defend_R","Bash+1","Headbutt","Uppercut+1","Headbutt+1","Armaments","Fiend Fire","Clothesline","Immolate+1","Demon Form+1","Sword Boomerang+1","True Grit+1","True Grit+1","Impervious","Anger","Reaper","Shrug It Off+1","Limit Break+1","Bludgeon+1","True Grit+1","Sword Boomerang","Flame Barrier+1","Feel No Pain+1","True Grit","Shrug It Off"],"special_seed":0,"relics":["Burning Blood","Meat on the Bone","Oddly Smooth Stone","Bronze Scales","Lantern","Blue Candle","Mercury Hourglass","Mark of Pain","ClockworkSouvenir","Whetstone","Shuriken","Pear","Astrolabe","Boot"],"potions_floor_usage":[48],"damage_taken":[{"damage":5.0,"enemies":"Small Slimes","floor":1.0,"turns":3.0},{"damage":1.0,"enemies":"Cultist","floor":3.0,"turns":3.0},{"damage":9.0,"enemies":"Jaw Worm","floor":4.0,"turns":4.0},{"damage":16.0,"enemies":"Exordium Thugs","floor":5.0,"turns":5.0},{"damage":30.0,"enemies":"Gremlin Nob","floor":6.0,"turns":4.0},{"damage":36.0,"enemies":"3 Sentries","floor":8.0,"turns":7.0},{"damage":30.0,"enemies":"Lagavulin","floor":10.0,"turns":5.0},{"damage":4.0,"enemies":"2 Fungi Beasts","floor":12.0,"turns":3.0},{"damage":30.0,"enemies":"Hexaghost","floor":16.0,"turns":9.0},{"damage":22.0,"enemies":"Shell Parasite","floor":18.0,"turns":5.0},{"damage":12.0,"enemies":"3 Byrds","floor":20.0,"turns":2.0},{"damage":15.0,"enemies":"Snecko","floor":24.0,"turns":4.0},{"damage":9.0,"enemies":"Slavers","floor":25.0,"turns":2.0},{"damage":19.0,"enemies":"Snake Plant","floor":28.0,"turns":4.0},{"damage":19.0,"enemies":"3 Cultists","floor":29.0,"turns":5.0},{"damage":33.0,"enemies":"Gremlin Leader","floor":31.0,"turns":4.0},{"damage":53.0,"enemies":"Champ","floor":33.0,"turns":13.0},{"damage":11.0,"enemies":"3 Darklings","floor":35.0,"turns":2.0},{"damage":17.0,"enemies":"Orb Walker","floor":37.0,"turns":4.0},{"damage":23.0,"enemies":"Sphere and 2 Shapes","floor":39.0,"turns":5.0},{"damage":20,"enemies":"4 Shapes","floor":41,"turns":7},{"damage":17,"enemies":"Transient","floor":44,"turns":6},{"damage":20,"enemies":"3 Darklings","floor":45,"turns":9},{"damage":101,"enemies":"Time Eater","floor":50,"turns":9}],"seed_played":"7400227863433102115","potions_obtained":[{"floor":0.0,"key":"Fruit Juice"},{"floor":0.0,"key":"LiquidBronze"},{"floor":0.0,"key":"LiquidBronze"},{"floor":3.0,"key":"Strength Potion"},{"floor":10.0,"key":"Swift Potion"},{"floor":12.0,"key":"Poison Potion"},{"floor":24.0,"key":"Weak Potion"},{"floor":37.0,"key":"Strength Potion"}],"is_trial":false,"path_per_floor":["M","?","M","M","M","E","R","E","T","E","?","M","R","T","R","B",null,"M","$","M","?","$","R","M","E","T","R","M","M","R","E","R","B",null,"M","?","M","$","M","R","M","R","T","M","M","?","R","$","R","B"],"character_chosen":"IRONCLAD","items_purchased":["ClockworkSouvenir","True Grit","Sword Boomerang","Fruit Juice","Strength Potion"],"campfire_rested":2,"item_purchase_floors":[19,22,38,48,48],"current_hp_per_floor":[74,74,79,76,66,54,54,36,36,24,24,38,38,38,38,26,67,51,51,57,34,34,34,37,46,46,46,45,44,44,39,67,32,79,82,82,71,71,54,54,58,58,58,59,57,57,57,62,90,0],"gold":30,"neow_bonus":"THREE_SMALL_POTIONS","is_prod":false,"is_daily":false,"chose_seed":false,"campfire_upgraded":9,"win_rate":0,"timestamp":1557285475,"path_taken":["M","?","?","M","M","E","R","E","T","E","?","?","R","?","R","BOSS","M","$","M","?","$","R","M","E","T","R","M","M","R","E","R","BOSS","M","?","M","$","M","R","M","R","T","M","M","?","R","$","R","BOSS"],"build_version":"2019-01-23","purchased_purges":1,"victory":false,"max_hp_per_floor":[80,80,80,80,80,80,80,80,80,80,80,80,80,80,80,80,80,80,80,80,85,85,85,85,85,85,85,85,85,85,95,95,95,95,95,90,90,90,90,90,90,90,90,90,90,90,90,95,95,95],"card_choices":[{"not_picked":["Flex","Feel No Pain"],"picked":"Headbutt","floor":1.0},{"not_picked":["Sword Boomerang","Clash"],"picked":"Uppercut","floor":3.0},{"not_picked":["Clash","Infernal Blade"],"picked":"Headbutt","floor":4.0},{"not_picked":["Twin Strike","Bloodletting"],"picked":"Armaments","floor":5.0},{"not_picked":["Corruption","Bludgeon"],"picked":"Fiend Fire","floor":6.0},{"not_picked":["Uppercut","Pommel Strike"],"picked":"Clothesline","floor":8.0},{"not_picked":["Body Slam","Warcry","Clothesline"],"picked":"SKIP","floor":10.0},{"not_picked":["Hemokinesis","Sword Boomerang"],"picked":"Immolate","floor":12.0},{"not_picked":["Juggernaut","Double Tap"],"picked":"Demon Form","floor":16.0},{"not_picked":["Body Slam","Second Wind"],"picked":"Sword Boomerang","floor":18.0},{"not_picked":["Seeing Red","Searing Blow","Entrench+1"],"picked":"SKIP","floor":20.0},{"not_picked":["Pommel Strike","Blood for Blood","Havoc"],"picked":"SKIP","floor":24.0},{"not_picked":["Evolve","Body Slam+1"],"picked":"True Grit","floor":25.0},{"not_picked":["Inflame","Pommel Strike"],"picked":"Impervious","floor":28.0},{"not_picked":["Clash","Warcry"],"picked":"Anger","floor":29.0},{"not_picked":["Perfected Strike","Infernal Blade","Sentinel"],"picked":"SKIP","floor":31.0},{"not_picked":["Impervious","Immolate"],"picked":"Reaper","floor":33.0},{"not_picked":["Sentinel","Carnage","Warcry"],"picked":"SKIP","floor":35.0},{"not_picked":["Clothesline","Pommel Strike"],"picked":"True Grit","floor":37.0},{"not_picked":["Disarm","Iron Wave"],"picked":"Flame Barrier+1","floor":39.0},{"not_picked":["Infernal Blade","Warcry"],"picked":"Feel No Pain","floor":41},{"not_picked":["Warcry","Flex"],"picked":"True Grit","floor":44},{"not_picked":["Body Slam+1","Pommel Strike+1"],"picked":"Shrug It Off","floor":45}],"player_experience":806548,"relics_obtained":[{"floor":6.0,"key":"Oddly Smooth Stone"},{"floor":8.0,"key":"Bronze Scales"},{"floor":9.0,"key":"Lantern"},{"floor":10.0,"key":"Blue Candle"},{"floor":14.0,"key":"Mercury Hourglass"},{"floor":25.0,"key":"Whetstone"},{"floor":26.0,"key":"Shuriken"},{"floor":31.0,"key":"Pear"},{"floor":43,"key":"Boot"}],"event_choices":[{"damage_healed":0.0,"max_hp_gain":0.0,"max_hp_loss":0.0,"gold_gain":0.0,"event_name":"WeMeetAgain","player_choice":"Paid Gold","floor":2.0,"gold_loss":57.0,"damage_taken":0.0,"relics_obtained":["Meat on the Bone"]},{"damage_healed":0.0,"max_hp_gain":0.0,"max_hp_loss":0.0,"gold_gain":0.0,"event_name":"FaceTrader","player_choice":"Leave","floor":11.0,"gold_loss":0.0,"damage_taken":0.0},{"damage_healed":0.0,"max_hp_gain":5.0,"max_hp_loss":0.0,"gold_gain":0.0,"event_name":"Forgotten Altar","player_choice":"Shed Blood","floor":21.0,"gold_loss":0.0,"damage_taken":28.0},{"damage_healed":0.0,"max_hp_gain":0.0,"max_hp_loss":5.0,"gold_gain":0.0,"event_name":"Winding Halls","player_choice":"Max HP","floor":36.0,"gold_loss":0.0,"damage_taken":0.0},{"damage_healed":0,"gold_gain":0,"player_choice":"Ignored","damage_taken":0,"max_hp_gain":0,"max_hp_loss":0,"event_name":"Tomb of Lord Red Mask","floor":46,"gold_loss":0}],"is_beta":false,"boss_relics":[{"not_picked":["Calling Bell","Black Blood"],"picked":"Mark of Pain"},{"not_picked":["Busted Crown","Empty Cage"],"picked":"Astrolabe"}],"items_purged_floors":[19],"is_endless":false,"potions_floor_spawned":[3,5,10,12,18,24,25,31,35,37,45],"killed_by":"Time Eater","ascension_level":20}