{"gold_per_floor":[111,111,130,160,179,222,222,222,222,261,261,292,292,317,317,447,447,461,461,484,503,174,208,123,123],"floor_reached":25,"playtime":544,"items_purged":["Strike_R"],"score":335,"play_id":"ca6f67bd-9113-4bfd-9de6-05071a7617b5","local_time":"20190330205549","is_ascension_mode":true,"campfire_choices":[{"data":"Anger","floor":7,"key":"SMITH"},{"floor":13,"key":"REST"},{"data":"Cleave","floor":15,"key":"SMITH"}],"neow_cost":"NONE","seed_source_timestamp":1197488182132647,"circlet_count":0,"master_deck":["Strike_R","Strike_R","Strike_R","Strike_R","Defend_R","Defend_R","Defend_R","Defend_R","Bash+1","Disarm","Cleave+1","Anger+1","Intimidate","Inflame+1","Immolate","Headbutt","Rage","Pommel Strike","Fire Breathing+1"],"relics":["Burning Blood","Golden Idol","Tiny Chest","Lantern","Frozen Egg 2","Red Skull","Shuriken","Bronze Scales","Runic Pyramid","Membership Card","Oddly Smooth Stone","Omamori","Boot"],"potions_floor_usage":[6,6,12,16,21,23,25],"damage_taken":[{"damage":3,"enemies":"Small Slimes","floor":1,"turns":5},{"damage":0,"enemies":"Jaw Worm","floor":3,"turns":5},{"damage":4,"enemies":"2 Louse","floor":5,"turns":3},{"damage":27,"enemies":"Lagavulin","floor":6,"turns":7},{"damage":8,"enemies":"Gremlin Nob","floor":10,"turns":3},{"damage":28,"enemies":"3 Sentries","floor":12,"turns":7},{"damage":0,"enemies":"Blue Slaver","floor":14,"turns":2},{"damage":38,"enemies":"Slime Boss","floor":16,"turns":4},{"damage":8,"enemies":"Chosen","floor":18,"turns":3},{"damage":23,"enemies":"2 Thieves","floor":20,"turns":3},{"damage":18,"enemies":"Snake Plant","floor":21,"turns":3},{"damage":12,"enemies":"Slavers","floor":23,"turns":3},{"damage":32,"enemies":"Book of Stabbing","floor":25,"turns":3}],"seed_played":"-2370221354710793397","potions_obtained":[{"floor":1,"key":"Regen Potion"},{"floor":3,"key":"Block Potion"},{"floor":10,"key":"PowerPotion"},{"floor":14,"key":"AttackPotion"},{"floor":16,"key":"LiquidBronze"},{"floor":20,"key":"LiquidBronze"},{"floor":23,"key":"SteroidPotion"}],"is_trial":false,"path_per_floor":["M","?","M","?","M","E","R","T","T","E","?","E","R","M","R","B",null,"M","?","M","M","$","E","?","E"],"character_chosen":"IRONCLAD","items_purchased":["Membership Card","Oddly Smooth Stone","Fire Potion"],"campfire_rested":1,"item_purchase_floors":[22,22,22],"current_hp_per_floor":[75,55,61,54,56,40,40,40,40,38,38,16,40,46,46,14,64,62,62,45,33,33,27,27,0],"gold":123,"neow_bonus":"UPGRADE_CARD","is_prod":false,"is_daily":false,"chose_seed":false,"campfire_upgraded":2,"win_rate":0,"timestamp":1553997349,"path_taken":["M","?","M","?","?","E","R","?","T","E","?","E","R","M","R","BOSS","M","?","?","M","$","E","?","E"],"build_version":"2019-01-23","purchased_purges":1,"victory":false,"max_hp_per_floor":[80,80,80,80,80,80,80,80,80,80,80,80,80,80,80,80,80,80,80,80,80,80,80,80,80],"card_choices":[{"not_picked":["Power Through","Wild Strike"],"picked":"Disarm","floor":1},{"not_picked":["Inflame","Blood for Blood"],"picked":"Cleave","floor":3},{"not_picked":["Reckless Charge","Spot Weakness"],"picked":"Anger","floor":5},{"not_picked":["Perfected Strike","Cleave","Sword Boomerang"],"picked":"SKIP","floor":6},{"not_picked":["Sword Boomerang","Sever Soul"],"picked":"Intimidate","floor":10},{"not_picked":["Iron Wave","Sever Soul","Uppercut"],"picked":"SKIP","floor":12},{"not_picked":["Combust+1","Flame Barrier"],"picked":"Inflame+1","floor":14},{"not_picked":["Offering","Double Tap"],"picked":"Immolate","floor":16},{"not_picked":["Pummel","Second Wind"],"picked":"Headbutt","floor":18},{"not_picked":["Sword Boomerang+1","Wild Strike"],"picked":"Rage","floor":20},{"not_picked":["Intimidate","Combust+1"],"picked":"Pommel Strike","floor":21},{"not_picked":["Berserk+1","Cleave"],"picked":"Fire Breathing+1","floor":23}],"player_experience":277365,"relics_obtained":[{"floor":6,"key":"Lantern"},{"floor":8,"key":"Frozen Egg 2"},{"floor":9,"key":"Red Skull"},{"floor":10,"key":"Shuriken"},{"floor":12,"key":"Bronze Scales"},{"floor":23,"key":"Omamori"}],"event_choices":[{"damage_healed":0,"gold_gain":0,"player_choice":"Take Damage","damage_taken":20,"relics_obtained":["Golden Idol"],"max_hp_gain":0,"max_hp_loss":0,"event_name":"Golden Idol","floor":2,"gold_loss":0},{"damage_healed":0,"gold_gain":0,"player_choice":"Success","damage_taken":7,"relics_obtained":["Tiny Chest"],"max_hp_gain":0,"max_hp_loss":0,"event_name":"Scrap Ooze","floor":4,"gold_loss":0},{"damage_healed":0,"gold_gain":0,"player_choice":"Ignored","damage_taken":0,"max_hp_gain":0,"max_hp_loss":0,"event_name":"Liars Game","floor":11,"gold_loss":0},{"damage_healed":0,"gold_gain":0,"player_choice":"Ignored","damage_taken":0,"max_hp_gain":0,"max_hp_loss":0,"event_name":"N\u0027loth","floor":19,"gold_loss":0},{"damage_healed":0,"gold_gain":0,"player_choice":"Obtained Relic","damage_taken":0,"relics_obtained":["Boot"],"max_hp_gain":0,"max_hp_loss":0,"event_name":"Addict","floor":24,"gold_loss":85}],"is_beta":false,"boss_relics":[{"not_picked":["Fusion Hammer","Empty Cage"],"picked":"Runic Pyramid"}],"items_purged_floors":[22],"is_endless":false,"potions_floor_spawned":[1,3,10,14,16,20,23],"killed_by":"Book of Stabbing","ascension_level":8}