{"gold_per_floor":[112,112,3,3,3,33,33,62,62,96,106,106,140,154,154,231,231,190,115,115,15,15,15,15],"floor_reached":24,"playtime":654,"items_purged":["Strike_B","Strike_B"],"score":509,"play_id":"ce855520-a8e0-499e-b1cc-f5e2b93bb603","local_time":"20190517151351","is_ascension_mode":true,"campfire_choices":[{"data":"Streamline","floor":12,"key":"SMITH"},{"data":"Zap","floor":15,"key":"SMITH"},{"data":"Fission","floor":23,"key":"SMITH"}],"neow_cost":"NONE","seed_source_timestamp":4461787023360,"circlet_count":0,"master_deck":["AscendersBane","Strike_B","Strike_B","Defend_B","Defend_B","Defend_B","Defend_B","Zap+1","Dualcast","Sweeping Beam","Capacitor","Leap","Fission+1","Streamline+1","Glacier","Capacitor","Turbo","Creative AI","Self Repair","RitualDagger","Zap+1"],"relics":["Cracked Core","NeowsBlessing","Pocketwatch","Bag of Preparation","Torii","Singing Bowl","Unceasing Top","Eternal Feather"],"potions_floor_usage":[10,10,10,24],"damage_taken":[{"damage":0,"enemies":"Jaw Worm","floor":1,"turns":1},{"damage":0,"enemies":"Gremlin Nob","floor":6,"turns":1},{"damage":0,"enemies":"Lagavulin","floor":8,"turns":1},{"damage":4,"enemies":"3 Sentries","floor":10,"turns":5},{"damage":0,"enemies":"Cultist","floor":11,"turns":3},{"damage":6,"enemies":"Lagavulin","floor":13,"turns":7},{"damage":0,"enemies":"2 Louse","floor":14,"turns":4},{"damage":6,"enemies":"The Guardian","floor":16,"turns":12},{"damage":33,"enemies":"2 Thieves","floor":18,"turns":5},{"damage":88,"enemies":"Gremlin Leader","floor":24,"turns":12}],"seed_played":"-941689517943752917","potions_obtained":[{"floor":2,"key":"LiquidBronze"},{"floor":2,"key":"EntropicBrew"},{"floor":10,"key":"LiquidBronze"},{"floor":16,"key":"Regen Potion"}],"is_trial":false,"path_per_floor":["M","?","$","$","?","E","?","E","T","E","M","R","E","M","R","B",null,"M","$","?","$","?","R","E"],"character_chosen":"DEFECT","items_purchased":["Capacitor","Leap"],"campfire_rested":0,"item_purchase_floors":[3,3],"current_hp_per_floor":[64,64,64,64,69,69,69,69,69,65,67,67,61,61,61,55,72,39,39,33,33,33,45,0],"gold":15,"neow_bonus":"THREE_ENEMY_KILL","is_prod":false,"is_daily":false,"chose_seed":false,"campfire_upgraded":3,"win_rate":0,"timestamp":1558124031,"path_taken":["M","?","?","$","?","E","?","E","T","E","M","R","E","M","R","BOSS","M","$","?","$","?","R","E"],"build_version":"2019-01-23","purchased_purges":2,"victory":false,"max_hp_per_floor":[71,71,71,71,76,76,76,76,76,76,78,78,78,78,78,78,78,78,78,78,78,78,78,78],"card_choices":[{"not_picked":["Beam Cell","Redo"],"picked":"Sweeping Beam","floor":1},{"not_picked":["Rebound","White Noise"],"picked":"Fission","floor":6},{"not_picked":["Blizzard","Heatsinks"],"picked":"Streamline","floor":8},{"not_picked":["Hologram","Compile Driver"],"picked":"Glacier","floor":10},{"not_picked":["Barrage","Streamline","Hello World"],"picked":"Singing Bowl","floor":11},{"not_picked":["Barrage","Tempest"],"picked":"Capacitor","floor":13},{"not_picked":["Genetic Algorithm","Gash"],"picked":"Turbo","floor":14},{"not_picked":["Buffer","Amplify"],"picked":"Creative AI","floor":16},{"not_picked":["Sweeping Beam","Lockon"],"picked":"Self Repair","floor":18}],"player_experience":432252,"relics_obtained":[{"floor":6,"key":"Pocketwatch"},{"floor":8,"key":"Bag of Preparation"},{"floor":9,"key":"Torii"},{"floor":10,"key":"Singing Bowl"},{"floor":13,"key":"Unceasing Top"}],"event_choices":[{"damage_healed":0,"gold_gain":0,"player_choice":"Got Potions","damage_taken":0,"max_hp_gain":0,"max_hp_loss":0,"event_name":"Lab","floor":2,"gold_loss":0},{"damage_healed":0,"gold_gain":0,"player_choice":"Donut","damage_taken":0,"max_hp_gain":5,"max_hp_loss":0,"event_name":"Big Fish","floor":5,"gold_loss":0},{"damage_healed":0,"gold_gain":0,"player_choice":"Ignored","damage_taken":0,"max_hp_gain":0,"max_hp_loss":0,"event_name":"Liars Game","floor":7,"gold_loss":0},{"damage_healed":0,"gold_gain":0,"player_choice":"Joined the Cult","damage_taken":6,"max_hp_gain":0,"max_hp_loss":0,"event_name":"Nest","floor":20,"gold_loss":0,"cards_obtained":["RitualDagger"]},{"damage_healed":0,"gold_gain":0,"player_choice":"Copied","damage_taken":0,"max_hp_gain":0,"max_hp_loss":0,"event_name":"Duplicator","floor":22,"gold_loss":0,"cards_obtained":["Zap"]}],"is_beta":false,"boss_relics":[{"not_picked":["Empty Cage","Busted Crown"],"picked":"Eternal Feather"}],"items_purged_floors":[19,21],"is_endless":false,"potions_floor_spawned":[8,10,16],"killed_by":"Gremlin Leader","ascension_level":18}