{"gold_per_floor":[116,66,66,86,7,7,36,54,81,97,125,125,136,146,146,246,246,259,274,274,290,310,310],"floor_reached":23,"playtime":2673,"items_purged":[],"score":230,"play_id":"f332d10b-ddd8-4a6b-bbc1-344781db2e53","local_time":"20190515142138","is_ascension_mode":false,"campfire_choices":[{"data":"Whirlwind","floor":6,"key":"SMITH"},{"data":"Body Slam","floor":12,"key":"SMITH"},{"data":"True Grit","floor":15,"key":"SMITH"}],"neow_cost":"NONE","seed_source_timestamp":53567602170367,"circlet_count":0,"master_deck":["Strike_R","Strike_R","Strike_R","Strike_R","Defend_R","Defend_R","Defend_R","Defend_R","Bash","Body Slam+1","Shrug It Off","True Grit+1","Whirlwind+1","Inflame","Shrug It Off","Shrug It Off","Pommel Strike","Bludgeon","Body Slam+1","Battle Trance","Shame","Cleave","Flex"],"relics":["Burning Blood","NeowsBlessing","Pen Nib","Bag of Marbles","Torii","Runic Cube"],"potions_floor_usage":[16],"damage_taken":[{"damage":0,"enemies":"Jaw Worm","floor":1,"turns":1},{"damage":0,"enemies":"Cultist","floor":4,"turns":1},{"damage":0,"enemies":"Gremlin Nob","floor":7,"turns":1},{"damage":5,"enemies":"2 Louse","floor":8,"turns":3},{"damage":13,"enemies":"Lots of Slimes","floor":10,"turns":3},{"damage":13,"enemies":"Lagavulin","floor":11,"turns":8},{"damage":1,"enemies":"Exordium Thugs","floor":13,"turns":6},{"damage":0,"enemies":"2 Fungi Beasts","floor":14,"turns":6},{"damage":20,"enemies":"Slime Boss","floor":16,"turns":10},{"damage":31,"enemies":"Shell Parasite","floor":18,"turns":9},{"damage":1,"enemies":"3 Byrds","floor":19,"turns":5},{"damage":3,"enemies":"Centurion and Healer","floor":21,"turns":7},{"damage":17,"enemies":"Snake Plant","floor":22,"turns":6},{"damage":61,"enemies":"Gremlin Leader","floor":23,"turns":4}],"seed_played":"-7473980155358484927","potions_obtained":[{"floor":1,"key":"Swift Potion"},{"floor":10,"key":"BloodPotion"},{"floor":11,"key":"FearPotion"},{"floor":16,"key":"Explosive Potion"},{"floor":18,"key":"EssenceOfSteel"}],"is_trial":false,"path_per_floor":["M","$","?","M","$","R","E","M","T","M","E","R","M","M","R","B",null,"M","M","?","M","M","E"],"character_chosen":"IRONCLAD","items_purchased":["Shrug It Off","Whirlwind"],"campfire_rested":0,"item_purchase_floors":[2,5],"current_hp_per_floor":[80,80,80,80,80,80,80,80,80,73,66,66,71,77,77,63,80,55,60,60,63,52,0],"gold":310,"neow_bonus":"THREE_ENEMY_KILL","is_prod":false,"is_daily":false,"chose_seed":false,"campfire_upgraded":3,"win_rate":0.0,"timestamp":1557955298,"path_taken":["M","$","?","?","?","R","E","M","T","M","E","R","M","M","R","BOSS","M","M","?","M","M","E"],"build_version":"2019-01-23","purchased_purges":0,"victory":false,"max_hp_per_floor":[80,80,80,80,80,80,80,80,80,80,80,80,80,80,80,80,80,80,80,80,80,80,80],"card_choices":[{"not_picked":["Infernal Blade","Spot Weakness"],"picked":"Body Slam","floor":1},{"not_picked":["Heavy Blade","Metallicize"],"picked":"True Grit","floor":4},{"not_picked":["Warcry","Dropkick"],"picked":"Inflame","floor":7},{"not_picked":["Pummel","Inflame"],"picked":"Shrug It Off","floor":8},{"not_picked":["Shrug It Off","Perfected Strike","Power Through"],"picked":"SKIP","floor":10},{"not_picked":["Clothesline","Dual Wield","Clash"],"picked":"SKIP","floor":11},{"not_picked":["Intimidate","Pummel"],"picked":"Shrug It Off","floor":13},{"not_picked":["Twin Strike","Anger"],"picked":"Pommel Strike","floor":14},{"not_picked":["Impervious","Feed"],"picked":"Bludgeon","floor":16},{"not_picked":["Clash","Headbutt"],"picked":"Body Slam+1","floor":18},{"not_picked":["Armaments","Rampage+1"],"picked":"Battle Trance","floor":19},{"not_picked":["Body Slam","True Grit","Clash"],"picked":"SKIP","floor":21},{"not_picked":["Body Slam","Heavy Blade"],"picked":"Flex","floor":22}],"player_experience":34933,"relics_obtained":[{"floor":7,"key":"Pen Nib"},{"floor":9,"key":"Bag of Marbles"},{"floor":11,"key":"Torii"}],"event_choices":[{"cards_removed":["Strike_R"],"damage_healed":0,"gold_gain":0,"player_choice":"Offered Basic","damage_taken":0,"max_hp_gain":0,"max_hp_loss":0,"event_name":"Bonfire Elementals","floor":3,"gold_loss":0},{"damage_healed":0,"gold_gain":0,"player_choice":"2 cards matched","damage_taken":0,"max_hp_gain":0,"max_hp_loss":0,"event_name":"Match and Keep!","floor":20,"gold_loss":0,"cards_obtained":["Shame","Cleave"]}],"is_beta":false,"boss_relics":[{"not_picked":["Calling Bell","Empty Cage"],"picked":"Runic Cube"}],"items_purged_floors":[],"is_endless":false,"potions_floor_spawned":[1,10,11,16,18],"killed_by":"Gremlin Leader","ascension_level":0}