{"gold_per_floor":[112,187,187,200,217,217,251,251,277,300,332,312,312,330,330,434,434,454,484,484,484,502,502,280,291,291,308,321,321],"floor_reached":29,"playtime":1793,"items_purged":["Strike_R"],"score":235,"play_id":"df8e0c65-fbff-47f6-b575-152a14ed5eca","local_time":"20190515130849","is_ascension_mode":false,"campfire_choices":[{"data":"Bash","floor":6,"key":"SMITH"},{"data":"True Grit","floor":8,"key":"SMITH"},{"floor":15,"key":"REST"},{"data":"Flex","floor":23,"key":"SMITH"}],"neow_cost":"NONE","seed_source_timestamp":50078978650592,"circlet_count":0,"master_deck":["Strike_R+1","Strike_R","Strike_R+1","Strike_R+1","Defend_R","Defend_R","Defend_R","Bash+1","Whirlwind+1","Iron Wave","Dropkick","Dropkick","True Grit+1","Flex+1","Rampage","Barricade","Writhe","RitualDagger","Enlightenment","Body Slam","Flame Barrier","True Grit+1"],"relics":["Burning Blood","NeowsBlessing","Orichalcum","Whetstone","Bronze Scales","Dodecahedron","Coffee Dripper","Tiny Chest","Vajra","Paper Frog"],"potions_floor_usage":[],"damage_taken":[{"damage":0,"enemies":"2 Louse","floor":1,"turns":1},{"damage":0,"enemies":"Jaw Worm","floor":4,"turns":1},{"damage":0,"enemies":"Cultist","floor":5,"turns":1},{"damage":20,"enemies":"Gremlin Nob","floor":7,"turns":4},{"damage":12,"enemies":"Lagavulin","floor":11,"turns":5},{"damage":15,"enemies":"Exordium Thugs","floor":12,"turns":4},{"damage":4,"enemies":"Looter","floor":14,"turns":2},{"damage":56,"enemies":"The Guardian","floor":16,"turns":8},{"damage":14,"enemies":"2 Thieves","floor":18,"turns":2},{"damage":5,"enemies":"Chosen","floor":22,"turns":6},{"damage":10,"enemies":"Shelled Parasite and Fungi","floor":25,"turns":2},{"damage":21,"enemies":"Centurion and Healer","floor":27,"turns":8},{"damage":16,"enemies":"Snake Plant","floor":28,"turns":3},{"damage":28,"enemies":"Sentry and Sphere","floor":29,"turns":3}],"seed_played":"3957984178057533712","potions_obtained":[{"floor":1,"key":"BloodPotion"},{"floor":4,"key":"FearPotion"},{"floor":14,"key":"Dexterity Potion"},{"floor":28,"key":"LiquidBronze"}],"is_trial":false,"path_per_floor":["M","?","?","M","M","R","E","R","T","T","E","M","?","M","R","B",null,"M","?","?","?","M","R","$","M","T","M","M","M"],"character_chosen":"IRONCLAD","items_purchased":["Vajra"],"campfire_rested":1,"item_purchase_floors":[24],"current_hp_per_floor":[80,69,69,75,80,80,66,66,66,66,60,51,35,37,61,11,80,72,72,66,50,51,51,51,47,47,32,22,0],"gold":321,"neow_bonus":"THREE_ENEMY_KILL","is_prod":false,"is_daily":false,"chose_seed":false,"campfire_upgraded":3,"win_rate":0.0,"timestamp":1557950929,"path_taken":["M","?","?","?","M","R","E","R","T","?","E","M","?","M","R","BOSS","M","?","?","?","M","R","$","M","T","M","?","M"],"build_version":"2019-01-23","purchased_purges":1,"victory":false,"max_hp_per_floor":[80,80,80,80,80,80,80,80,80,80,80,80,80,80,80,80,80,80,80,80,80,80,80,80,80,80,80,80,80],"card_choices":[{"not_picked":["Shrug It Off","Metallicize"],"picked":"Whirlwind","floor":1},{"not_picked":["Combust","Body Slam"],"picked":"Dropkick","floor":4},{"not_picked":["Flex","Sword Boomerang"],"picked":"Dropkick","floor":5},{"not_picked":["Entrench","Twin Strike"],"picked":"True Grit","floor":7},{"not_picked":["Warcry","Twin Strike"],"picked":"Flex","floor":11},{"not_picked":["Infernal Blade","Blood for Blood"],"picked":"Rampage","floor":12},{"not_picked":["Warcry","Anger","Cleave"],"picked":"SKIP","floor":14},{"not_picked":["Reaper","Impervious"],"picked":"Barricade","floor":16},{"not_picked":["Heavy Blade+1","Intimidate","Combust"],"picked":"SKIP","floor":18},{"not_picked":["Fire Breathing","True Grit"],"picked":"Body Slam","floor":22},{"not_picked":["Cleave","Thunderclap"],"picked":"Flame Barrier","floor":25},{"not_picked":["Perfected Strike","Warcry","Corruption"],"picked":"SKIP","floor":27},{"not_picked":["Cleave","Iron Wave"],"picked":"True Grit+1","floor":28}],"player_experience":31497,"relics_obtained":[{"floor":7,"key":"Orichalcum"},{"floor":9,"key":"Whetstone"},{"floor":10,"key":"Bronze Scales"},{"floor":11,"key":"Dodecahedron"},{"floor":26,"key":"Paper Frog"}],"event_choices":[{"damage_healed":0,"gold_gain":75,"player_choice":"Gather Gold","damage_taken":11,"max_hp_gain":0,"max_hp_loss":0,"event_name":"World of Goop","floor":2,"gold_loss":0},{"cards_removed":["Defend_R"],"damage_healed":0,"gold_gain":0,"player_choice":"Took Card","damage_taken":0,"max_hp_gain":0,"max_hp_loss":0,"event_name":"NoteForYourself","floor":3,"gold_loss":0,"cards_obtained":["Iron Wave"]},{"damage_healed":0,"gold_gain":0,"player_choice":"Entered Light","damage_taken":16,"max_hp_gain":0,"max_hp_loss":0,"event_name":"Shining Light","floor":13,"gold_loss":0,"cards_upgraded":["Strike_R","Whirlwind"]},{"damage_healed":0,"gold_gain":0,"player_choice":"Opened","damage_taken":0,"relics_obtained":["Tiny Chest"],"max_hp_gain":0,"max_hp_loss":0,"event_name":"The Mausoleum","floor":19,"gold_loss":0,"cards_obtained":["Writhe"]},{"damage_healed":0,"gold_gain":0,"player_choice":"Joined the Cult","damage_taken":6,"max_hp_gain":0,"max_hp_loss":0,"event_name":"Nest","floor":20,"gold_loss":0,"cards_obtained":["RitualDagger"]},{"damage_healed":0,"gold_gain":0,"player_choice":"CARD ","damage_taken":16,"max_hp_gain":0,"max_hp_loss":0,"event_name":"Knowing Skull","floor":21,"potions_obtained":[],"gold_loss":0,"cards_obtained":["Enlightenment"]}],"is_beta":false,"boss_relics":[{"not_picked":["Astrolabe","Ectoplasm"],"picked":"Coffee Dripper"}],"items_purged_floors":[24],"is_endless":false,"potions_floor_spawned":[1,4,14,25,28],"killed_by":"Sentry and Sphere","ascension_level":0}