{"gold_per_floor":[116,134,59,77,95,95,110,110,137,169,180,200,200,220,220,321,321,332,332,332,349,6,6,33,33,33,48,62,72,92,17,17,114,114,129,29,43,56,66,66,77,77,77,96,107,107,107,142,142,142],"floor_reached":50,"playtime":4376,"items_purged":["Defend_G","Defend_G"],"score":577,"play_id":"7e59424d-7333-4778-a5f4-8c75501a487a","local_time":"20190518235121","is_ascension_mode":false,"campfire_choices":[{"data":"Predator","floor":6.0,"key":"SMITH"},{"data":"Dash","floor":8.0,"key":"SMITH"},{"data":"Wraith Form v2","floor":13.0,"key":"SMITH"},{"floor":15.0,"key":"REST"},{"data":"Ghostly","floor":23.0,"key":"SMITH"},{"floor":25.0,"key":"REST"},{"data":"A Thousand Cuts","floor":32.0,"key":"SMITH"},{"data":"Ghostly","floor":40,"key":"SMITH"},{"data":"Ghostly","floor":42,"key":"SMITH"},{"data":"Ghostly","floor":47,"key":"SMITH"},{"data":"Ghostly","floor":49,"key":"SMITH"}],"neow_cost":"NONE","seed_source_timestamp":0,"circlet_count":0,"master_deck":["Defend_G","Defend_G","Defend_G","Survivor","Neutralize","Predator+1","Flying Knee","Quick Slash","Dash+1","Dash","Backflip","Footwork","Outmaneuver","Wraith Form v2+1","Burst","Ghostly+1","Ghostly+1","Ghostly+1","Ghostly+1","Ghostly+1","Bite","Bite","Bite","Bite","Bite","Flechettes","Predator","Envenom","Calculated Gamble+1","A Thousand Cuts+1","Noxious Fumes+1","A Thousand Cuts","Noxious Fumes+1","Finisher+1","Bane+1","Backflip+1","A Thousand Cuts"],"special_seed":0,"relics":["Ring of the Snake","Regal Pillow","Snecko Eye","Dream Catcher","HandDrill","Potion Belt","Eternal Feather","Toxic Egg 2","Nunchaku"],"potions_floor_usage":[],"damage_taken":[{"damage":2.0,"enemies":"Jaw Worm","floor":1.0,"turns":4.0},{"damage":1.0,"enemies":"2 Louse","floor":2.0,"turns":3.0},{"damage":1.0,"enemies":"Cultist","floor":4.0,"turns":3.0},{"damage":0.0,"enemies":"3 Louse","floor":5.0,"turns":4.0},{"damage":0.0,"enemies":"2 Fungi Beasts","floor":7.0,"turns":3.0},{"damage":23.0,"enemies":"3 Sentries","floor":10.0,"turns":8.0},{"damage":2.0,"enemies":"Looter","floor":11.0,"turns":3.0},{"damage":6.0,"enemies":"Exordium Wildlife","floor":12.0,"turns":5.0},{"damage":1.0,"enemies":"Blue Slaver","floor":14.0,"turns":4.0},{"damage":42.0,"enemies":"Slime Boss","floor":16.0,"turns":14.0},{"damage":5.0,"enemies":"3 Byrds","floor":18.0,"turns":6.0},{"damage":0.0,"enemies":"Chosen","floor":21.0,"turns":8.0},{"damage":34.0,"enemies":"Book of Stabbing","floor":24.0,"turns":10.0},{"damage":3.0,"enemies":"Sentry and Sphere","floor":27.0,"turns":9.0},{"damage":3.0,"enemies":"Shelled Parasite and Fungi","floor":28.0,"turns":7.0},{"damage":7.0,"enemies":"Centurion and Healer","floor":29.0,"turns":6.0},{"damage":11.0,"enemies":"Sentry and Sphere","floor":30.0,"turns":9.0},{"damage":31.0,"enemies":"Collector","floor":33.0,"turns":10.0},{"damage":12.0,"enemies":"3 Shapes","floor":35.0,"turns":4.0},{"damage":9.0,"enemies":"Orb Walker","floor":37.0,"turns":4.0},{"damage":4,"enemies":"Jaw Worm Horde","floor":38,"turns":5},{"damage":3,"enemies":"Spire Growth","floor":39,"turns":5},{"damage":8,"enemies":"Maw","floor":41,"turns":7},{"damage":20,"enemies":"Sphere and 2 Shapes","floor":44,"turns":8},{"damage":4,"enemies":"Jaw Worm Horde","floor":45,"turns":5},{"damage":31,"enemies":"Reptomancer","floor":48,"turns":9},{"damage":43,"enemies":"Awakened One","floor":50,"turns":5}],"seed_played":"-7797699606037469675","potions_obtained":[{"floor":2.0,"key":"Swift Potion"},{"floor":5.0,"key":"Strength Potion"},{"floor":11.0,"key":"SkillPotion"},{"floor":21.0,"key":"Poison Potion"},{"floor":29.0,"key":"GhostInAJar"},{"floor":30.0,"key":"AttackPotion"}],"is_trial":false,"path_per_floor":["M","M","$","M","M","R","M","R","T","E","M","M","R","M","R","B",null,"M","?","?","M","$","R","E","R","T","M","M","M","M","$","R","B",null,"M","$","M","M","M","R","M","R","T","M","M","?","R","E","R","B"],"character_chosen":"THE_SILENT","items_purchased":["Dash","Dream Catcher","HandDrill"],"campfire_rested":2,"item_purchase_floors":[3,22,22],"current_hp_per_floor":[68,67,67,66,66,66,66,66,66,43,43,39,39,40,70,28,70,65,35,35,35,35,35,13,35,35,35,35,34,30,30,30,17,35,27,27,20,20,23,35,31,35,35,21,17,17,35,10,31,0],"gold":142,"neow_bonus":"THREE_CARDS","is_prod":false,"is_daily":false,"chose_seed":false,"campfire_upgraded":9,"win_rate":0,"timestamp":1558248681,"path_taken":["M","M","$","M","M","R","M","R","T","E","M","M","R","M","R","BOSS","M","?","?","M","?","R","E","R","T","M","M","M","M","$","R","BOSS","M","$","M","?","M","R","M","R","T","M","M","?","R","E","R","BOSS"],"build_version":"2019-01-23","purchased_purges":2,"victory":false,"max_hp_per_floor":[70,70,70,70,70,70,70,70,70,70,70,70,70,70,70,70,70,70,35,35,35,35,35,35,35,35,35,35,35,35,35,35,35,35,35,35,35,35,35,35,35,35,35,35,35,35,35,35,35,35],"card_choices":[{"not_picked":["Slice","Cloak And Dagger"],"picked":"Predator","floor":0.0},{"not_picked":["Sucker Punch","Slice"],"picked":"Flying Knee","floor":1.0},{"not_picked":["Predator","Deflect"],"picked":"Quick Slash","floor":2.0},{"not_picked":["Well Laid Plans","Acrobatics"],"picked":"Dash","floor":4.0},{"not_picked":["Acrobatics","All Out Attack","Sucker Punch"],"picked":"SKIP","floor":5.0},{"not_picked":["Escape Plan","Poisoned Stab"],"picked":"Backflip","floor":7.0},{"not_picked":["Leg Sweep","Dagger Spray"],"picked":"Footwork","floor":10.0},{"not_picked":["Slice","Choke"],"picked":"Outmaneuver","floor":11.0},{"not_picked":["Poisoned Stab","Blade Dance"],"picked":"Wraith Form v2","floor":12.0},{"not_picked":["Dagger Throw","Backflip","Prepared"],"picked":"SKIP","floor":14.0},{"not_picked":["Wraith Form v2","Corpse Explosion"],"picked":"Burst","floor":16.0},{"not_picked":["Dodge and Roll","Blur","PiercingWail"],"picked":"SKIP","floor":18.0},{"not_picked":["Deadly Poison","Outmaneuver"],"picked":"Flechettes","floor":21.0},{"not_picked":["Setup","Footwork+1"],"picked":"Predator","floor":24.0},{"not_picked":["Acrobatics","Prepared"],"picked":"Envenom","floor":25.0},{"not_picked":["Acrobatics","Deflect"],"picked":"Calculated Gamble+1","floor":27.0},{"not_picked":["Quick Slash","PiercingWail"],"picked":"A Thousand Cuts","floor":28.0},{"not_picked":["Blade Dance","Acrobatics+1","Deadly Poison"],"picked":"SKIP","floor":29.0},{"not_picked":["Dagger Spray","Dagger Throw"],"picked":"Noxious Fumes+1","floor":30.0},{"not_picked":["Unload","Venomology"],"picked":"A Thousand Cuts","floor":33.0},{"not_picked":["Skewer","Backstab"],"picked":"Noxious Fumes+1","floor":35.0},{"not_picked":["Poisoned Stab+1","Deadly Poison","Bane"],"picked":"SKIP","floor":37.0},{"not_picked":["Leg Sweep","Dagger Spray"],"picked":"Finisher+1","floor":38},{"not_picked":["Infinite Blades+1","Blur","Choke+1"],"picked":"SKIP","floor":39},{"not_picked":["Cloak And Dagger","Dagger Throw"],"picked":"Bane+1","floor":41},{"not_picked":["Dash","Bane"],"picked":"Backflip+1","floor":44},{"not_picked":["Infinite Blades+1","Sucker Punch","Eviscerate+1"],"picked":"SKIP","floor":45},{"not_picked":["Terror+1","Cloak And Dagger+1"],"picked":"A Thousand Cuts","floor":48}],"player_experience":168717,"relics_obtained":[{"floor":9.0,"key":"Regal Pillow"},{"floor":10.0,"key":"Blood Vial"},{"floor":24.0,"key":"Potion Belt"},{"floor":43,"key":"Toxic Egg 2"},{"floor":48,"key":"Nunchaku"}],"event_choices":[{"damage_healed":0.0,"max_hp_gain":0.0,"max_hp_loss":35.0,"gold_gain":0.0,"event_name":"Ghosts","player_choice":"Became a Ghost","floor":19.0,"gold_loss":0.0,"damage_taken":0.0,"cards_obtained":["Ghostly","Ghostly","Ghostly","Ghostly","Ghostly"]},{"damage_healed":0.0,"max_hp_gain":0.0,"max_hp_loss":0.0,"gold_gain":0.0,"event_name":"Vampires","player_choice":"Became a vampire (Vial)","floor":20.0,"relics_lost":["Blood Vial"],"gold_loss":0.0,"damage_taken":0.0,"cards_obtained":["Bite","Bite","Bite","Bite","Bite"]},{"damage_healed":0,"gold_gain":0,"player_choice":"Ignored","damage_taken":0,"max_hp_gain":0,"max_hp_loss":0,"event_name":"The Moai Head","floor":46,"gold_loss":0}],"is_beta":false,"boss_relics":[{"not_picked":["Coffee Dripper","Lizard Tail"],"picked":"Snecko Eye"},{"not_picked":["Pandora\u0027s Box","Orrery"],"picked":"Eternal Feather"}],"items_purged_floors":[31,36],"is_endless":false,"potions_floor_spawned":[2,5,11,14,21,29,30,33,35,41,45,48],"killed_by":"Awakened One","ascension_level":0}