{"gold_per_floor":[109,120,137,42,42,42,42,68,68,94,110,185,200,200,200,200],"floor_reached":16,"playtime":527,"items_purged":[],"score":127,"play_id":"64b4b852-468d-4875-8459-bb08f2e28f1e","local_time":"20190312170754","is_ascension_mode":true,"campfire_choices":[{"data":"Corruption","floor":6,"key":"SMITH"},{"data":"Dual Wield","floor":15,"key":"SMITH"}],"neow_cost":"NONE","seed_source_timestamp":1783400841559144,"circlet_count":0,"master_deck":["Strike_R","Strike_R","Strike_R","Strike_R","Defend_R","Defend_R","Defend_R","Defend_R","Bash","Burning Pact","Dual Wield+1","True Grit","Corruption+1","Shrug It Off","Regret","Rage","Anger","Sword Boomerang","Shrug It Off"],"relics":["Burning Blood","Shuriken","Charon\u0027s Ashes","Meat on the Bone","Happy Flower"],"potions_floor_usage":[0,8,8,8],"damage_taken":[{"damage":0,"enemies":"2 Louse","floor":1,"turns":3},{"damage":8,"enemies":"Small Slimes","floor":2,"turns":5},{"damage":5,"enemies":"Jaw Worm","floor":3,"turns":5},{"damage":62,"enemies":"Gremlin Nob","floor":8,"turns":6},{"damage":21,"enemies":"3 Sentries","floor":10,"turns":7},{"damage":1,"enemies":"Exordium Thugs","floor":11,"turns":3},{"damage":2,"enemies":"Looter","floor":13,"turns":3},{"damage":56,"enemies":"Slime Boss","floor":16,"turns":9}],"seed_played":"2716398136344746836","potions_obtained":[{"floor":0,"key":"SteroidPotion"},{"floor":0,"key":"FearPotion"},{"floor":0,"key":"Fruit Juice"},{"floor":1,"key":"Regen Potion"},{"floor":8,"key":"Ancient Potion"},{"floor":13,"key":"LiquidBronze"}],"is_trial":false,"path_per_floor":["M","M","M","$","?","R","$","E","T","E","M","?","M","?","R","B"],"character_chosen":"IRONCLAD","items_purchased":["Corruption","Shrug It Off"],"campfire_rested":0,"item_purchase_floors":[4,4],"current_hp_per_floor":[85,83,84,84,84,84,84,38,38,35,52,41,57,50,50,0],"gold":200,"neow_bonus":"THREE_SMALL_POTIONS","is_prod":false,"is_daily":false,"chose_seed":false,"campfire_upgraded":2,"win_rate":0,"timestamp":1552428474,"path_taken":["M","M","M","$","?","R","$","E","T","E","M","?","M","?","R","BOSS"],"build_version":"2019-01-23","purchased_purges":0,"victory":false,"max_hp_per_floor":[85,85,85,85,85,85,85,85,85,85,85,85,85,85,85,85],"card_choices":[{"not_picked":["Heavy Blade","Headbutt"],"picked":"Burning Pact","floor":1},{"not_picked":["Anger","Clash"],"picked":"Dual Wield","floor":2},{"not_picked":["Wild Strike","Clash"],"picked":"True Grit","floor":3},{"not_picked":["Combust","Ghostly Armor"],"picked":"Rage","floor":8},{"not_picked":["Carnage","Burning Pact"],"picked":"Anger","floor":10},{"not_picked":["Wild Strike","Body Slam"],"picked":"Sword Boomerang","floor":11},{"not_picked":["Whirlwind","Warcry"],"picked":"Shrug It Off","floor":13}],"player_experience":193078,"relics_obtained":[{"floor":8,"key":"Charon\u0027s Ashes"},{"floor":9,"key":"Meat on the Bone"},{"floor":10,"key":"Happy Flower"}],"event_choices":[{"damage_healed":0,"gold_gain":0,"player_choice":"Box","damage_taken":0,"relics_obtained":["Shuriken"],"max_hp_gain":0,"max_hp_loss":0,"event_name":"Big Fish","floor":5,"gold_loss":0,"cards_obtained":["Regret"]},{"damage_healed":0,"gold_gain":75,"player_choice":"Gather Gold","damage_taken":11,"max_hp_gain":0,"max_hp_loss":0,"event_name":"World of Goop","floor":12,"gold_loss":0},{"cards_removed":["Strike_R"],"damage_healed":0,"gold_gain":0,"player_choice":"Card Removal","damage_taken":7,"max_hp_gain":0,"max_hp_loss":0,"event_name":"Golden Wing","floor":14,"gold_loss":0}],"is_beta":false,"boss_relics":[],"items_purged_floors":[],"is_endless":false,"potions_floor_spawned":[1,8,13],"killed_by":"Slime Boss","ascension_level":3}