{"gold_per_floor":[119,139,139,164,6,41,57,57,57,82,106,141,155,190,190,190],"floor_reached":16,"playtime":478,"items_purged":[],"score":174,"play_id":"6dd2d5a2-68e1-47b1-80b2-3f7673da7ca0","local_time":"20190322033938","is_ascension_mode":true,"campfire_choices":[{"floor":8,"key":"REST"},{"floor":15,"key":"REST"}],"neow_cost":"NONE","seed_source_timestamp":444167456421466,"circlet_count":0,"master_deck":["Strike_R","Strike_R","Strike_R","Strike_R","Strike_R","Defend_R","Defend_R","Defend_R","Defend_R","Bash","Perfected Strike","Carnage","Armaments","Offering","Flame Barrier","Headbutt","Pommel Strike","Spot Weakness","Dark Embrace","Shrug It Off"],"relics":["Burning Blood","NeowsBlessing","Golden Idol","Bottled Flame","Dodecahedron","Pen Nib","Singing Bowl"],"potions_floor_usage":[12,16],"damage_taken":[{"damage":0,"enemies":"Jaw Worm","floor":1,"turns":1},{"damage":0,"enemies":"Small Slimes","floor":2,"turns":1},{"damage":0,"enemies":"2 Louse","floor":4,"turns":1},{"damage":43,"enemies":"Gremlin Nob","floor":6,"turns":4},{"damage":11,"enemies":"Gremlin Gang","floor":7,"turns":4},{"damage":8,"enemies":"Large Slime","floor":10,"turns":6},{"damage":11,"enemies":"Looter","floor":11,"turns":2},{"damage":20,"enemies":"Lagavulin","floor":12,"turns":5},{"damage":9,"enemies":"Blue Slaver","floor":13,"turns":3},{"damage":21,"enemies":"3 Sentries","floor":14,"turns":6},{"damage":41,"enemies":"Hexaghost","floor":16,"turns":9}],"seed_played":"-7893473623316142600","potions_obtained":[{"floor":4,"key":"LiquidBronze"},{"floor":10,"key":"PowerPotion"},{"floor":11,"key":"SpeedPotion"},{"floor":13,"key":"Fire Potion"}],"is_trial":false,"path_per_floor":["M","M","?","M","$","E","M","R","T","M","M","E","M","E","R","B"],"character_chosen":"IRONCLAD","items_purchased":["Offering"],"campfire_rested":2,"item_purchase_floors":[5],"current_hp_per_floor":[78,80,74,74,74,37,32,54,54,52,47,33,30,15,37,0],"gold":190,"neow_bonus":"THREE_ENEMY_KILL","is_prod":false,"is_daily":false,"chose_seed":false,"campfire_upgraded":0,"win_rate":0,"timestamp":1553243978,"path_taken":["M","M","?","M","$","E","M","R","T","M","M","E","M","E","R","BOSS"],"build_version":"2019-01-23","purchased_purges":0,"victory":false,"max_hp_per_floor":[80,80,74,74,74,74,74,74,74,74,74,74,74,74,74,74],"card_choices":[{"not_picked":["Flex","Sever Soul"],"picked":"Perfected Strike","floor":1},{"not_picked":["Thunderclap","Warcry"],"picked":"Carnage","floor":2},{"not_picked":["Reckless Charge","Havoc"],"picked":"Armaments","floor":4},{"not_picked":["Body Slam","Armaments"],"picked":"Flame Barrier","floor":6},{"not_picked":["Dropkick","Sword Boomerang"],"picked":"Headbutt","floor":7},{"not_picked":["Anger","Perfected Strike"],"picked":"Pommel Strike","floor":10},{"not_picked":["Rampage","Clash","Pummel"],"picked":"SKIP","floor":11},{"not_picked":["Inflame","Headbutt"],"picked":"Spot Weakness","floor":12},{"not_picked":["Bloodletting","Anger"],"picked":"Dark Embrace","floor":13},{"not_picked":["Reckless Charge","Cleave"],"picked":"Shrug It Off","floor":14}],"player_experience":259331,"relics_obtained":[{"floor":6,"key":"Bottled Flame"},{"floor":9,"key":"Dodecahedron"},{"floor":12,"key":"Pen Nib"},{"floor":14,"key":"Singing Bowl"}],"event_choices":[{"damage_healed":0,"gold_gain":0,"player_choice":"Lose Max HP","damage_taken":0,"relics_obtained":["Golden Idol"],"max_hp_gain":0,"max_hp_loss":6,"event_name":"Golden Idol","floor":3,"gold_loss":0}],"is_beta":false,"boss_relics":[],"items_purged_floors":[],"is_endless":false,"potions_floor_spawned":[4,10,11,13],"killed_by":"Hexaghost","ascension_level":8}