{"gold_per_floor":[212,226,151,164,174,202,302,337,418,418,433,433,460,473,473,473],"floor_reached":16,"playtime":710,"items_purged":["Defend_R"],"score":122,"play_id":"d804195e-33a8-4257-9256-d6b8aeb42ae8","local_time":"20190210215418","is_ascension_mode":false,"campfire_choices":[{"floor":10,"key":"REST"},{"floor":12,"key":"REST"},{"data":"Combust","floor":15,"key":"SMITH"}],"neow_cost":"NONE","seed_source_timestamp":2143972549393891,"circlet_count":0,"master_deck":["Strike_R","Strike_R","Strike_R","Strike_R","Strike_R","Defend_R","Defend_R","Defend_R","Bash","Twin Strike","Combust","Pommel Strike","Anger","Inflame","Combust+1","Flex+1"],"relics":["Burning Blood","Bottled Flame","Unceasing Top","Toxic Egg 2","Strawberry"],"potions_floor_usage":[16,16],"damage_taken":[{"damage":5,"enemies":"Cultist","floor":1,"turns":4},{"damage":0,"enemies":"2 Louse","floor":2,"turns":2},{"damage":1,"enemies":"Jaw Worm","floor":4,"turns":3},{"damage":22,"enemies":"Exordium Thugs","floor":5,"turns":5},{"damage":29,"enemies":"Gremlin Nob","floor":6,"turns":4},{"damage":31,"enemies":"3 Sentries","floor":8,"turns":5},{"damage":23,"enemies":"Gremlin Gang","floor":11,"turns":3},{"damage":21,"enemies":"Gremlin Nob","floor":13,"turns":4},{"damage":10,"enemies":"Lots of Slimes","floor":14,"turns":2},{"damage":34,"enemies":"The Guardian","floor":16,"turns":4}],"seed_played":"-648926077712226480","potions_obtained":[{"floor":1,"key":"SteroidPotion"},{"floor":6,"key":"Swift Potion"},{"floor":8,"key":"Energy Potion"}],"is_trial":false,"path_per_floor":["M","M","$","M","M","E","?","E","T","R","M","R","E","M","R","B"],"character_chosen":"IRONCLAD","items_purchased":[],"campfire_rested":2,"item_purchase_floors":[],"current_hp_per_floor":[80,80,80,80,64,41,41,16,16,40,23,47,39,35,35,1],"gold":473,"neow_bonus":"HUNDRED_GOLD","is_prod":false,"is_daily":false,"chose_seed":false,"campfire_upgraded":1,"win_rate":0.0,"timestamp":1549857258,"path_taken":["M","M","$","M","M","E","?","E","T","R","M","R","E","?","R","BOSS"],"build_version":"2019-01-23","purchased_purges":1,"victory":false,"max_hp_per_floor":[80,80,80,80,80,80,80,80,80,80,80,80,87,87,87,87],"card_choices":[{"not_picked":["Infernal Blade","Dropkick"],"picked":"Twin Strike","floor":1},{"not_picked":["Warcry","Reckless Charge","Heavy Blade"],"picked":"SKIP","floor":2},{"not_picked":["Pommel Strike","Blood for Blood"],"picked":"Combust","floor":4},{"not_picked":["Whirlwind","Shrug It Off"],"picked":"Pommel Strike","floor":5},{"not_picked":["Offering","Reckless Charge"],"picked":"Anger","floor":6},{"not_picked":["Blood for Blood","Twin Strike"],"picked":"Inflame","floor":8},{"not_picked":["Spot Weakness+1","Headbutt"],"picked":"Combust","floor":11},{"not_picked":["Armaments+1","Dark Embrace","True Grit+1"],"picked":"SKIP","floor":13},{"not_picked":["Heavy Blade","True Grit+1"],"picked":"Flex+1","floor":14}],"player_experience":34905,"relics_obtained":[{"floor":6,"key":"Bottled Flame"},{"floor":8,"key":"Unceasing Top"},{"floor":9,"key":"Toxic Egg 2"},{"floor":13,"key":"Strawberry"}],"event_choices":[{"damage_healed":0,"gold_gain":100,"player_choice":"Pray","damage_taken":0,"max_hp_gain":0,"max_hp_loss":0,"event_name":"Golden Shrine","floor":7,"gold_loss":0}],"is_beta":false,"boss_relics":[],"items_purged_floors":[3],"is_endless":false,"potions_floor_spawned":[1,6,8,11,13],"killed_by":"The Guardian","ascension_level":0}