{"gold_per_floor":[112,64,14,14,35,78,101,134,134,134,134,172,191,215,215,343,343,368,391,391,391],"floor_reached":21,"playtime":1456,"items_purged":[],"score":224,"play_id":"d70701bf-caf3-4ffb-b69f-705bbfebb31a","local_time":"20190211155702","is_ascension_mode":false,"campfire_choices":[{"floor":10,"key":"REST"},{"floor":15,"key":"REST"}],"neow_cost":"NONE","seed_source_timestamp":2208192057916838,"circlet_count":0,"master_deck":["Defend_G","Defend_G","Defend_G","Strike_G","Strike_G","Strike_G","Strike_G","Strike_G","Survivor","Neutralize","Tactician","Deadly Poison","Prepared","Backstab","Dodge and Roll","Distraction","Blade Dance","Endless Agony","Acrobatics","Deflect","Noxious Fumes","Die Die Die","Outmaneuver","Terror"],"relics":["Ring of the Snake","NeowsBlessing","Golden Idol","Ancient Tea Set","Pear","Dream Catcher","Omamori","Runic Pyramid"],"potions_floor_usage":[8,16,21],"damage_taken":[{"damage":0,"enemies":"Cultist","floor":1,"turns":1},{"damage":0,"enemies":"2 Louse","floor":5,"turns":2},{"damage":0,"enemies":"3 Sentries","floor":6,"turns":1},{"damage":0,"enemies":"Small Slimes","floor":7,"turns":3},{"damage":30,"enemies":"Gremlin Nob","floor":8,"turns":5},{"damage":24,"enemies":"Lagavulin","floor":12,"turns":7},{"damage":7,"enemies":"Blue Slaver","floor":13,"turns":4},{"damage":16,"enemies":"Exordium Thugs","floor":14,"turns":4},{"damage":25,"enemies":"The Guardian","floor":16,"turns":11},{"damage":22,"enemies":"2 Thieves","floor":18,"turns":4},{"damage":6,"enemies":"3 Byrds","floor":19,"turns":5},{"damage":31,"enemies":"Colosseum Slavers","floor":20,"turns":7},{"damage":35,"enemies":"Shelled Parasite and Fungi","floor":21,"turns":4}],"seed_played":"-6518988366117293960","potions_obtained":[{"floor":7,"key":"Block Potion"},{"floor":12,"key":"Regen Potion"},{"floor":13,"key":"PowerPotion"},{"floor":14,"key":"SpeedPotion"},{"floor":18,"key":"FearPotion"}],"is_trial":false,"path_per_floor":["M","$","?","?","M","E","M","E","T","R","?","E","M","M","R","B",null,"M","M","?","M"],"character_chosen":"THE_SILENT","items_purchased":["Deadly Poison"],"campfire_rested":2,"item_purchase_floors":[2],"current_hp_per_floor":[70,70,70,53,53,53,53,33,33,57,50,26,19,3,27,17,80,58,52,21,0],"gold":391,"neow_bonus":"THREE_ENEMY_KILL","is_prod":false,"is_daily":false,"chose_seed":false,"campfire_upgraded":0,"win_rate":0.0,"timestamp":1549922222,"path_taken":["M","$","?","?","M","E","M","E","T","R","?","E","?","M","R","BOSS","M","M","?","M"],"build_version":"2019-01-23","purchased_purges":0,"victory":false,"max_hp_per_floor":[70,70,70,70,70,70,70,80,80,80,80,80,80,80,80,80,80,80,80,80,80],"card_choices":[{"not_picked":["Dagger Throw","PiercingWail"],"picked":"Tactician","floor":1},{"not_picked":["All Out Attack","Quick Slash"],"picked":"Prepared","floor":5},{"not_picked":["Prepared","Underhanded Strike"],"picked":"Backstab","floor":6},{"not_picked":["Sucker Punch","All Out Attack"],"picked":"Dodge and Roll","floor":7},{"not_picked":["Phantasmal Killer","PiercingWail"],"picked":"Distraction","floor":8},{"not_picked":["Heel Hook","Flying Knee"],"picked":"Blade Dance","floor":10},{"not_picked":["Slice","Backflip"],"picked":"Endless Agony","floor":12},{"not_picked":["Crippling Poison","Bullet Time"],"picked":"Acrobatics","floor":13},{"not_picked":["Slice","Flying Knee"],"picked":"Deflect","floor":14},{"not_picked":["All Out Attack","Escape Plan"],"picked":"Noxious Fumes","floor":15},{"not_picked":["Wraith Form v2","Glass Knife"],"picked":"Die Die Die","floor":16},{"not_picked":["Quick Slash","Predator"],"picked":"Outmaneuver","floor":18},{"not_picked":["Dagger Spray","Deflect"],"picked":"Terror","floor":19}],"player_experience":50021,"relics_obtained":[{"floor":6,"key":"Ancient Tea Set"},{"floor":8,"key":"Pear"},{"floor":9,"key":"Dream Catcher"},{"floor":12,"key":"Omamori"}],"event_choices":[{"cards_removed":["Defend_G"],"damage_healed":0,"gold_gain":0,"player_choice":"Card Removal","damage_taken":0,"max_hp_gain":0,"max_hp_loss":0,"event_name":"The Cleric","floor":3,"gold_loss":50},{"damage_healed":0,"gold_gain":0,"player_choice":"Take Damage","damage_taken":17,"relics_obtained":["Golden Idol"],"max_hp_gain":0,"max_hp_loss":0,"event_name":"Golden Idol","floor":4,"gold_loss":0},{"cards_removed":["Defend_G"],"damage_healed":0,"gold_gain":0,"player_choice":"Card Removal","damage_taken":7,"max_hp_gain":0,"max_hp_loss":0,"event_name":"Golden Wing","floor":11,"gold_loss":0},{"damage_healed":0,"gold_gain":0,"player_choice":"Fight","damage_taken":0,"max_hp_gain":0,"max_hp_loss":0,"event_name":"Colosseum","floor":20,"gold_loss":0},{"damage_healed":0,"gold_gain":0,"player_choice":"Fled From Nobs","damage_taken":0,"max_hp_gain":0,"max_hp_loss":0,"event_name":"Colosseum","floor":20,"gold_loss":0}],"is_beta":false,"boss_relics":[{"not_picked":["Fusion Hammer","Calling Bell"],"picked":"Runic Pyramid"}],"items_purged_floors":[],"is_endless":false,"potions_floor_spawned":[7,12,13,14,18],"killed_by":"Shelled Parasite and Fungi","ascension_level":0}