{"gold_per_floor":[110,128,94,112,33,45,79,79,79,79,99,24,24,53,53,152,152,162,187,197,197,217,217,228,228],"floor_reached":25,"playtime":756,"items_purged":["Strike_R"],"score":298,"play_id":"cbb816e1-9ce4-4f56-89e2-7694d7e14121","local_time":"20190329194055","is_ascension_mode":true,"campfire_choices":[{"data":"Rupture","floor":13,"key":"SMITH"},{"data":"Whirlwind","floor":15,"key":"SMITH"},{"floor":23,"key":"REST"}],"neow_cost":"NONE","seed_source_timestamp":1106379522665639,"circlet_count":0,"master_deck":["Strike_R","Strike_R","Strike_R","Strike_R","Defend_R","Defend_R","Defend_R","Defend_R","Bash","Offering","Spot Weakness","Pummel","Rupture+1","Armaments","Whirlwind+1","Pommel Strike","Seeing Red","Shrug It Off","Clothesline","Demon Form+1","Combust+1","Dual Wield+1","Warcry","True Grit+1"],"relics":["Burning Blood","Blood Vial","Pear","Self Forming Clay","Happy Flower","Cursed Key","Red Mask"],"potions_floor_usage":[16,22,22,25],"damage_taken":[{"damage":6,"enemies":"Cultist","floor":1,"turns":3},{"damage":4,"enemies":"Small Slimes","floor":2,"turns":4},{"damage":7,"enemies":"Jaw Worm","floor":4,"turns":3},{"damage":0,"enemies":"Lots of Slimes","floor":6,"turns":1},{"damage":36,"enemies":"Lagavulin","floor":7,"turns":7},{"damage":0,"enemies":"Exordium Wildlife","floor":11,"turns":4},{"damage":20,"enemies":"Gremlin Nob","floor":14,"turns":4},{"damage":55,"enemies":"Hexaghost","floor":16,"turns":9},{"damage":26,"enemies":"2 Thieves","floor":18,"turns":4},{"damage":36,"enemies":"Masked Bandits","floor":19,"turns":4},{"damage":21,"enemies":"Spheric Guardian","floor":20,"turns":4},{"damage":12,"enemies":"Centurion and Healer","floor":22,"turns":3},{"damage":18,"enemies":"Chosen and Byrds","floor":24,"turns":6},{"damage":36,"enemies":"Slavers","floor":25,"turns":3}],"seed_played":"-1144613534842679739","potions_obtained":[{"floor":1,"key":"LiquidBronze"},{"floor":6,"key":"SpeedPotion"},{"floor":16,"key":"SpeedPotion"},{"floor":18,"key":"Strength Potion"},{"floor":20,"key":"EssenceOfSteel"}],"is_trial":false,"path_per_floor":["M","M","$","M","$","M","E","?","T","?","M","$","R","E","R","B",null,"M","?","M","?","M","R","M","E"],"character_chosen":"IRONCLAD","items_purchased":["Rupture","Whirlwind","Pommel Strike"],"campfire_rested":1,"item_purchase_floors":[3,5,5],"current_hp_per_floor":[72,74,74,73,73,79,49,26,26,90,90,90,90,76,76,29,75,57,29,16,16,12,39,29,0],"gold":228,"neow_bonus":"ONE_RANDOM_RARE_CARD","is_prod":false,"is_daily":false,"chose_seed":false,"campfire_upgraded":2,"win_rate":0,"timestamp":1553906455,"path_taken":["M","?","?","M","$","M","E","?","T","?","?","$","R","E","R","BOSS","M","?","M","?","?","R","M","E"],"build_version":"2019-01-23","purchased_purges":1,"victory":false,"max_hp_per_floor":[80,80,80,80,80,80,80,90,90,90,90,90,90,90,90,90,90,90,90,90,90,90,90,90,90],"card_choices":[{"not_picked":["Havoc","Heavy Blade"],"picked":"Spot Weakness","floor":1},{"not_picked":["Wild Strike","Evolve"],"picked":"Pummel","floor":2},{"not_picked":["Second Wind","Barricade"],"picked":"Armaments","floor":4},{"not_picked":["Infernal Blade","Clothesline"],"picked":"Seeing Red","floor":6},{"not_picked":["Barricade","Whirlwind"],"picked":"Shrug It Off","floor":7},{"not_picked":["Carnage","Spot Weakness"],"picked":"Clothesline","floor":11},{"not_picked":["Anger","Havoc","Burning Pact"],"picked":"SKIP","floor":14},{"not_picked":["Berserk","Barricade"],"picked":"Demon Form","floor":16},{"not_picked":["Body Slam","Blood for Blood","Clothesline"],"picked":"SKIP","floor":18},{"not_picked":["Pommel Strike","Perfected Strike+1"],"picked":"Combust+1","floor":19},{"not_picked":["Uppercut","Thunderclap+1"],"picked":"Dual Wield+1","floor":20},{"not_picked":["Wild Strike+1","Uppercut+1"],"picked":"Warcry","floor":22},{"not_picked":["Cleave","Clash"],"picked":"True Grit+1","floor":24}],"player_experience":271198,"relics_obtained":[{"floor":7,"key":"Blood Vial"},{"floor":9,"key":"Self Forming Clay"},{"floor":14,"key":"Happy Flower"},{"floor":19,"key":"Red Mask"}],"event_choices":[{"damage_healed":0,"gold_gain":0,"player_choice":"Success","damage_taken":33,"relics_obtained":["Pear"],"max_hp_gain":0,"max_hp_loss":0,"event_name":"Scrap Ooze","floor":8,"gold_loss":0},{"damage_healed":64,"gold_gain":0,"player_choice":"Full Heal","damage_taken":0,"max_hp_gain":0,"max_hp_loss":0,"event_name":"Wheel of Change","floor":10,"gold_loss":0},{"damage_healed":0,"gold_gain":0,"player_choice":"Fought Bandits","damage_taken":0,"max_hp_gain":0,"max_hp_loss":0,"event_name":"Masked Bandits","floor":19,"gold_loss":0},{"damage_healed":0,"gold_gain":0,"player_choice":"Upgraded","damage_taken":0,"max_hp_gain":0,"max_hp_loss":0,"event_name":"Upgrade Shrine","floor":21,"gold_loss":0,"cards_upgraded":["Demon Form"]}],"is_beta":false,"boss_relics":[{"not_picked":["Velvet Choker","Orrery"],"picked":"Cursed Key"}],"items_purged_floors":[12],"is_endless":false,"potions_floor_spawned":[1,6,16,18,20],"killed_by":"Slavers","ascension_level":8}