{"gold_per_floor":[119,65,65,65,85,85,116,116,116,144,144,144,103,23,23,100,100,78,3,3,3,14,47,47,62,62,62],"floor_reached":27,"playtime":684,"items_purged":["Strike_G"],"score":481,"play_id":"b58f7916-fa2f-477f-b567-26087eeb209e","local_time":"20190514023740","is_ascension_mode":true,"campfire_choices":[{"data":"Deadly Poison","floor":6,"key":"SMITH"},{"data":"Burst","floor":8,"key":"SMITH"},{"data":"Dagger Spray","floor":11,"key":"SMITH"},{"data":"Footwork","floor":15,"key":"SMITH"},{"floor":24,"key":"REST"}],"neow_cost":"NONE","seed_source_timestamp":1421880854231727,"circlet_count":0,"master_deck":["AscendersBane","Defend_G+1","Defend_G","Defend_G","Defend_G","Defend_G","Strike_G","Strike_G","Strike_G+1","Strike_G","Survivor","Neutralize+1","Dagger Spray+1","Deadly Poison+1","PiercingWail","Burst+1","Underhanded Strike","Infinite Blades","Footwork+1","Wraith Form v2","Dodge and Roll","Acrobatics","Leg Sweep"],"relics":["Ring of the Snake","NeowsBlessing","Oddly Smooth Stone","Potion Belt","Regal Pillow","WristBlade","MutagenicStrength","NlothsMask","Gambling Chip"],"potions_floor_usage":[10,23,27],"damage_taken":[{"damage":0,"enemies":"2 Louse","floor":1,"turns":1},{"damage":0,"enemies":"Jaw Worm","floor":5,"turns":1},{"damage":0,"enemies":"Lagavulin","floor":7,"turns":1},{"damage":18,"enemies":"3 Sentries","floor":10,"turns":12},{"damage":14,"enemies":"Hexaghost","floor":16,"turns":9},{"damage":23,"enemies":"2 Thieves","floor":18,"turns":4},{"damage":0,"enemies":"Chosen","floor":22,"turns":5},{"damage":32,"enemies":"Slavers","floor":23,"turns":7},{"damage":0,"enemies":"Snake Plant","floor":25,"turns":5},{"damage":38,"enemies":"Book of Stabbing","floor":27,"turns":10}],"seed_played":"-6839478857011171382","potions_obtained":[{"floor":5,"key":"Fire Potion"},{"floor":22,"key":"AttackPotion"},{"floor":25,"key":"Energy Potion"}],"is_trial":false,"path_per_floor":["M","$","?","?","M","R","E","R","T","E","R","?","$","$","R","B",null,"M","$","?","?","M","E","R","M","T","E"],"character_chosen":"THE_SILENT","items_purchased":["Deadly Poison","Infinite Blades","Footwork"],"campfire_rested":1,"item_purchase_floors":[2,13,14],"current_hp_per_floor":[59,59,39,61,61,61,61,61,61,43,43,43,43,43,43,29,57,34,34,34,34,34,2,36,36,36,0],"gold":62,"neow_bonus":"THREE_ENEMY_KILL","is_prod":false,"is_daily":false,"chose_seed":false,"campfire_upgraded":4,"win_rate":0,"timestamp":1557819460,"path_taken":["M","$","?","?","M","R","E","R","T","E","R","?","?","$","R","BOSS","M","$","?","?","M","E","R","?","T","E"],"build_version":"2019-01-23","purchased_purges":1,"victory":false,"max_hp_per_floor":[66,66,66,66,66,66,66,66,66,66,66,66,66,66,66,66,66,66,66,66,66,66,66,66,66,66,66],"card_choices":[{"not_picked":["Endless Agony","Outmaneuver"],"picked":"Dagger Spray","floor":1},{"not_picked":["Blade Dance","Sucker Punch"],"picked":"PiercingWail","floor":5},{"not_picked":["Flying Knee","Leg Sweep"],"picked":"Burst","floor":7},{"not_picked":["Skewer","Tactician"],"picked":"Underhanded Strike","floor":10},{"not_picked":["Glass Knife","After Image"],"picked":"Wraith Form v2","floor":16},{"not_picked":["Calculated Gamble","Flying Knee"],"picked":"Dodge and Roll","floor":18},{"not_picked":["Dagger Throw","Prepared"],"picked":"Acrobatics","floor":22},{"not_picked":["Unload","Riddle With Holes","Dagger Throw"],"picked":"SKIP","floor":23},{"not_picked":["Blur","Accuracy"],"picked":"Leg Sweep","floor":25}],"player_experience":418893,"relics_obtained":[{"floor":7,"key":"Oddly Smooth Stone"},{"floor":9,"key":"Potion Belt"},{"floor":10,"key":"Regal Pillow"},{"floor":23,"key":"Gambling Chip"}],"event_choices":[{"damage_healed":0,"gold_gain":0,"player_choice":"Entered Light","damage_taken":20,"max_hp_gain":0,"max_hp_loss":0,"event_name":"Shining Light","floor":3,"gold_loss":0,"cards_upgraded":["Defend_G","Strike_G"]},{"damage_healed":22,"gold_gain":0,"player_choice":"Banana","damage_taken":0,"max_hp_gain":0,"max_hp_loss":0,"event_name":"Big Fish","floor":4,"gold_loss":0},{"damage_healed":0,"gold_gain":0,"player_choice":"Grow","damage_taken":0,"max_hp_gain":0,"max_hp_loss":0,"event_name":"Living Wall","floor":12,"gold_loss":0,"cards_upgraded":["Neutralize"]},{"damage_healed":0,"gold_gain":0,"player_choice":"Inject Mutagens","damage_taken":0,"relics_obtained":["MutagenicStrength"],"max_hp_gain":0,"max_hp_loss":0,"event_name":"Drug Dealer","floor":20,"gold_loss":0},{"damage_healed":0,"gold_gain":0,"player_choice":"Trade","damage_taken":0,"relics_obtained":["NlothsMask"],"max_hp_gain":0,"max_hp_loss":0,"event_name":"FaceTrader","floor":21,"gold_loss":0}],"is_beta":false,"boss_relics":[{"not_picked":["HoveringKite","Astrolabe"],"picked":"WristBlade"}],"items_purged_floors":[19],"is_endless":false,"potions_floor_spawned":[5,22,25],"killed_by":"Book of Stabbing","ascension_level":17}