{"gold_per_floor":[116,116,126,126,29,70,35,35,87,132,42,117,117],"floor_reached":13,"playtime":407,"items_purged":[],"score":102,"play_id":"b0f73161-0325-4008-ab42-2edff8bf6dee","local_time":"20190312171450","is_ascension_mode":true,"campfire_choices":[{"data":"Exhume","floor":8,"key":"SMITH"}],"neow_cost":"NONE","seed_source_timestamp":1783937378589728,"circlet_count":0,"master_deck":["Strike_R","Strike_R","Strike_R","Defend_R","Defend_R","Defend_R","Defend_R","Bash","Dropkick","True Grit","Intimidate","Dual Wield","Pommel Strike","Exhume+1","Burning Pact","Warcry","Flex"],"relics":["Burning Blood","Golden Idol","Orichalcum","MawBank","Pen Nib"],"potions_floor_usage":[6],"damage_taken":[{"damage":1,"enemies":"Cultist","floor":1,"turns":4},{"damage":8,"enemies":"2 Louse","floor":3,"turns":3},{"damage":41,"enemies":"Gremlin Nob","floor":6,"turns":5},{"damage":28,"enemies":"3 Sentries","floor":10,"turns":13},{"damage":20,"enemies":"Lagavulin","floor":13,"turns":5}],"seed_played":"5399180367432330507","potions_obtained":[{"floor":1,"key":"EssenceOfSteel"}],"is_trial":false,"path_per_floor":["M","?","M","?","$","E","?","R","T","E","$","?","E"],"character_chosen":"IRONCLAD","items_purchased":["Dual Wield","Pommel Strike","Warcry","Flex"],"campfire_rested":0,"item_purchase_floors":[5,5,11,11],"current_hp_per_floor":[80,73,71,71,71,36,54,54,54,32,32,21,1],"gold":117,"neow_bonus":"TRANSFORM_CARD","is_prod":false,"is_daily":false,"chose_seed":false,"campfire_upgraded":1,"win_rate":0,"timestamp":1552428890,"path_taken":["M","?","M","?","$","E","?","R","T","E","?","?","E"],"build_version":"2019-01-23","purchased_purges":0,"victory":false,"max_hp_per_floor":[80,80,80,74,74,74,74,74,74,74,74,74,74],"card_choices":[{"not_picked":["Blood for Blood","Sentinel"],"picked":"True Grit","floor":1},{"not_picked":["Clash","Thunderclap"],"picked":"Intimidate","floor":3},{"not_picked":["Cleave","Searing Blow"],"picked":"Exhume","floor":6},{"not_picked":["Reckless Charge","Dual Wield"],"picked":"Burning Pact","floor":10}],"player_experience":193605,"relics_obtained":[{"floor":6,"key":"Orichalcum"},{"floor":9,"key":"MawBank"},{"floor":10,"key":"Pen Nib"}],"event_choices":[{"cards_removed":["Strike_R"],"damage_healed":0,"gold_gain":0,"player_choice":"Card Removal","damage_taken":7,"max_hp_gain":0,"max_hp_loss":0,"event_name":"Golden Wing","floor":2,"gold_loss":0},{"damage_healed":0,"gold_gain":0,"player_choice":"Lose Max HP","damage_taken":0,"relics_obtained":["Golden Idol"],"max_hp_gain":0,"max_hp_loss":6,"event_name":"Golden Idol","floor":4,"gold_loss":0},{"damage_healed":18,"gold_gain":0,"player_choice":"Healed","damage_taken":0,"max_hp_gain":0,"max_hp_loss":0,"event_name":"The Cleric","floor":7,"gold_loss":35},{"damage_healed":0,"gold_gain":75,"player_choice":"Gather Gold","damage_taken":11,"max_hp_gain":0,"max_hp_loss":0,"event_name":"World of Goop","floor":12,"gold_loss":0}],"is_beta":false,"boss_relics":[],"items_purged_floors":[],"is_endless":false,"potions_floor_spawned":[1],"killed_by":"Lagavulin","ascension_level":3}