{"gold_per_floor":[362,40,50,65,77,77,152,162,162,191,191,191,191,204,204,306,306,326,341,341,359,371,371,15,15,15,15,15,43,59,76,76,181,181,197,97,0,0,0,32,32,47,95,95,111,126,126,137,137,137],"floor_reached":51,"playtime":3601,"items_purged":["Strike_B","Heatsinks"],"score":649,"play_id":"82c41b10-01c0-421b-a501-7881313137da","local_time":"20190519220405","is_ascension_mode":false,"campfire_choices":[{"data":"Dualcast","floor":6,"key":"SMITH"},{"floor":13,"key":"REST"},{"floor":15,"key":"REST"},{"data":"Zap","floor":23,"key":"SMITH"},{"data":"Cold Snap","floor":25,"key":"SMITH"},{"floor":28,"key":"REST"},{"floor":32,"key":"REST"},{"data":"Defragment","floor":41,"key":"SMITH"},{"floor":44,"key":"RECALL"},{"data":"Cold Snap","floor":47,"key":"SMITH"},{"data":"Machine Learning","floor":49,"key":"SMITH"}],"neow_cost":"PERCENT_DAMAGE","seed_source_timestamp":251323427997389,"circlet_count":0,"master_deck":["Strike_B+1","Strike_B+1","Strike_B+1","Defend_B+1","Defend_B+1","Defend_B+1","Defend_B+1","Zap+1","Dualcast+1","Cold Snap+1","Cold Snap+1","Skim+1","Machine Learning+1","Auto Shields+1","Redo+1","Coolheaded+1","Creative AI+1","Darkness+1","Conserve Battery+1","Coolheaded+1","Rebound+1","Go for the Eyes+1","Hologram+1","Seek+1","Double Energy+1","Defragment+1","Sunder+1","Tempest+1","Defragment+1","Coolheaded+1"],"relics":["Cracked Core","Toxic Egg 2","PreservedInsect","Bag of Marbles","Orichalcum","Sozu","Ice Cream","Matryoshka","Molten Egg 2","Eternal Feather","Red Mask","Question Card","DataDisk","Art of War"],"potions_floor_usage":[33,33],"damage_taken":[{"damage":0,"enemies":"Small Slimes","floor":1,"turns":3},{"damage":0,"enemies":"Jaw Worm","floor":3,"turns":4},{"damage":2,"enemies":"Cultist","floor":4,"turns":3},{"damage":6,"enemies":"Blue Slaver","floor":5,"turns":4},{"damage":6,"enemies":"Exordium Wildlife","floor":8,"turns":4},{"damage":21,"enemies":"Gremlin Nob","floor":10,"turns":4},{"damage":3,"enemies":"Looter","floor":14,"turns":3},{"damage":42,"enemies":"The Guardian","floor":16,"turns":17},{"damage":7,"enemies":"Spheric Guardian","floor":18,"turns":8},{"damage":10,"enemies":"3 Byrds","floor":19,"turns":4},{"damage":24,"enemies":"Centurion and Healer","floor":21,"turns":10},{"damage":6,"enemies":"Snecko","floor":22,"turns":7},{"damage":35,"enemies":"Slavers","floor":29,"turns":5},{"damage":13,"enemies":"Snake Plant","floor":30,"turns":4},{"damage":1,"enemies":"Chosen and Byrds","floor":31,"turns":5},{"damage":8,"enemies":"Champ","floor":33,"turns":11},{"damage":34,"enemies":"3 Darklings","floor":35,"turns":6},{"damage":35,"enemies":"Reptomancer","floor":40,"turns":8},{"damage":0,"enemies":"3 Shapes","floor":42,"turns":4},{"damage":6,"enemies":"Jaw Worm Horde","floor":45,"turns":5},{"damage":0,"enemies":"Writhing Mass","floor":46,"turns":6},{"damage":0,"enemies":"Maw","floor":48,"turns":7},{"damage":65,"enemies":"Donu and Deca","floor":50,"turns":11}],"seed_played":"-3731868696764233635","potions_obtained":[{"floor":1,"key":"SkillPotion"},{"floor":3,"key":"EntropicBrew"},{"floor":4,"key":"Energy Potion"}],"is_trial":false,"path_per_floor":["M","$","M","M","M","R","?","M","T","E","T","?","R","M","R","B",null,"M","M","?","M","M","R","$","R","T","?","R","E","M","M","R","B",null,"M","$","?","?","?","E","R","M","T","R","M","M","R","M","R","B",null],"character_chosen":"DEFECT","items_purchased":["Toxic Egg 2","Ice Cream","Coolheaded+1"],"campfire_rested":4,"item_purchase_floors":[2,24,24],"current_hp_per_floor":[54,54,54,52,46,46,35,29,29,8,8,8,30,27,49,7,75,68,58,58,34,28,28,28,28,28,28,50,15,2,1,23,15,75,41,41,41,41,71,36,51,51,51,66,60,60,71,71,71,6],"gold":137,"neow_bonus":"TWO_FIFTY_GOLD","is_prod":false,"is_daily":false,"chose_seed":false,"campfire_upgraded":6,"win_rate":0,"timestamp":1558328645,"path_taken":["M","$","M","M","M","R","?","M","T","E","?","?","R","M","R","BOSS","M","M","?","?","M","R","$","R","T","?","R","E","M","M","R","BOSS","M","$","?","?","?","E","R","M","T","R","M","M","R","M","R","BOSS"],"build_version":"2019-01-23","purchased_purges":2,"victory":true,"max_hp_per_floor":[75,75,75,75,75,75,75,75,75,75,75,75,75,75,75,75,75,75,75,75,75,75,75,75,75,75,75,75,75,75,75,75,75,75,75,75,75,71,71,71,71,71,71,71,71,71,71,71,71,71],"card_choices":[{"not_picked":["Melter","Barrage"],"picked":"Cold Snap","floor":1},{"not_picked":["Leap+1","Hologram+1"],"picked":"Cold Snap","floor":3},{"not_picked":["Sweeping Beam","Streamline"],"picked":"Skim+1","floor":4},{"not_picked":["Cold Snap","Rebound"],"picked":"Machine Learning","floor":5},{"not_picked":["Skim+1","Hello World"],"picked":"Auto Shields+1","floor":8},{"not_picked":["Core Surge","Static Discharge"],"picked":"Redo+1","floor":10},{"not_picked":["BootSequence+1","Beam Cell"],"picked":"Coolheaded+1","floor":14},{"not_picked":["All For One","Hyperbeam"],"picked":"Creative AI","floor":16},{"not_picked":["Glacier+1","Auto Shields+1"],"picked":"Darkness+1","floor":18},{"not_picked":["Compile Driver+1","Rip and Tear"],"picked":"Conserve Battery+1","floor":19},{"not_picked":["Rebound","Go for the Eyes","Gash+1"],"picked":"SKIP","floor":21},{"not_picked":["Rebound","Reprogram+1"],"picked":"Heatsinks","floor":22},{"not_picked":["Stack+1","Steam Power+1"],"picked":"Rebound","floor":29},{"not_picked":["Skim+1","Stack+1"],"picked":"Go for the Eyes+1","floor":30},{"not_picked":["Chaos+1","Go for the Eyes+1"],"picked":"Hologram+1","floor":31},{"not_picked":["Buffer","Reboot+1"],"picked":"Seek+1","floor":33},{"not_picked":["Streamline+1","Reprogram+1"],"picked":"Double Energy+1","floor":35},{"not_picked":["FTL+1","Steam+1"],"picked":"Defragment","floor":40},{"not_picked":["Conserve Battery+1","Sweeping Beam+1","Go for the Eyes+1"],"picked":"Sunder+1","floor":42},{"not_picked":["Sunder+1","Reprogram+1","Ball Lightning+1"],"picked":"Tempest+1","floor":45},{"not_picked":["Cold Snap+1","Compile Driver+1","Beam Cell+1"],"picked":"Defragment+1","floor":46},{"not_picked":["Leap+1","Chill+1","Streamline+1"],"picked":"Coolheaded+1","floor":48}],"player_experience":196608,"relics_obtained":[{"floor":9,"key":"PreservedInsect"},{"floor":10,"key":"Bag of Marbles"},{"floor":11,"key":"Orichalcum"},{"floor":26,"key":"Matryoshka"},{"floor":29,"key":"Molten Egg 2"},{"floor":40,"key":"Question Card"},{"floor":43,"key":"DataDisk"},{"floor":43,"key":"Art of War"}],"event_choices":[{"damage_healed":0,"gold_gain":75,"player_choice":"Gather Gold","damage_taken":11,"max_hp_gain":0,"max_hp_loss":0,"event_name":"World of Goop","floor":7,"gold_loss":0},{"damage_healed":0,"gold_gain":0,"player_choice":"Ignored","damage_taken":0,"max_hp_gain":0,"max_hp_loss":0,"event_name":"Liars Game","floor":12,"gold_loss":0},{"damage_healed":0,"gold_gain":0,"player_choice":"Upgraded","damage_taken":0,"max_hp_gain":0,"max_hp_loss":0,"event_name":"Upgrade Shrine","floor":20,"gold_loss":0,"cards_upgraded":["Creative AI"]},{"damage_healed":0,"gold_gain":0,"player_choice":"Simplicity","damage_taken":0,"max_hp_gain":0,"max_hp_loss":0,"event_name":"Back to Basics","floor":27,"gold_loss":0,"cards_upgraded":["Strike_B","Strike_B","Strike_B","Defend_B","Defend_B","Defend_B","Defend_B"]},{"damage_healed":0,"gold_gain":0,"player_choice":"Paid","damage_taken":0,"relics_obtained":["Red Mask"],"max_hp_gain":0,"max_hp_loss":0,"event_name":"Tomb of Lord Red Mask","floor":37,"gold_loss":97},{"damage_healed":0,"gold_gain":0,"player_choice":"Max HP","damage_taken":0,"max_hp_gain":0,"max_hp_loss":4,"event_name":"Winding Halls","floor":38,"gold_loss":0},{"damage_healed":30,"gold_gain":0,"player_choice":"Full Heal","damage_taken":0,"max_hp_gain":0,"max_hp_loss":0,"event_name":"Wheel of Change","floor":39,"gold_loss":0}],"is_beta":false,"boss_relics":[{"not_picked":["Calling Bell","Velvet Choker"],"picked":"Sozu"},{"not_picked":["Lizard Tail","Black Star"],"picked":"Eternal Feather"}],"items_purged_floors":[2,36],"is_endless":false,"potions_floor_spawned":[1,3,4,18,21,22,29,31,35,46],"ascension_level":0}