{"gold_per_floor":[118,137,147,161,126,157,157,183,210,221,221,231,231,251,251,350,350,370,56,68,68],"floor_reached":21,"playtime":816,"items_purged":[],"score":261,"play_id":"95b22f81-fce8-42af-bbf8-2dcae2d4010e","local_time":"20190314221313","is_ascension_mode":true,"campfire_choices":[{"data":"Double Tap","floor":7,"key":"SMITH"},{"data":"Armaments","floor":13,"key":"SMITH"},{"data":"True Grit","floor":15,"key":"SMITH"}],"neow_cost":"NONE","seed_source_timestamp":117450845819317,"circlet_count":0,"master_deck":["Strike_R","Strike_R","Defend_R","Defend_R","Defend_R","Defend_R","Bash","Thunderclap","Armaments+1","Double Tap+1","Inflame","Headbutt","Sword Boomerang","Twin Strike","Shrug It Off","True Grit+1","Dark Embrace","Warcry","Juggernaut","Spot Weakness"],"relics":["Burning Blood","NeowsBlessing","Ancient Tea Set","PreservedInsect","Lantern","Empty Cage","Bottled Tornado"],"potions_floor_usage":[14,16,21,21],"damage_taken":[{"damage":0,"enemies":"Cultist","floor":1,"turns":1},{"damage":0,"enemies":"Small Slimes","floor":2,"turns":1},{"damage":0,"enemies":"Jaw Worm","floor":3,"turns":1},{"damage":34,"enemies":"Gremlin Gang","floor":4,"turns":7},{"damage":25,"enemies":"Gremlin Nob","floor":6,"turns":4},{"damage":20,"enemies":"Lagavulin","floor":8,"turns":5},{"damage":8,"enemies":"Blue Slaver","floor":10,"turns":4},{"damage":1,"enemies":"2 Fungi Beasts","floor":12,"turns":2},{"damage":13,"enemies":"Gremlin Gang","floor":14,"turns":3},{"damage":21,"enemies":"Slime Boss","floor":16,"turns":7},{"damage":14,"enemies":"Shell Parasite","floor":18,"turns":8},{"damage":24,"enemies":"3 Byrds","floor":20,"turns":6},{"damage":36,"enemies":"3 Cultists","floor":21,"turns":5}],"seed_played":"-2329158094797607083","potions_obtained":[{"floor":2,"key":"SpeedPotion"},{"floor":3,"key":"SteroidPotion"},{"floor":6,"key":"LiquidBronze"},{"floor":12,"key":"Strength Potion"},{"floor":16,"key":"Ancient Potion"},{"floor":20,"key":"Swift Potion"}],"is_trial":false,"path_per_floor":["M","M","M","M","?","E","R","E","T","M","?","M","R","M","R","B",null,"M","$","M","M"],"character_chosen":"IRONCLAD","items_purchased":["Bottled Tornado","Juggernaut"],"campfire_rested":0,"item_purchase_floors":[19,19],"current_hp_per_floor":[78,80,80,52,72,53,53,39,39,37,37,42,42,35,35,20,65,57,57,39,3],"gold":68,"neow_bonus":"THREE_ENEMY_KILL","is_prod":false,"is_daily":false,"chose_seed":false,"campfire_upgraded":3,"win_rate":0,"timestamp":1552619593,"path_taken":["M","M","?","M","?","E","R","E","T","M","?","M","R","M","R","BOSS","M","$","M","M"],"build_version":"2019-01-23","purchased_purges":0,"victory":false,"max_hp_per_floor":[80,80,80,80,80,80,80,80,80,80,80,80,80,80,80,80,80,80,80,80,80],"card_choices":[{"not_picked":["Clash","Inflame"],"picked":"Thunderclap","floor":1},{"not_picked":["Iron Wave","Twin Strike"],"picked":"Armaments","floor":2},{"not_picked":["Pummel","Iron Wave"],"picked":"Double Tap","floor":3},{"not_picked":["Carnage","Pommel Strike"],"picked":"Inflame","floor":4},{"not_picked":["Bloodletting","Heavy Blade"],"picked":"Headbutt","floor":6},{"not_picked":["Inflame","Body Slam"],"picked":"Sword Boomerang","floor":8},{"not_picked":["Second Wind","Clash"],"picked":"Twin Strike","floor":10},{"not_picked":["Havoc","Cleave"],"picked":"Shrug It Off","floor":12},{"not_picked":["Iron Wave","Exhume"],"picked":"True Grit","floor":14},{"not_picked":["Juggernaut","Berserk"],"picked":"Dark Embrace","floor":16},{"not_picked":["Pommel Strike","Thunderclap"],"picked":"Warcry","floor":18},{"not_picked":["Evolve","Iron Wave"],"picked":"Spot Weakness","floor":20}],"player_experience":210717,"relics_obtained":[{"floor":6,"key":"Ancient Tea Set"},{"floor":8,"key":"PreservedInsect"},{"floor":9,"key":"Lantern"}],"event_choices":[{"damage_healed":20,"gold_gain":0,"player_choice":"Healed","damage_taken":0,"max_hp_gain":0,"max_hp_loss":0,"event_name":"The Cleric","floor":5,"gold_loss":35},{"cards_removed":["Strike_R"],"damage_healed":0,"gold_gain":0,"player_choice":"Offered Basic","damage_taken":0,"max_hp_gain":0,"max_hp_loss":0,"event_name":"Bonfire Elementals","floor":11,"gold_loss":0}],"is_beta":false,"boss_relics":[{"not_picked":["Pandora\u0027s Box","Tiny House"],"picked":"Empty Cage"}],"items_purged_floors":[],"is_endless":false,"potions_floor_spawned":[2,3,6,12,16,20],"killed_by":"3 Cultists","ascension_level":7}