{"gold_per_floor":[109,109,119,139,89,89,109,168,191,202,12,12,39,39,39,138,138,148,148,148,167,167,167,167],"floor_reached":24,"playtime":961,"items_purged":[],"score":214,"play_id":"66300671-297d-4f1b-b7d3-031c003b2fca","local_time":"20190527131630","is_ascension_mode":true,"campfire_choices":[{"data":"Zap","floor":6,"key":"SMITH"},{"floor":12,"key":"REST"},{"floor":15,"key":"REST"},{"floor":23,"key":"REST"}],"neow_cost":"NONE","seed_source_timestamp":161639856255700,"circlet_count":0,"master_deck":["Strike_B+1","Defend_B","Defend_B","Defend_B","Defend_B","Zap+1","Dualcast","FTL+1","Cold Snap","Cold Snap","Chaos","White Noise","Cold Snap","Seek","Core Surge","Defragment","Capacitor","Scrape","Chaos+1"],"relics":["Cracked Core","Tiny Chest","Blood Vial","Runic Capacitor","PreservedInsect","White Beast Statue","Shuriken"],"potions_floor_usage":[24,24],"damage_taken":[{"damage":0,"enemies":"Small Slimes","floor":1,"turns":4},{"damage":1,"enemies":"Jaw Worm","floor":3,"turns":3},{"damage":0,"enemies":"Cultist","floor":4,"turns":3},{"damage":0,"enemies":"Exordium Wildlife","floor":7,"turns":2},{"damage":20,"enemies":"Gremlin Nob","floor":8,"turns":4},{"damage":15,"enemies":"Gremlin Gang","floor":10,"turns":3},{"damage":21,"enemies":"3 Sentries","floor":13,"turns":7},{"damage":34,"enemies":"The Guardian","floor":16,"turns":11},{"damage":12,"enemies":"Shell Parasite","floor":18,"turns":5},{"damage":26,"enemies":"3 Byrds","floor":21,"turns":5},{"damage":72,"enemies":"Slavers","floor":24,"turns":4}],"seed_played":"2642372670651785446","potions_obtained":[{"floor":3,"key":"FearPotion"},{"floor":4,"key":"GamblersBrew"},{"floor":10,"key":"Energy Potion"}],"is_trial":false,"path_per_floor":["M","?","M","M","?","R","M","E","T","M","$","R","E","?","R","B",null,"M","?","?","M","T","R","E"],"character_chosen":"DEFECT","items_purchased":["Runic Capacitor"],"campfire_rested":3,"item_purchase_floors":[11],"current_hp_per_floor":[82,66,65,65,65,65,65,45,45,32,32,56,37,30,54,22,82,70,70,70,46,46,70,0],"gold":167,"neow_bonus":"TEN_PERCENT_HP_BONUS","is_prod":false,"is_daily":false,"chose_seed":false,"campfire_upgraded":1,"win_rate":0,"timestamp":1558977390,"path_taken":["M","?","M","M","?","R","M","E","T","M","$","R","E","?","R","BOSS","M","?","?","?","?","R","E"],"build_version":"2019-01-23","purchased_purges":0,"victory":false,"max_hp_per_floor":[82,82,82,82,82,82,82,82,82,82,82,82,82,82,82,82,82,82,82,82,82,82,82,82],"card_choices":[{"not_picked":["Rebound","Streamline"],"picked":"FTL","floor":1},{"not_picked":["Barrage","Redo"],"picked":"Cold Snap","floor":3},{"not_picked":["Double Energy","Barrage"],"picked":"Cold Snap","floor":4},{"not_picked":["Gash","Reboot"],"picked":"Chaos","floor":7},{"not_picked":["Compile Driver","Force Field"],"picked":"White Noise","floor":8},{"not_picked":["Undo","Turbo"],"picked":"Cold Snap","floor":10},{"not_picked":["Gash","Redo"],"picked":"Seek","floor":13},{"not_picked":["All For One","Reboot"],"picked":"Core Surge","floor":16},{"not_picked":["Ball Lightning+1","Sweeping Beam+1"],"picked":"Defragment","floor":18},{"not_picked":["Rebound","Tempest"],"picked":"Chaos+1","floor":21}],"player_experience":53132,"relics_obtained":[{"floor":8,"key":"Tiny Chest"},{"floor":9,"key":"Blood Vial"},{"floor":13,"key":"PreservedInsect"},{"floor":22,"key":"Shuriken"}],"event_choices":[{"damage_healed":0,"gold_gain":0,"player_choice":"Entered Light","damage_taken":16,"max_hp_gain":0,"max_hp_loss":0,"event_name":"Shining Light","floor":2,"gold_loss":0,"cards_upgraded":["FTL","Strike_B"]},{"cards_removed":["Strike_B"],"damage_healed":0,"gold_gain":0,"player_choice":"Card Removal","damage_taken":0,"max_hp_gain":0,"max_hp_loss":0,"event_name":"The Cleric","floor":5,"gold_loss":50},{"cards_removed":["Strike_B"],"damage_healed":0,"gold_gain":0,"player_choice":"Card Removal","damage_taken":7,"max_hp_gain":0,"max_hp_loss":0,"event_name":"Golden Wing","floor":14,"gold_loss":0},{"damage_healed":0,"gold_gain":0,"player_choice":"Read","damage_taken":0,"max_hp_gain":0,"max_hp_loss":0,"event_name":"The Library","floor":19,"gold_loss":0,"cards_obtained":["Capacitor"]},{"damage_healed":0,"gold_gain":0,"cards_transformed":["Strike_B"],"player_choice":"Transformed","damage_taken":0,"max_hp_gain":0,"max_hp_loss":0,"event_name":"Transmorgrifier","floor":20,"gold_loss":0,"cards_obtained":["Scrape"]}],"is_beta":false,"boss_relics":[{"not_picked":["Runic Dome","Runic Pyramid"],"picked":"White Beast Statue"}],"items_purged_floors":[],"is_endless":false,"potions_floor_spawned":[3,4,10,16,18,21],"killed_by":"Slavers","ascension_level":1}