{"gold_per_floor":[19,19,31,50,67,79,79,32,32,32,46,60,75,90,90,213,213,236,62,53,53,70,70,80,80,80,80,94,109,119,137,137,234,234,252,6,20,20,31,61,73,98,181,212,242,277,306,318,330,342],"floor_reached":51,"playtime":4488,"items_purged":["Normality","Flechettes"],"score":633,"play_id":"cbe8c60d-2f33-450d-8d75-4b110774fcfb","local_time":"20190517010545","is_ascension_mode":false,"campfire_choices":[{"data":"Neutralize","floor":7,"key":"SMITH"},{"data":"Sucker Punch","floor":15,"key":"SMITH"},{"floor":23,"key":"REST"},{"floor":25,"key":"REST"},{"floor":32,"key":"REST"},{"floor":49,"key":"REST"}],"neow_cost":"NO_GOLD","seed_source_timestamp":135495480837686,"circlet_count":0,"master_deck":["Defend_G+1","Defend_G+1","Defend_G+1","Defend_G+1","Strike_G+1","Strike_G+1","Strike_G+1","Strike_G+1","Survivor+1","Neutralize+1","Dagger Spray+1","Dash+1","Sucker Punch+1","Caltrops+1","After Image+1","Blade Dance+1","Accuracy+1","Blade Dance+1","Deflect+1","Dagger Spray+1","Tools of the Trade+1","Cloak And Dagger+1","Deflect+1","PiercingWail+1","After Image+1","Noxious Fumes+1","Expertise+1","Parasite","Flying Knee+1","Terror+1","Madness+1","Madness+1","Blur+1","Flying Knee+1"],"relics":["Ring of the Snake","Unceasing Top","Paper Crane","Bloody Idol","Calling Bell","Strawberry","Toxic Egg 2","Nunchaku","Bottled Tornado","Fusion Hammer","Oddly Smooth Stone","MawBank","Ornamental Fan","War Paint","Mark of the Bloom"],"potions_floor_usage":[24,24,24],"damage_taken":[{"damage":0,"enemies":"Jaw Worm","floor":1,"turns":5},{"damage":0,"enemies":"2 Louse","floor":3,"turns":4},{"damage":2,"enemies":"Small Slimes","floor":4,"turns":3},{"damage":0,"enemies":"3 Louse","floor":5,"turns":3},{"damage":4,"enemies":"Gremlin Gang","floor":6,"turns":6},{"damage":0,"enemies":"Blue Slaver","floor":11,"turns":4},{"damage":0,"enemies":"2 Fungi Beasts","floor":12,"turns":2},{"damage":5,"enemies":"Gremlin Gang","floor":13,"turns":4},{"damage":0,"enemies":"Large Slime","floor":14,"turns":5},{"damage":50,"enemies":"Slime Boss","floor":16,"turns":16},{"damage":13,"enemies":"Chosen","floor":18,"turns":7},{"damage":9,"enemies":"2 Thieves","floor":20,"turns":4},{"damage":52,"enemies":"Sentry and Sphere","floor":22,"turns":7},{"damage":19,"enemies":"Shelled Parasite and Fungi","floor":24,"turns":7},{"damage":15,"enemies":"Chosen and Byrds","floor":28,"turns":6},{"damage":8,"enemies":"Centurion and Healer","floor":29,"turns":8},{"damage":25,"enemies":"Sentry and Sphere","floor":30,"turns":6},{"damage":0,"enemies":"Snake Plant","floor":31,"turns":5},{"damage":28,"enemies":"Champ","floor":33,"turns":17},{"damage":19,"enemies":"3 Darklings","floor":35,"turns":6},{"damage":6,"enemies":"Orb Walker","floor":37,"turns":4},{"damage":0,"enemies":"Writhing Mass","floor":39,"turns":9},{"damage":8,"enemies":"Nemesis","floor":40,"turns":9},{"damage":4,"enemies":"Transient","floor":42,"turns":5},{"damage":9,"enemies":"Sphere and 2 Shapes","floor":44,"turns":5},{"damage":26,"enemies":"4 Shapes","floor":45,"turns":8},{"damage":8,"enemies":"Transient","floor":47,"turns":5},{"damage":2,"enemies":"Donu and Deca","floor":50,"turns":11}],"seed_played":"-1615116208016602652","potions_obtained":[{"floor":5,"key":"Energy Potion"},{"floor":12,"key":"Dexterity Potion"},{"floor":14,"key":"Fire Potion"},{"floor":16,"key":"Poison Potion"},{"floor":33,"key":"Ancient Potion"},{"floor":39,"key":"Ancient Potion"},{"floor":42,"key":"Ancient Potion"},{"floor":47,"key":"GamblersBrew"}],"is_trial":false,"path_per_floor":["M","?","M","M","M","M","R","$","T","?","M","M","M","M","R","B",null,"M","$","M","?","M","R","M","R","T","?","M","M","M","M","R","B",null,"M","$","M","?","M","E","?","M","T","M","M","T","M","?","R","B",null],"character_chosen":"THE_SILENT","items_purchased":["Sucker Punch","Accuracy","Blade Dance+1","Oddly Smooth Stone"],"campfire_rested":4,"item_purchase_floors":[8,19,19,36],"current_hp_per_floor":[70,63,63,61,61,57,57,57,57,57,57,57,52,52,52,2,77,64,64,55,55,8,31,17,40,40,40,30,27,7,12,35,12,77,63,63,62,62,67,64,59,65,75,73,56,66,68,73,73,71],"gold":354,"neow_bonus":"ONE_RARE_RELIC","is_prod":false,"is_daily":false,"chose_seed":false,"campfire_upgraded":2,"win_rate":0.0,"timestamp":1558080345,"path_taken":["M","?","M","M","M","M","R","?","T","?","M","M","M","M","R","BOSS","M","$","M","?","M","R","M","R","T","?","M","M","M","M","R","BOSS","M","$","?","?","M","E","?","M","T","M","M","?","M","?","R","BOSS"],"build_version":"2019-01-23","purchased_purges":2,"victory":true,"max_hp_per_floor":[70,70,70,70,70,70,70,70,70,70,70,70,70,70,70,70,77,77,77,77,77,77,77,77,77,77,77,77,77,77,77,77,77,77,77,77,77,77,77,77,77,77,77,77,77,77,77,77,77,77],"card_choices":[{"not_picked":["PiercingWail","Underhanded Strike","Acrobatics"],"picked":"SKIP","floor":1},{"not_picked":["Slice","Dodge and Roll"],"picked":"Dagger Spray","floor":3},{"not_picked":["Prepared","Quick Slash"],"picked":"Dash","floor":4},{"not_picked":["Choke","Bullet Time","Riddle With Holes"],"picked":"SKIP","floor":5},{"not_picked":["Dodge and Roll","Cloak And Dagger"],"picked":"Flechettes","floor":6},{"not_picked":["Deadly Poison","Outmaneuver","PiercingWail"],"picked":"SKIP","floor":11},{"not_picked":["Deflect","Sucker Punch","Flying Knee"],"picked":"SKIP","floor":12},{"not_picked":["PiercingWail","Underhanded Strike","Deflect"],"picked":"SKIP","floor":13},{"not_picked":["Prepared","PiercingWail"],"picked":"Caltrops","floor":14},{"not_picked":["Storm of Steel","Doppelganger"],"picked":"After Image","floor":16},{"not_picked":["Finisher","Dodge and Roll+1"],"picked":"Blade Dance+1","floor":18},{"not_picked":["All Out Attack+1","Distraction+1","Deadly Poison+1"],"picked":"SKIP","floor":20},{"not_picked":["Dagger Spray","Deadly Poison+1"],"picked":"Deflect+1","floor":22},{"not_picked":["Slice","Tactician+1"],"picked":"Dagger Spray+1","floor":24},{"not_picked":["Bouncing Flask+1","Reflex+1"],"picked":"Tools of the Trade","floor":28},{"not_picked":["Flying Knee","Slice+1"],"picked":"Cloak And Dagger+1","floor":29},{"not_picked":["Caltrops","Concentrate+1"],"picked":"Deflect+1","floor":30},{"not_picked":["Acrobatics+1","Concentrate+1"],"picked":"PiercingWail+1","floor":31},{"not_picked":["Bullet Time+1","Tools of the Trade"],"picked":"After Image","floor":33},{"not_picked":["Slice+1","Outmaneuver+1"],"picked":"Noxious Fumes","floor":35},{"not_picked":["Dagger Throw","Flechettes+1"],"picked":"Expertise+1","floor":37},{"not_picked":["Dagger Throw","Flechettes"],"picked":"Flying Knee+1","floor":39},{"not_picked":["Prepared+1","Catalyst+1"],"picked":"Terror+1","floor":40},{"not_picked":["PiercingWail+1","Slice+1","Dagger Throw"],"picked":"SKIP","floor":42},{"not_picked":["All Out Attack","Cloak And Dagger+1"],"picked":"Blur+1","floor":44},{"not_picked":["Slice","Backstab","Terror+1"],"picked":"SKIP","floor":45},{"not_picked":["Poisoned Stab+1","Endless Agony+1"],"picked":"Flying Knee+1","floor":47}],"player_experience":101420,"relics_obtained":[{"floor":9,"key":"Paper Crane"},{"floor":17,"key":"Strawberry"},{"floor":17,"key":"Toxic Egg 2"},{"floor":17,"key":"Nunchaku"},{"floor":26,"key":"Bottled Tornado"},{"floor":40,"key":"MawBank"},{"floor":43,"key":"Ornamental Fan"},{"floor":46,"key":"War Paint"}],"event_choices":[{"cards_removed":["Defend_G"],"damage_healed":0,"gold_gain":0,"player_choice":"Card Removal","damage_taken":7,"max_hp_gain":0,"max_hp_loss":0,"event_name":"Golden Wing","floor":2,"gold_loss":0},{"damage_healed":0,"gold_gain":0,"player_choice":"Take Wound","damage_taken":0,"relics_obtained":["Golden Idol"],"max_hp_gain":0,"max_hp_loss":0,"event_name":"Golden Idol","floor":10,"gold_loss":0,"cards_obtained":["Injury"]},{"damage_healed":0,"gold_gain":0,"player_choice":"Gave Idol","damage_taken":0,"relics_obtained":["Bloody Idol"],"max_hp_gain":0,"max_hp_loss":0,"event_name":"Forgotten Altar","floor":21,"relics_lost":["Golden Idol"],"gold_loss":0},{"cards_removed":["Writhe","Decay","Injury"],"damage_healed":0,"gold_gain":0,"player_choice":"Removed Curses","damage_taken":0,"max_hp_gain":0,"max_hp_loss":0,"event_name":"Fountain of Cleansing","floor":27,"gold_loss":0},{"cards_removed":["Strike_G"],"damage_healed":0,"gold_gain":0,"player_choice":"Removed Attack","damage_taken":0,"max_hp_gain":0,"max_hp_loss":0,"event_name":"Falling","floor":38,"gold_loss":0},{"damage_healed":0,"gold_gain":0,"player_choice":"Embrace Madness","damage_taken":10,"max_hp_gain":0,"max_hp_loss":0,"event_name":"Winding Halls","floor":41,"gold_loss":0,"cards_obtained":["Madness","Madness"]},{"damage_healed":0,"gold_gain":0,"player_choice":"Upgrade","damage_taken":0,"relics_obtained":["Mark of the Bloom"],"max_hp_gain":0,"max_hp_loss":0,"event_name":"MindBloom","floor":48,"gold_loss":0,"cards_upgraded":["Defend_G","Defend_G","Strike_G","Strike_G","Strike_G","Strike_G","Survivor","Dagger Spray","Dash","Caltrops","After Image","Accuracy","Tools of the Trade","After Image","Noxious Fumes"]}],"is_beta":false,"boss_relics":[{"not_picked":["White Beast Statue","Lizard Tail"],"picked":"Calling Bell"},{"not_picked":["HoveringKite","Runic Dome"],"picked":"Fusion Hammer"}],"items_purged_floors":[19,36],"is_endless":false,"potions_floor_spawned":[5,12,14,16,18,22,33,39,42,44,47],"ascension_level":0}