{"gold_per_floor":[117,117,117,133,133,177,177,217,217,217,16,16,37,37,37,126,126,149,170,23,23,23,23,42,42,42,42,72,85,95,25,25,102,102,114,128,28,28,40,75,75,86,86,414,294,309,309,342,342,342],"floor_reached":51,"playtime":2688,"items_purged":["Strike_G","Strike_G","Strike_G+1","Strike_G+1"],"score":1412,"play_id":"d90846f4-e57e-437f-bb95-aaee9fe2ddbf","local_time":"20190514142522","is_ascension_mode":true,"campfire_choices":[{"floor":7.0,"key":"REST"},{"floor":10.0,"key":"REST"},{"data":"Predator","floor":12.0,"key":"SMITH"},{"floor":15.0,"key":"REST"},{"data":"Leg Sweep","floor":23.0,"key":"SMITH"},{"floor":25.0,"key":"REST"},{"data":"Backstab","floor":27.0,"key":"SMITH"},{"floor":32.0,"key":"REST"},{"floor":41,"key":"REST"},{"floor":47,"key":"REST"},{"floor":49,"key":"REST"}],"neow_cost":"NONE","seed_source_timestamp":1462195355807124,"circlet_count":0,"master_deck":["AscendersBane","Defend_G","Defend_G+1","Defend_G","Defend_G","Defend_G","Strike_G+1","Survivor","Neutralize+1","Quick Slash+1","Deadly Poison","Leg Sweep+1","Predator+1","Deadly Poison+1","Bouncing Flask+1","Cloak And Dagger+1","Blur+1","Bullet Time+1","Backstab+1","Cloak And Dagger+1","Escape Plan+1","Dagger Spray+1","Deflect+1","Calculated Gamble+1","Acrobatics+1","Noxious Fumes","Burst+1","Escape Plan+1","Well Laid Plans+1","PiercingWail+1"],"special_seed":0,"relics":["Ring of the Snake","Bloody Idol","The Courier","Oddly Smooth Stone","Toxic Egg 2","Black Star","Ninja Scroll","Paper Crane","Whetstone","Lizard Tail","Singing Bowl","Ancient Tea Set","Vajra","Old Coin","Lantern","The Specimen","Bronze Scales"],"potions_floor_usage":[33,36,50],"damage_taken":[{"damage":4.0,"enemies":"Cultist","floor":1.0,"turns":5.0},{"damage":4.0,"enemies":"Small Slimes","floor":4.0,"turns":3.0},{"damage":28.0,"enemies":"Lagavulin","floor":6.0,"turns":10.0},{"damage":23.0,"enemies":"3 Sentries","floor":8.0,"turns":14.0},{"damage":0.0,"enemies":"Jaw Worm","floor":13.0,"turns":3.0},{"damage":9.0,"enemies":"The Guardian","floor":16.0,"turns":8.0},{"damage":8.0,"enemies":"Shell Parasite","floor":18.0,"turns":4.0},{"damage":0.0,"enemies":"Chosen","floor":19.0,"turns":3.0},{"damage":5.0,"enemies":"Centurion and Healer","floor":24.0,"turns":7.0},{"damage":32.0,"enemies":"Book of Stabbing","floor":28.0,"turns":6.0},{"damage":3.0,"enemies":"3 Cultists","floor":29.0,"turns":6.0},{"damage":7.0,"enemies":"Snecko","floor":30.0,"turns":5.0},{"damage":9,"enemies":"Champ","floor":33,"turns":11},{"damage":23,"enemies":"Orb Walker","floor":35,"turns":4},{"damage":0,"enemies":"3 Shapes","floor":36,"turns":6},{"damage":14,"enemies":"Jaw Worm Horde","floor":39,"turns":5},{"damage":25,"enemies":"Nemesis","floor":40,"turns":11},{"damage":2,"enemies":"Maw","floor":42,"turns":8},{"damage":0,"enemies":"Giant Head","floor":44,"turns":10},{"damage":29,"enemies":"Writhing Mass","floor":46,"turns":7},{"damage":13,"enemies":"Nemesis","floor":48,"turns":9},{"damage":27,"enemies":"Donu and Deca","floor":50,"turns":11}],"seed_played":"-163880461812618951","potions_obtained":[{"floor":8.0,"key":"FearPotion"},{"floor":13.0,"key":"Block Potion"},{"floor":16.0,"key":"Energy Potion"},{"floor":24.0,"key":"PowerPotion"},{"floor":28.0,"key":"GhostInAJar"},{"floor":35,"key":"Regen Potion"},{"floor":36,"key":"GhostInAJar"}],"is_trial":false,"path_per_floor":["M","?","?","M","?","E","R","E","T","R","$","R","M","?","R","B",null,"M","M","$","?","?","R","M","R","T","R","E","M","M","$","R","B",null,"M","M","$","?","M","E","R","M","T","E","$","M","R","E","R","B",null],"character_chosen":"THE_SILENT","items_purchased":["Deadly Poison+1","Bouncing Flask+1","Cloak And Dagger+1","Escape Plan+1","Noxious Fumes"],"campfire_rested":8,"item_purchase_floors":[11,11,11,20,31],"current_hp_per_floor":[55,55,55,51,51,23,41,18,18,36,36,36,36,18,36,27,52,44,44,44,44,44,44,44,60,60,60,33,35,33,33,51,47,57,39,59,59,59,50,30,48,53,53,64,64,42,61,55,68,41],"gold":342,"neow_bonus":"UPGRADE_CARD","is_prod":false,"is_daily":false,"chose_seed":false,"campfire_upgraded":3,"win_rate":0,"timestamp":1557861922,"path_taken":["M","?","?","?","?","E","R","E","T","R","$","R","M","?","R","BOSS","M","M","$","?","?","R","M","R","T","R","E","M","M","?","R","BOSS","M","?","$","?","?","E","R","M","T","E","$","M","R","E","R","BOSS"],"build_version":"2019-01-23","purchased_purges":4,"victory":true,"max_hp_per_floor":[66,60,60,60,60,60,60,60,60,60,60,60,60,60,60,60,60,60,60,60,60,60,60,60,60,60,60,60,60,60,60,60,60,60,60,60,60,60,60,60,60,62,62,64,64,66,66,68,68,68],"card_choices":[{"not_picked":["Prepared","PiercingWail"],"picked":"Quick Slash","floor":1.0},{"not_picked":["Acrobatics","Prepared"],"picked":"Deadly Poison","floor":4.0},{"not_picked":["Accuracy","Terror"],"picked":"Leg Sweep","floor":6.0},{"not_picked":["Underhanded Strike","Dagger Throw"],"picked":"Predator","floor":8.0},{"not_picked":["Skewer","Dagger Throw"],"picked":"Blur+1","floor":13.0},{"not_picked":["Envenom","Storm of Steel+1"],"picked":"Bullet Time+1","floor":16.0},{"not_picked":["Underhanded Strike","Slice"],"picked":"Backstab","floor":18.0},{"not_picked":["Dagger Spray","Outmaneuver+1"],"picked":"Cloak And Dagger+1","floor":19.0},{"not_picked":["Slice","Poisoned Stab+1"],"picked":"Dagger Spray+1","floor":24.0},{"not_picked":["Doppelganger+1","Infinite Blades"],"picked":"Deflect+1","floor":28.0},{"not_picked":["Flying Knee","Bane"],"picked":"Calculated Gamble+1","floor":29.0},{"not_picked":["Deadly Poison+1","Heel Hook"],"picked":"Acrobatics+1","floor":30.0},{"not_picked":["Malaise+1","Tools of the Trade"],"picked":"Burst+1","floor":33},{"not_picked":["Finisher","Underhanded Strike","Flying Knee"],"picked":"SKIP","floor":35},{"not_picked":["Quick Slash+1","Underhanded Strike+1"],"picked":"Escape Plan+1","floor":36},{"not_picked":["Die Die Die","Slice"],"picked":"Well Laid Plans+1","floor":39},{"not_picked":["Infinite Blades+1","Cloak And Dagger+1"],"picked":"PiercingWail+1","floor":40},{"not_picked":["Blur+1","Quick Slash","Deadly Poison+1"],"picked":"Singing Bowl","floor":42},{"not_picked":["Dagger Spray","Prepared+1","Masterful Stab"],"picked":"Singing Bowl","floor":44},{"not_picked":["Tactician+1","Skewer","Dash"],"picked":"Singing Bowl","floor":46},{"not_picked":["Dagger Spray","Flying Knee","Slice"],"picked":"Singing Bowl","floor":48}],"player_experience":421650,"relics_obtained":[{"floor":6.0,"key":"The Courier"},{"floor":8.0,"key":"Oddly Smooth Stone"},{"floor":9.0,"key":"Toxic Egg 2"},{"floor":26.0,"key":"Ninja Scroll"},{"floor":28.0,"key":"Paper Crane"},{"floor":28.0,"key":"Whetstone"},{"floor":40,"key":"Singing Bowl"},{"floor":40,"key":"Ancient Tea Set"},{"floor":43,"key":"Vajra"},{"floor":44,"key":"Old Coin"},{"floor":44,"key":"Lantern"},{"floor":48,"key":"The Specimen"},{"floor":48,"key":"Bronze Scales"}],"event_choices":[{"damage_healed":0.0,"max_hp_gain":0.0,"max_hp_loss":6.0,"gold_gain":0.0,"event_name":"Golden Idol","player_choice":"Lose Max HP","floor":2.0,"gold_loss":0.0,"damage_taken":0.0,"relics_obtained":["Golden Idol"]},{"damage_healed":0.0,"max_hp_gain":0.0,"max_hp_loss":0.0,"gold_gain":0.0,"event_name":"Accursed Blacksmith","player_choice":"Forge","floor":3.0,"gold_loss":0.0,"damage_taken":0.0,"cards_upgraded":["Quick Slash"]},{"damage_healed":0.0,"max_hp_gain":0.0,"max_hp_loss":0.0,"gold_gain":0.0,"event_name":"Liars Game","player_choice":"Ignored","floor":5.0,"gold_loss":0.0,"damage_taken":0.0},{"damage_healed":0.0,"max_hp_gain":0.0,"max_hp_loss":0.0,"gold_gain":0.0,"event_name":"Shining Light","player_choice":"Entered Light","floor":14.0,"gold_loss":0.0,"damage_taken":18.0,"cards_upgraded":["Strike_G","Defend_G"]},{"damage_healed":0.0,"max_hp_gain":0.0,"max_hp_loss":0.0,"gold_gain":0.0,"event_name":"Vampires","player_choice":"Ignored","floor":21.0,"gold_loss":0.0,"damage_taken":0.0},{"damage_healed":0.0,"max_hp_gain":0.0,"max_hp_loss":0.0,"gold_gain":0.0,"event_name":"Forgotten Altar","player_choice":"Gave Idol","floor":22.0,"relics_lost":["Golden Idol"],"gold_loss":0.0,"damage_taken":0.0,"relics_obtained":["Bloody Idol"]},{"damage_healed":0,"gold_gain":0,"player_choice":"0 cards matched","damage_taken":0,"max_hp_gain":0,"max_hp_loss":0,"event_name":"Match and Keep!","floor":38,"gold_loss":0,"cards_obtained":[]}],"is_beta":false,"boss_relics":[{"not_picked":["Ring of the Serpent","Cursed Key"],"picked":"Black Star"},{"not_picked":["Tiny House","HoveringKite"],"picked":"Lizard Tail"}],"items_purged_floors":[11,20,37,45],"is_endless":false,"potions_floor_spawned":[8,13,16,18,24,28,29,35,36,39,42,44],"ascension_level":17}