{"gold_per_floor":[114,134,154,73,93,93,93,128,155,155,188,214,2,12,12,88,88,106,126,51,67,82,117,117,151,151,251,59,59,78,8,8,79,79,93,105,123,123,49,49,77,77,77,77,90,108,108,121,121,121],"floor_reached":51,"playtime":2105,"items_purged":["Strike_R","Strike_R"],"score":1229,"play_id":"d2b4085d-22f4-44b5-939b-80b0df1c3769","local_time":"20190503204646","is_ascension_mode":true,"campfire_choices":[{"data":"Double Tap","floor":6.0,"key":"SMITH"},{"data":"Clothesline","floor":15.0,"key":"SMITH"},{"floor":24.0,"key":"REST"},{"floor":32.0,"key":"REST"},{"floor":40.0,"key":"REST"},{"data":"Limit Break","floor":44.0,"key":"SMITH"},{"data":"Immolate","floor":49.0,"key":"SMITH"}],"neow_cost":"NONE","seed_source_timestamp":535202905859021,"circlet_count":0,"master_deck":["AscendersBane","Strike_R","Strike_R","Defend_R","Defend_R","Defend_R","Defend_R","Bash+1","Cleave","Twin Strike","Clothesline+1","Double Tap+1","Feel No Pain+1","Anger","Intimidate","Battle Trance","Feed","Spot Weakness","Immolate+1","Shockwave+1","Shrug It Off","Anger","Exhume","Uppercut","Flash of Steel","Metallicize+1","Impervious","Warcry+1","Inflame+1","Limit Break+1"],"special_seed":0,"relics":["Burning Blood","NeowsBlessing","Bronze Scales","Omamori","Vajra","Odd Mushroom","Cursed Key","Pantograph","Self Forming Clay","Matryoshka","Gambling Chip","Frozen Egg 2","Smiling Mask","Philosopher\u0027s Stone","Boot","The Courier","Pear"],"potions_floor_usage":[50,50],"damage_taken":[{"damage":0.0,"enemies":"Cultist","floor":1.0,"turns":1.0},{"damage":0.0,"enemies":"2 Louse","floor":2.0,"turns":1.0},{"damage":0.0,"enemies":"Small Slimes","floor":3.0,"turns":1.0},{"damage":8.0,"enemies":"Looter","floor":5.0,"turns":2.0},{"damage":13.0,"enemies":"3 Sentries","floor":8.0,"turns":7.0},{"damage":21.0,"enemies":"Gremlin Nob","floor":11.0,"turns":3.0},{"damage":15.0,"enemies":"The Mushroom Lair","floor":12.0,"turns":3.0},{"damage":5.0,"enemies":"Exordium Thugs","floor":14.0,"turns":4.0},{"damage":28.0,"enemies":"The Guardian","floor":16.0,"turns":12.0},{"damage":16.0,"enemies":"Shell Parasite","floor":18.0,"turns":3.0},{"damage":2.0,"enemies":"Chosen","floor":19.0,"turns":4.0},{"damage":13.0,"enemies":"Snecko","floor":21.0,"turns":4.0},{"damage":22.0,"enemies":"Shelled Parasite and Fungi","floor":22.0,"turns":5.0},{"damage":4.0,"enemies":"Slavers","floor":23.0,"turns":3.0},{"damage":26.0,"enemies":"Gremlin Leader","floor":25.0,"turns":6.0},{"damage":7.0,"enemies":"Colosseum Slavers","floor":27.0,"turns":4.0},{"damage":24.0,"enemies":"Colosseum Nobs","floor":27.0,"turns":4.0},{"damage":6.0,"enemies":"Cultist and Chosen","floor":30.0,"turns":6.0},{"damage":65.0,"enemies":"Champ","floor":33.0,"turns":11.0},{"damage":4.0,"enemies":"Orb Walker","floor":35.0,"turns":3.0},{"damage":10.0,"enemies":"3 Darklings","floor":36.0,"turns":3.0},{"damage":24.0,"enemies":"Maw","floor":37.0,"turns":8.0},{"damage":12.0,"enemies":"Reptomancer","floor":41.0,"turns":5.0},{"damage":0.0,"enemies":"Jaw Worm Horde","floor":42.0,"turns":1.0},{"damage":12.0,"enemies":"Sphere and 2 Shapes","floor":45.0,"turns":6.0},{"damage":6.0,"enemies":"Spire Growth","floor":46.0,"turns":5.0},{"damage":2.0,"enemies":"Maw","floor":48.0,"turns":6.0},{"damage":91,"enemies":"Awakened One","floor":50,"turns":8}],"seed_played":"5354306930431994113","potions_obtained":[{"floor":3.0,"key":"Energy Potion"},{"floor":11.0,"key":"Explosive Potion"},{"floor":14.0,"key":"SmokeBomb"},{"floor":16.0,"key":"Weak Potion"},{"floor":18.0,"key":"Block Potion"},{"floor":30.0,"key":"Swift Potion"},{"floor":33.0,"key":"Energy Potion"},{"floor":36.0,"key":"PowerPotion"},{"floor":45.0,"key":"Explosive Potion"}],"is_trial":false,"path_per_floor":["M","M","M","$","M","R","?","E","T","?","E","?","$","M","R","B",null,"M","M","?","M","M","E","R","E","T","?","$","?","M","$","R","B",null,"M","M","M","?","$","R","E","M","T","R","M","M","?","M","R","B",null],"character_chosen":"IRONCLAD","items_purchased":["Double Tap","Feed","Flash of Steel","Metallicize+1","Inflame+1"],"campfire_rested":3,"item_purchase_floors":[4,13,28,31,39],"current_hp_per_floor":[74,75,75,75,73,73,58,51,51,51,36,27,27,31,31,9,61,51,55,55,48,32,37,61,44,44,28,28,28,31,31,58,24,74,76,72,54,54,54,81,78,84,94,94,91,91,91,95,95,21],"gold":121,"neow_bonus":"THREE_ENEMY_KILL","is_prod":false,"is_daily":false,"chose_seed":false,"campfire_upgraded":4,"win_rate":0,"timestamp":1556934406,"path_taken":["M","M","M","$","M","R","?","E","T","?","E","?","?","?","R","BOSS","M","M","?","M","M","E","R","E","T","?","$","?","?","?","R","BOSS","M","M","?","?","$","R","E","M","T","R","?","M","?","M","R","BOSS"],"build_version":"2019-01-23","purchased_purges":2,"victory":true,"max_hp_per_floor":[75,75,75,75,75,75,75,75,75,75,75,75,75,78,78,78,78,78,78,78,78,78,81,81,84,84,87,87,87,90,90,90,90,90,90,90,90,90,90,90,93,93,103,103,106,106,106,106,106,106],"card_choices":[{"not_picked":["Havoc","Wild Strike"],"picked":"Cleave","floor":1.0},{"not_picked":["Havoc","Iron Wave"],"picked":"Twin Strike","floor":2.0},{"not_picked":["Fire Breathing","Wild Strike"],"picked":"Clothesline","floor":3.0},{"not_picked":["Sentinel","Clash"],"picked":"Feel No Pain","floor":5.0},{"not_picked":["Fiend Fire","Pommel Strike"],"picked":"Anger","floor":8.0},{"not_picked":["Clash","Reckless Charge"],"picked":"Intimidate","floor":11.0},{"not_picked":["Anger","Ghostly Armor"],"picked":"Battle Trance","floor":12.0},{"not_picked":["Sword Boomerang","Clothesline"],"picked":"Spot Weakness","floor":14.0},{"not_picked":["Barricade","Offering"],"picked":"Immolate","floor":16.0},{"not_picked":["Clash","Dropkick"],"picked":"Shockwave+1","floor":18.0},{"not_picked":["Heavy Blade","Body Slam+1","Combust+1"],"picked":"SKIP","floor":19.0},{"not_picked":["Intimidate","Hemokinesis"],"picked":"Shrug It Off","floor":21.0},{"not_picked":["Wild Strike","Sever Soul+1"],"picked":"Anger","floor":22.0},{"not_picked":["Twin Strike","Armaments"],"picked":"Exhume","floor":23.0},{"not_picked":["Evolve","Ghostly Armor+1"],"picked":"Uppercut","floor":25.0},{"not_picked":["Rage","Heavy Blade+1","Warcry"],"picked":"SKIP","floor":30.0},{"not_picked":["Fiend Fire","Double Tap"],"picked":"Impervious","floor":33.0},{"not_picked":["Intimidate","Clash","Sword Boomerang"],"picked":"SKIP","floor":35.0},{"not_picked":["Iron Wave","Infernal Blade","Havoc+1"],"picked":"SKIP","floor":36.0},{"not_picked":["Twin Strike","Power Through"],"picked":"Warcry+1","floor":37.0},{"not_picked":["Armaments+1","Rage"],"picked":"Limit Break","floor":41.0},{"not_picked":["Cleave+1","Armaments","Blood for Blood+1"],"picked":"SKIP","floor":45.0},{"not_picked":["Clash","Blood for Blood","Perfected Strike"],"picked":"SKIP","floor":46.0},{"not_picked":["Clash","Body Slam","Cleave"],"picked":"SKIP","floor":48.0}],"player_experience":374999,"relics_obtained":[{"floor":8.0,"key":"Bronze Scales"},{"floor":9.0,"key":"Omamori"},{"floor":11.0,"key":"Vajra"},{"floor":12.0,"key":"Odd Mushroom"},{"floor":23.0,"key":"Pantograph"},{"floor":25.0,"key":"Self Forming Clay"},{"floor":26.0,"key":"Matryoshka"},{"floor":27.0,"key":"Gambling Chip"},{"floor":27.0,"key":"Frozen Egg 2"},{"floor":41.0,"key":"Boot"},{"floor":43.0,"key":"The Courier"},{"floor":43.0,"key":"Pear"}],"event_choices":[{"damage_healed":0.0,"max_hp_gain":0.0,"max_hp_loss":0.0,"gold_gain":0.0,"event_name":"Shining Light","player_choice":"Entered Light","floor":7.0,"gold_loss":0.0,"damage_taken":15.0,"cards_upgraded":["Feel No Pain","Bash"]},{"damage_healed":0.0,"max_hp_gain":0.0,"max_hp_loss":0.0,"gold_gain":0.0,"event_name":"Liars Game","player_choice":"Ignored","floor":10.0,"gold_loss":0.0,"damage_taken":0.0},{"damage_healed":0.0,"max_hp_gain":0.0,"max_hp_loss":0.0,"gold_gain":0.0,"event_name":"Mushrooms","player_choice":"Fought Mushrooms","floor":12.0,"gold_loss":0.0,"damage_taken":0.0},{"cards_removed":["Strike_R"],"damage_healed":0.0,"max_hp_gain":0.0,"max_hp_loss":0.0,"gold_gain":0.0,"event_name":"Beggar","player_choice":"Gave Gold","floor":20.0,"gold_loss":75.0,"damage_taken":0.0},{"damage_healed":0.0,"max_hp_gain":0.0,"max_hp_loss":0.0,"gold_gain":0.0,"event_name":"Colosseum","player_choice":"Fight","floor":27.0,"gold_loss":0.0,"damage_taken":0.0},{"damage_healed":0.0,"max_hp_gain":0.0,"max_hp_loss":0.0,"gold_gain":0.0,"event_name":"Colosseum","player_choice":"Fought Nobs","floor":27.0,"gold_loss":0.0,"damage_taken":0.0},{"damage_healed":0.0,"max_hp_gain":0.0,"max_hp_loss":0.0,"gold_gain":0.0,"event_name":"Addict","player_choice":"Stole Relic","floor":29.0,"gold_loss":0.0,"damage_taken":0.0,"relics_obtained":["Smiling Mask"],"cards_obtained":["Shame"]},{"damage_healed":0.0,"max_hp_gain":0.0,"max_hp_loss":0.0,"gold_gain":0.0,"event_name":"Lab","player_choice":"Got Potions","floor":38.0,"gold_loss":0.0,"damage_taken":0.0},{"cards_removed":["Injury"],"damage_healed":0.0,"max_hp_gain":0.0,"max_hp_loss":0.0,"gold_gain":0.0,"event_name":"Fountain of Cleansing","player_choice":"Removed Curses","floor":47.0,"gold_loss":0.0,"damage_taken":0.0}],"is_beta":false,"boss_relics":[{"not_picked":["Runic Dome","Black Blood"],"picked":"Cursed Key"},{"not_picked":["Empty Cage","Runic Cube"],"picked":"Philosopher\u0027s Stone"}],"items_purged_floors":[13,28],"is_endless":false,"potions_floor_spawned":[3,11,14,16,18,22,27,30,33,36,41,45],"ascension_level":14}