{"gold_per_floor":[119,119,138,148,198,232,246,246,246,265,265,33,33,51,51,123,123,135,135],"floor_reached":19,"playtime":611,"items_purged":["Strike_G"],"score":416,"play_id":"0a27f6aa-6ff4-433a-a97b-102a3123778e","local_time":"20190517235119","is_ascension_mode":true,"campfire_choices":[{"floor":8,"key":"REST"},{"data":"Deadly Poison","floor":11,"key":"SMITH"},{"data":"Footwork","floor":13,"key":"SMITH"},{"data":"Catalyst","floor":15,"key":"SMITH"}],"neow_cost":"NONE","seed_source_timestamp":35552494755555,"circlet_count":0,"master_deck":["AscendersBane","Defend_G","Defend_G","Defend_G","Defend_G","Defend_G","Strike_G","Strike_G","Strike_G","Strike_G","Survivor","Neutralize","Deadly Poison+1","PiercingWail","Footwork+1","Dodge and Roll","Slice","Dagger Spray","Noxious Fumes","Backflip","Deflect","Catalyst+1","Adrenaline"],"relics":["Ring of the Snake","Omamori","Art of War","Bottled Flame","Eternal Feather"],"potions_floor_usage":[6,6,19],"damage_taken":[{"damage":2,"enemies":"Cultist","floor":1,"turns":5},{"damage":2,"enemies":"2 Louse","floor":3,"turns":3},{"damage":0,"enemies":"Jaw Worm","floor":4,"turns":4},{"damage":39,"enemies":"Lagavulin","floor":6,"turns":11},{"damage":14,"enemies":"Exordium Wildlife","floor":7,"turns":8},{"damage":1,"enemies":"Looter","floor":10,"turns":5},{"damage":8,"enemies":"Red Slaver","floor":14,"turns":4},{"damage":0,"enemies":"Hexaghost","floor":16,"turns":8},{"damage":11,"enemies":"Chosen","floor":18,"turns":6},{"damage":66,"enemies":"Masked Bandits","floor":19,"turns":3}],"seed_played":"3609147333635576971","potions_obtained":[{"floor":1,"key":"Regen Potion"},{"floor":3,"key":"Fire Potion"},{"floor":10,"key":"Regen Potion"}],"is_trial":false,"path_per_floor":["M","?","M","M","?","E","M","R","T","M","R","$","R","M","R","B",null,"M","?"],"character_chosen":"THE_SILENT","items_purchased":["Noxious Fumes","Backflip","Deflect"],"campfire_rested":1,"item_purchase_floors":[12,12,12],"current_hp_per_floor":[57,57,55,55,55,31,17,36,36,35,35,35,35,27,27,27,56,45,0],"gold":135,"neow_bonus":"RANDOM_COMMON_RELIC","is_prod":false,"is_daily":false,"chose_seed":false,"campfire_upgraded":3,"win_rate":0,"timestamp":1558155079,"path_taken":["M","?","M","M","?","E","?","R","T","M","R","$","R","M","R","BOSS","M","?"],"build_version":"2019-01-23","purchased_purges":1,"victory":false,"max_hp_per_floor":[66,66,66,66,66,66,66,66,66,66,66,66,66,66,66,66,66,66,66],"card_choices":[{"not_picked":["Reflex","Poisoned Stab"],"picked":"Deadly Poison","floor":1},{"not_picked":["Dodge and Roll","Blur"],"picked":"PiercingWail","floor":3},{"not_picked":["Bane","Finisher"],"picked":"Footwork","floor":4},{"not_picked":["Phantasmal Killer","Bane"],"picked":"Dodge and Roll","floor":6},{"not_picked":["Outmaneuver","Sucker Punch"],"picked":"Slice","floor":7},{"not_picked":["Doppelganger","Deadly Poison"],"picked":"Dagger Spray","floor":10},{"not_picked":["Terror","Blade Dance"],"picked":"Catalyst","floor":14},{"not_picked":["Grand Finale","Die Die Die"],"picked":"Adrenaline","floor":16},{"not_picked":["Bane","Reflex+1","Flying Knee"],"picked":"SKIP","floor":18}],"player_experience":439555,"relics_obtained":[{"floor":6,"key":"Art of War"},{"floor":9,"key":"Bottled Flame"}],"event_choices":[{"damage_healed":0,"gold_gain":0,"player_choice":"Ignored","damage_taken":0,"max_hp_gain":0,"max_hp_loss":0,"event_name":"Liars Game","floor":2,"gold_loss":0},{"damage_healed":0,"gold_gain":50,"player_choice":"Pray","damage_taken":0,"max_hp_gain":0,"max_hp_loss":0,"event_name":"Golden Shrine","floor":5,"gold_loss":0},{"damage_healed":0,"gold_gain":0,"player_choice":"Fought Bandits","damage_taken":0,"max_hp_gain":0,"max_hp_loss":0,"event_name":"Masked Bandits","floor":19,"gold_loss":0}],"is_beta":false,"boss_relics":[{"not_picked":["HoveringKite","Ring of the Serpent"],"picked":"Eternal Feather"}],"items_purged_floors":[12],"is_endless":false,"potions_floor_spawned":[1,3,4,10],"killed_by":"Masked Bandits","ascension_level":18}