{"gold_per_floor":[118,98,45,63,11,11,40,40,67,142,159,175,206,206,206,277,277,296,313,313,313,329,329,357,357],"floor_reached":25,"playtime":765,"items_purged":[],"score":508,"play_id":"f58c8ad5-7693-4136-8aa8-987bebb81181","local_time":"20190527144930","is_ascension_mode":true,"campfire_choices":[{"data":"Coolheaded","floor":6,"key":"SMITH"},{"data":"Electrodynamics","floor":8,"key":"SMITH"},{"data":"Hologram","floor":15,"key":"SMITH"},{"floor":23,"key":"REST"}],"neow_cost":"NONE","seed_source_timestamp":549561711187632,"circlet_count":0,"master_deck":["AscendersBane","Strike_B","Strike_B","Strike_B","Defend_B","Defend_B","Defend_B","Defend_B","Zap","Dualcast","Turbo","Hologram+1","Glacier","Coolheaded+1","Electrodynamics+1","Sweeping Beam","Conserve Battery","BootSequence","Echo Form","Coolheaded","Steam Power","Writhe","Ball Lightning","Consume"],"relics":["Cracked Core","NeowsBlessing","Centennial Puzzle","Bronze Scales","Pear","Inserter","Vajra","Du-Vu Doll"],"potions_floor_usage":[16,19,24],"damage_taken":[{"damage":0,"enemies":"Jaw Worm","floor":1,"turns":1},{"damage":0,"enemies":"Cultist","floor":4,"turns":1},{"damage":0,"enemies":"Gremlin Nob","floor":7,"turns":1},{"damage":0,"enemies":"Small Slimes","floor":11,"turns":2},{"damage":1,"enemies":"Red Slaver","floor":12,"turns":3},{"damage":17,"enemies":"Lagavulin","floor":13,"turns":7},{"damage":44,"enemies":"The Guardian","floor":16,"turns":21},{"damage":2,"enemies":"3 Byrds","floor":18,"turns":2},{"damage":20,"enemies":"Chosen","floor":19,"turns":7},{"damage":22,"enemies":"Snecko","floor":22,"turns":5},{"damage":30,"enemies":"Slavers","floor":24,"turns":3},{"damage":11,"enemies":"Shelled Parasite and Fungi","floor":25,"turns":3}],"seed_played":"-8272637447876633218","potions_obtained":[{"floor":2,"key":"Explosive Potion"},{"floor":7,"key":"Dexterity Potion"},{"floor":18,"key":"Ancient Potion"},{"floor":19,"key":"AttackPotion"}],"is_trial":false,"path_per_floor":["M","?","$","M","$","R","E","R","T","?","M","M","E","?","R","B",null,"M","M","?","?","M","R","E","M"],"character_chosen":"DEFECT","items_purchased":["Hologram","Coolheaded"],"campfire_rested":1,"item_purchase_floors":[3,5],"current_hp_per_floor":[64,64,64,64,64,64,64,64,64,53,53,52,45,45,45,1,61,59,39,39,39,17,41,11,0],"gold":357,"neow_bonus":"THREE_ENEMY_KILL","is_prod":false,"is_daily":false,"chose_seed":false,"campfire_upgraded":3,"win_rate":0,"timestamp":1558986570,"path_taken":["M","?","$","?","$","R","E","R","T","?","M","M","E","?","R","BOSS","M","M","?","?","M","R","E","M"],"build_version":"2019-01-23","purchased_purges":0,"victory":false,"max_hp_per_floor":[71,71,71,71,71,71,71,71,71,71,71,71,81,81,81,81,81,81,81,81,81,81,81,81,81],"card_choices":[{"not_picked":["Go for the Eyes","Blizzard"],"picked":"Turbo","floor":1},{"not_picked":["Cold Snap","Leap"],"picked":"Glacier","floor":4},{"not_picked":["Coolheaded","Redo"],"picked":"Electrodynamics","floor":7},{"not_picked":["Hologram","Storm"],"picked":"Sweeping Beam","floor":11},{"not_picked":["Force Field","Turbo"],"picked":"Conserve Battery","floor":12},{"not_picked":["Conserve Battery","Steam"],"picked":"BootSequence","floor":13},{"not_picked":["Electrodynamics","Buffer"],"picked":"Echo Form","floor":16},{"not_picked":["Gash","Stack+1"],"picked":"Coolheaded","floor":18},{"not_picked":["Hologram","Coolheaded"],"picked":"Steam Power","floor":19},{"not_picked":["Turbo","Leap"],"picked":"Ball Lightning","floor":22},{"not_picked":["Fission","Barrage"],"picked":"Consume","floor":24}],"player_experience":469860,"relics_obtained":[{"floor":7,"key":"Centennial Puzzle"},{"floor":9,"key":"Bronze Scales"},{"floor":13,"key":"Pear"},{"floor":24,"key":"Du-Vu Doll"}],"event_choices":[{"damage_healed":0,"gold_gain":0,"player_choice":"Bought 1 Potion","damage_taken":0,"max_hp_gain":0,"max_hp_loss":0,"event_name":"The Woman in Blue","floor":2,"gold_loss":0},{"damage_healed":0,"gold_gain":75,"player_choice":"Gather Gold","damage_taken":11,"max_hp_gain":0,"max_hp_loss":0,"event_name":"World of Goop","floor":10,"gold_loss":0},{"cards_removed":["Strike_B"],"damage_healed":0,"gold_gain":0,"player_choice":"Purged","damage_taken":0,"max_hp_gain":0,"max_hp_loss":0,"event_name":"Purifier","floor":14,"gold_loss":0},{"damage_healed":0,"gold_gain":0,"player_choice":"Ignored","damage_taken":0,"max_hp_gain":0,"max_hp_loss":0,"event_name":"Vampires","floor":20,"gold_loss":0},{"damage_healed":0,"gold_gain":0,"player_choice":"Opened","damage_taken":0,"relics_obtained":["Vajra"],"max_hp_gain":0,"max_hp_loss":0,"event_name":"The Mausoleum","floor":21,"gold_loss":0,"cards_obtained":["Writhe"]}],"is_beta":false,"boss_relics":[{"not_picked":["Astrolabe","Busted Crown"],"picked":"Inserter"}],"items_purged_floors":[],"is_endless":false,"potions_floor_spawned":[7,11,13,18,19,22],"killed_by":"Shelled Parasite and Fungi","ascension_level":20}