{"gold_per_floor":[211,211,211,211,232,232,23,41,64,77,252,272,287,311,311,311],"floor_reached":16,"playtime":1170,"items_purged":[],"score":103,"play_id":"ff1a481b-a1f5-4796-996a-277408f0cbb6","local_time":"20180903061012","is_ascension_mode":true,"campfire_choices":[{"floor":6,"key":"REST"},{"floor":15,"key":"REST"}],"neow_cost":"NONE","seed_source_timestamp":225735191596597,"circlet_count":0,"master_deck":["Strike_R","Strike_R","Strike_R","Strike_R","Strike_R","Defend_R","Defend_R","Defend_R+1","Defend_R","Bash","Body Slam","Injury","Regret","Flame Barrier","Barricade","Shrug It Off+1","Armaments","Battle Trance","Doubt","Thunderclap","Iron Wave","Thunderclap"],"relics":["Burning Blood","Oddly Smooth Stone","Golden Idol","Incense Burner","War Paint"],"potions_floor_usage":[8,13,16],"damage_taken":[{"damage":12,"enemies":"Jaw Worm","floor":1,"turns":2},{"damage":7,"enemies":"2 Louse","floor":5,"turns":3},{"damage":12,"enemies":"Small Slimes","floor":8,"turns":4},{"damage":29,"enemies":"Gremlin Gang","floor":10,"turns":6},{"damage":21,"enemies":"Looter","floor":12,"turns":4},{"damage":27,"enemies":"Large Slime","floor":13,"turns":11},{"damage":1,"enemies":"2 Fungi Beasts","floor":14,"turns":3},{"damage":54,"enemies":"Hexaghost","floor":16,"turns":16}],"seed_played":"6103722310402677788","potions_obtained":[{"floor":5,"key":"GamblersBrew"},{"floor":12,"key":"GamblersBrew"},{"floor":14,"key":"Regen Potion"}],"is_trial":false,"path_per_floor":["M","?","?","?","M","R","$","M","T","M","?","M","M","M","R"],"character_chosen":"IRONCLAD","items_purchased":["Barricade","Shrug It Off"],"campfire_rested":2,"item_purchase_floors":[7,7],"current_hp_per_floor":[74,49,49,49,48,72,72,66,66,43,43,28,7,12,36,0],"gold":311,"neow_bonus":"HUNDRED_GOLD","is_prod":false,"is_daily":false,"chose_seed":false,"campfire_upgraded":0,"win_rate":0,"timestamp":1535947812,"path_taken":["M","?","?","?","M","R","?","M","T","M","?","M","M","M","R","BOSS"],"build_version":"2018-08-30","purchased_purges":0,"victory":false,"max_hp_per_floor":[80,80,80,80,80,80,80,80,80,80,80,80,80,80,80,80],"card_choices":[{"not_picked":["Perfected Strike","Anger"],"picked":"Body Slam","floor":1},{"not_picked":["Clash","Pommel Strike"],"picked":"Flame Barrier","floor":5},{"not_picked":["Pommel Strike","Warcry"],"picked":"Armaments","floor":8},{"not_picked":["Warcry","True Grit"],"picked":"Battle Trance","floor":10},{"not_picked":["Shockwave","Warcry"],"picked":"Thunderclap","floor":12},{"not_picked":["Whirlwind","Pommel Strike"],"picked":"Iron Wave","floor":13},{"not_picked":["Headbutt","Whirlwind"],"picked":"Thunderclap","floor":14}],"player_experience":80441,"relics_obtained":[{"floor":9,"key":"War Paint"}],"event_choices":[{"event_name":"Scrap Ooze","player_choice":"success","floor":2,"damage_taken":25},{"event_name":"Golden Idol","player_choice":"Take Wound","floor":3,"damage_taken":0},{"event_name":"Big Fish","player_choice":"Box","floor":4,"damage_taken":0},{"event_name":"Liars Game","player_choice":"agreed","floor":11,"damage_taken":0}],"is_beta":false,"boss_relics":[],"items_purged_floors":[],"is_endless":false,"potions_floor_spawned":[5,12,14],"killed_by":"Hexaghost","ascension_level":2}