{"gold_per_floor":[118,118,27,27,46,78,91,91,91,108,33,44,44,57,57,132,132,148,165,165],"floor_reached":20,"playtime":1955,"items_purged":[],"score":392,"play_id":"461bc733-ecdd-4377-9e00-f2411c946cea","local_time":"20180926162523","is_ascension_mode":true,"campfire_choices":[{"floor":8,"key":"REST"},{"data":"Defragment","floor":15,"key":"SMITH"}],"neow_cost":"NONE","seed_source_timestamp":962286023687844,"circlet_count":0,"master_deck":["Strike_B","Strike_B","Strike_B+1","Defend_B","Defend_B","Defend_B","Defend_B","Zap","Dualcast+1","AscendersBane","Beam Cell","Defragment+1","Static Discharge+1","Auto Shields","Leap","Force Field","Lockon","Buffer","Coolheaded","Self Repair"],"relics":["Cracked Core","NeowsBlessing","Sundial","Question Card","Velvet Choker"],"potions_floor_usage":[12,14,16,20,20],"damage_taken":[{"damage":0,"enemies":"2 Louse","floor":1,"turns":1},{"damage":0,"enemies":"Jaw Worm","floor":5,"turns":1},{"damage":0,"enemies":"3 Sentries","floor":6,"turns":1},{"damage":1,"enemies":"Small Slimes","floor":7,"turns":3},{"damage":1,"enemies":"Looter","floor":10,"turns":3},{"damage":0,"enemies":"3 Louse","floor":12,"turns":2},{"damage":3,"enemies":"Exordium Thugs","floor":14,"turns":4},{"damage":23,"enemies":"The Guardian","floor":16,"turns":9},{"damage":18,"enemies":"Shell Parasite","floor":18,"turns":4},{"damage":21,"enemies":"3 Byrds","floor":19,"turns":6},{"damage":24,"enemies":"Centurion and Healer","floor":20,"turns":7}],"seed_played":"5838945653042485510","potions_obtained":[{"floor":6,"key":"PowerPotion"},{"floor":10,"key":"Poison Potion"},{"floor":14,"key":"GamblersBrew"},{"floor":16,"key":"Energy Potion"},{"floor":19,"key":"SkillPotion"}],"is_trial":false,"path_per_floor":["M","?","$","?","M","E","M","R","T","M","?","M","?","M","R","B",null,"M","M"],"character_chosen":"DEFECT","items_purchased":["Defragment"],"campfire_rested":1,"item_purchase_floors":[3],"current_hp_per_floor":[64,43,43,43,43,43,42,63,63,62,62,62,62,59,59,36,62,44,23,0],"gold":165,"neow_bonus":"THREE_ENEMY_KILL","is_prod":false,"is_daily":false,"chose_seed":false,"campfire_upgraded":1,"win_rate":0,"timestamp":1537971923,"path_taken":["M","?","$","?","M","E","M","R","T","?","?","M","?","M","R","BOSS","M","?","M"],"build_version":"2018-09-20","purchased_purges":0,"victory":false,"max_hp_per_floor":[71,71,71,71,71,71,71,71,71,71,71,71,71,71,71,71,71,71,71,71],"card_choices":[{"not_picked":["Rebound","Turbo"],"picked":"Beam Cell","floor":1},{"not_picked":["Ball Lightning","Cold Snap"],"picked":"Static Discharge","floor":5},{"not_picked":["Steam","Compile Driver"],"picked":"Auto Shields","floor":6},{"not_picked":["Stack","Aggregate"],"picked":"Leap","floor":7},{"not_picked":["Cold Snap","Rebound","Gash"],"picked":"Force Field","floor":10},{"not_picked":["Go for the Eyes","Conserve Battery","Hello World"],"picked":"Lockon","floor":12},{"not_picked":["Sweeping Beam","Beam Cell","Compile Driver","Turbo"],"picked":"SKIP","floor":14},{"not_picked":["Meteor Strike","Multi-Cast","Thunder Strike"],"picked":"Buffer","floor":16},{"not_picked":["Fusion","Go for the Eyes","Reprogram"],"picked":"Coolheaded","floor":18},{"not_picked":["Stack","Melter","Rebound"],"picked":"Self Repair","floor":19}],"player_experience":704535,"relics_obtained":[{"floor":6,"key":"Sundial"},{"floor":9,"key":"Question Card"}],"event_choices":[{"event_name":"Shining Light","player_choice":"Entered Light","floor":2,"damage_taken":0},{"event_name":"Liars Game","player_choice":"disagreed","floor":4,"damage_taken":0},{"event_name":"The Cleric","player_choice":"Card Removal","floor":11,"damage_taken":0},{"event_name":"Living Wall","player_choice":"Grow","floor":13,"damage_taken":0}],"is_beta":false,"boss_relics":[{"not_picked":["Black Star","Pandora\u0027s Box"],"picked":"Velvet Choker"}],"items_purged_floors":[],"is_endless":false,"potions_floor_spawned":[6,10,14,16,19],"killed_by":"Centurion and Healer","ascension_level":19}