{"path_per_floor":["M","M","?","M","M","R","E","R","T","?","M","M","E","M","R","B",null,"M","$","M","?","M","R","?","M","T","E","M","M","R","M","R","B",null,"M","$","M","?","M"],"character_chosen":"THE_SILENT","items_purchased":["Sadistic Nature","Shuriken","Bottled Lightning"],"gold_per_floor":[112,128,128,153,173,173,207,207,257,283,297,316,359,383,383,509,509,530,0,24,24,45,45,45,63,90,130,148,161,161,176,176,305,305,329,77,95,0,16],"floor_reached":40,"campfire_rested":1,"playtime":4070,"current_hp_per_floor":[69,69,69,69,64,64,43,43,43,34,32,32,30,29,29,24,84,82,82,65,65,48,48,48,43,43,21,20,18,43,38,38,17,84,63,63,30,30,5],"items_purged":["Injury"],"gold":16,"play_id":"4498d7ee-c208-4945-8d46-5af9a66f1441","is_prod":false,"is_daily":false,"campfire_rituals":0,"campfire_upgraded":5,"is_hardmode":false,"path_taken":["M","M","?","M","M","R","E","R","T","?","M","M","E","M","R","BOSS","M","$","M","?","M","R","?","M","T","E","M","M","R","M","R","BOSS","M","$","?","?","M","E"],"build_version":"2018-01-18-PROD4","purchased_purges":2,"victory":false,"master_deck":["Defend_G","Defend_G","Defend_G","Defend_G","Defend_G","Strike_G","Strike_G","Strike_G","Strike_G","Strike_G","Survivor","Neutralize","Catalyst","Endless Agony","Noxious Fumes","Crippling Poison","Dagger Spray","Sucker Punch","PiercingWail","Blur","Outmaneuver","Slice","Phantasmal Killer","Slice","Sadistic Nature","Dash","Malaise","Blur","Endless Agony","Infinite Blades","Deadly Poison","Catalyst","Corpse Explosion","Dodge and Roll","Die Die Die","Noxious Fumes"],"max_hp_per_floor":[70,70,70,70,70,70,70,70,70,70,70,70,84,84,84,84,84,84,84,84,84,84,84,84,84,84,84,84,84,84,84,84,84,84,84,84,84,84,84],"relics":["Ring of the Snake","Golden Idol","Mercury Hourglass","Ancient Tea Set","Odd Mushroom","Mango","The Specimen","Shuriken","Omamori","Mummified Hand","Cursed Key","Bottled Lightning","Red Mask"],"campfire_meditates":0,"card_choices":[{"not_picked":["Deadly Poison","Dagger Spray"],"picked":"Catalyst"},{"not_picked":["Acrobatics","Deflect"],"picked":"Endless Agony"},{"not_picked":["Dagger Spray","Deflect"],"picked":"Noxious Fumes"},{"not_picked":["Choke","Sucker Punch"],"picked":"Crippling Poison"},{"not_picked":["Endless Agony","Doppelganger"],"picked":"Dagger Spray"},{"not_picked":["Bane","Deadly Poison"],"picked":"Sucker Punch"},{"not_picked":["Quick Slash","Dodge and Roll"],"picked":"PiercingWail"},{"not_picked":["Prepared","Dagger Spray"],"picked":"Blur"},{"not_picked":["Eviscerate","Calculated Gamble"],"picked":"Outmaneuver"},{"not_picked":["Crippling Poison","Skewer"],"picked":"Slice"},{"not_picked":["Envenom","Adrenaline"],"picked":"Phantasmal Killer"},{"not_picked":["Deflect","PiercingWail"],"picked":"Slice"},{"not_picked":["Dagger Spray","Dagger Throw"],"picked":"Dash"},{"not_picked":["Footwork","Leg Sweep"],"picked":"Malaise"},{"not_picked":["Acrobatics","Backflip"],"picked":"Blur"},{"not_picked":["Calculated Gamble","Caltrops"],"picked":"Endless Agony"},{"not_picked":["Dodge and Roll","Well Laid Plans"],"picked":"Infinite Blades"},{"not_picked":["Infinite Blades","Outmaneuver"],"picked":"Deadly Poison"},{"not_picked":["Skewer","Dagger Throw"],"picked":"Catalyst"},{"not_picked":["After Image","Venomology"],"picked":"Corpse Explosion"},{"not_picked":["Flying Knee","Masterful Stab"],"picked":"Dodge and Roll"},{"not_picked":["Sucker Punch","Blur"],"picked":"Die Die Die"},{"not_picked":["Poisoned Stab","Acrobatics"],"picked":"Noxious Fumes"}],"player_experience":25732,"potions_floor_usage":[13,16,22,25,27,27,28,33,35,39,40,40],"damage_taken":[{"damage":1,"enemies":"Cultist","floor":1,"turns":4},{"damage":0,"enemies":"2 Louse","floor":2,"turns":3},{"damage":0,"enemies":"Jaw Worm","floor":4,"turns":4},{"damage":5,"enemies":"Looter","floor":5,"turns":4},{"damage":21,"enemies":"Lagavulin","floor":7,"turns":6},{"damage":9,"enemies":"The Mushroom Lair","floor":10,"turns":3},{"damage":2,"enemies":"Red Slaver","floor":11,"turns":4},{"damage":0,"enemies":"3 Louse","floor":12,"turns":3},{"damage":16,"enemies":"3 Sentries","floor":13,"turns":6},{"damage":1,"enemies":"2 Fungi Beasts","floor":14,"turns":2},{"damage":5,"enemies":"Hexaghost","floor":16,"turns":8},{"damage":2,"enemies":"Chosen","floor":18,"turns":5},{"damage":17,"enemies":"2 Thieves","floor":20,"turns":3},{"damage":17,"enemies":"3 Cultists","floor":22,"turns":4},{"damage":5,"enemies":"Snake Plant","floor":25,"turns":4},{"damage":22,"enemies":"Slavers","floor":27,"turns":6},{"damage":16,"enemies":"Centurion and Healer","floor":28,"turns":6},{"damage":2,"enemies":"Chosen and Byrds","floor":29,"turns":4},{"damage":5,"enemies":"3 Cultists","floor":31,"turns":4},{"damage":21,"enemies":"Collector","floor":33,"turns":9},{"damage":21,"enemies":"3 Darklings","floor":35,"turns":8},{"damage":33,"enemies":"3 Shapes","floor":37,"turns":4},{"damage":25,"enemies":"3 Darklings","floor":39,"turns":6},{"damage":26,"enemies":"Giant Head","floor":40,"turns":6}],"event_choices":[{"event_name":"Golden Idol","player_choice":"Take Wound","floor":3,"damage_taken":0},{"event_name":"Mushrooms","player_choice":"Fought Mushrooms","floor":10,"damage_taken":0},{"event_name":"Vampires","player_choice":"Ignored","floor":21,"damage_taken":0},{"event_name":"Beggar","player_choice":"Ignored","floor":24,"damage_taken":0},{"event_name":"Tomb of Lord Red Mask","player_choice":"Paid","floor":38,"damage_taken":0}],"boss_relics":[{"not_picked":["Question Card","Black Star"],"picked":"The Specimen"},{"not_picked":["Orrery","Velvet Choker"],"picked":"Cursed Key"}],"potions_floor_spawned":[2,12,13,14,16,22,25,27,28,33,35,39],"seed_played":"-4340452146787635506","killed_by":"Giant Head","is_trial":false}