{"gold_per_floor":[118,43,43,43,61,94,113,113,113,123,123,23,33,50,50,50],"floor_reached":16,"playtime":1023,"items_purged":["Doubt","Strike_B"],"score":224,"play_id":"f5a9ef75-56a3-4f46-a5f9-c5ab2eb87bf1","local_time":"20180927184004","is_ascension_mode":true,"campfire_choices":[{"floor":8,"key":"REST"},{"floor":11,"key":"REST"},{"data":"Dualcast","floor":15,"key":"SMITH"}],"neow_cost":"CURSE","seed_source_timestamp":1057701005560712,"circlet_count":0,"master_deck":["Strike_B","Strike_B","Strike_B","Defend_B","Defend_B","Defend_B","Defend_B","Zap","Dualcast+1","AscendersBane","Tempest","FTL","Core Surge","Compile Driver"],"relics":["Cracked Core","Sundial","Omamori","Bronze Scales"],"potions_floor_usage":[14,16],"damage_taken":[{"damage":2,"enemies":"Cultist","floor":1,"turns":4},{"damage":4,"enemies":"Jaw Worm","floor":5,"turns":4},{"damage":50,"enemies":"3 Sentries","floor":6,"turns":8},{"damage":1,"enemies":"Small Slimes","floor":7,"turns":3},{"damage":14,"enemies":"Red Slaver","floor":10,"turns":3},{"damage":7,"enemies":"Large Slime","floor":13,"turns":4},{"damage":7,"enemies":"Looter","floor":14,"turns":3},{"damage":55,"enemies":"Hexaghost","floor":16,"turns":9}],"seed_played":"-5234120823200144740","potions_obtained":[{"floor":7,"key":"Ancient Potion"},{"floor":10,"key":"EssenceOfSteel"},{"floor":14,"key":"AttackPotion"}],"is_trial":false,"path_per_floor":["M","$","?","T","M","E","M","R","T","M","R","$","M","M","R"],"character_chosen":"DEFECT","items_purchased":[],"campfire_rested":2,"item_purchase_floors":[],"current_hp_per_floor":[76,76,81,81,77,27,26,53,53,39,66,66,59,52,52,0],"gold":50,"neow_bonus":"TWENTY_PERCENT_HP_BONUS","is_prod":false,"is_daily":false,"chose_seed":false,"campfire_upgraded":1,"win_rate":0,"timestamp":1538066404,"path_taken":["M","$","?","?","M","E","M","R","T","M","R","$","M","M","R","BOSS"],"build_version":"2018-09-20","purchased_purges":2,"victory":false,"max_hp_per_floor":[85,85,90,90,90,90,90,90,90,90,90,90,90,90,90,90],"card_choices":[{"not_picked":["Sweeping Beam","Beam Cell","Skim"],"picked":"SKIP","floor":1},{"not_picked":["Barrage","Lockon","Gash"],"picked":"SKIP","floor":5},{"not_picked":["Hologram","Recycle"],"picked":"Tempest","floor":6},{"not_picked":["Hologram","Darkness"],"picked":"FTL","floor":7},{"not_picked":["Leap","Go for the Eyes"],"picked":"Core Surge","floor":10},{"not_picked":["Stack","Cold Snap","Go for the Eyes"],"picked":"SKIP","floor":13},{"not_picked":["Steam","Gash"],"picked":"Compile Driver","floor":14}],"player_experience":727021,"relics_obtained":[{"floor":4,"key":"Sundial"},{"floor":6,"key":"Omamori"},{"floor":9,"key":"Bronze Scales"}],"event_choices":[{"event_name":"Big Fish","player_choice":"Donut","floor":3,"damage_taken":0}],"is_beta":false,"boss_relics":[],"items_purged_floors":[2,12],"is_endless":false,"potions_floor_spawned":[7,10,14],"killed_by":"Hexaghost","ascension_level":19}