{"path_per_floor":["M","?","$","?","M","R","E","R","T","E","$","M","R","T","R","B",null,"M","$","M","?","M","R","E","R","T","E","R","M","?","M","R","B",null,"M","?","$","M","?","R","M","?","T","R","M","M","M","M","R"],"character_chosen":"THE_SILENT","items_purchased":["Juzu Bracelet","Mummified Hand","Footwork","PiercingWail","Sadistic Nature"],"gold_per_floor":[114,189,45,220,232,232,258,258,307,372,45,62,62,87,87,182,182,200,77,91,91,105,105,130,130,130,163,163,180,180,191,191,290,290,300,300,24,36,36,36,47,47,47,47,63,77,88,107,107,107],"floor_reached":50,"campfire_rested":5,"playtime":3218,"current_hp_per_floor":[60,49,49,49,48,48,19,40,40,37,37,25,46,46,46,36,62,62,62,56,56,51,51,15,36,36,30,51,36,36,32,46,22,42,41,49,49,42,37,37,47,47,47,47,25,35,41,48,48,0],"items_purged":["Doubt","Writhe"],"gold":107,"score":737,"play_id":"bd99f7c2-5fd9-40da-a31c-d9539dafc727","local_time":"20180408122407","is_prod":false,"is_daily":false,"is_ascension_mode":true,"campfire_upgraded":4,"timestamp":1523183047,"path_taken":["M","?","$","?","M","R","E","R","T","E","?","M","R","?","R","BOSS","M","$","M","?","M","R","E","R","T","E","R","M","?","M","R","BOSS","M","?","$","M","?","R","M","?","T","R","M","M","M","M","R","BOSS"],"build_version":"2018-04-05v2","purchased_purges":3,"victory":false,"master_deck":["Defend_G","Defend_G+1","Defend_G+1","Defend_G","Survivor","Neutralize+1","Clumsy","Flechettes","Glass Knife+1","Slice","Burst","Choke","Footwork","Malaise+1","Die Die Die","Malaise+1","PiercingWail","Outmaneuver","Heel Hook","Infinite Blades","Slice+1","Terror+1","Bite","Bite","Bite","Bite","Doppelganger+1","Acrobatics","Sadistic Nature","Deadly Poison+1","Madness","Dark Shackles","Well Laid Plans","Well Laid Plans"],"max_hp_per_floor":[70,70,70,70,70,70,70,70,70,70,70,70,70,70,70,70,70,70,70,70,70,70,70,70,70,70,70,70,70,49,49,49,49,49,49,49,49,49,49,49,49,49,49,49,49,49,49,49,49,49],"relics":["Ring of the Snake","Juzu Bracelet","Paper Crane","War Paint","Tiny Chest","Mummified Hand","Art of War","Sozu","Shovel","Bag of Marbles","Gremlin Horn","Lizard Tail","Bag of Preparation","Thread and Needle","Meat on the Bone"],"card_choices":[{"not_picked":["Predator","Heel Hook"],"picked":"Slice","floor":1},{"not_picked":["Poisoned Stab","Deflect"],"picked":"Burst","floor":7},{"not_picked":["Bane","Endless Agony"],"picked":"Choke","floor":10},{"not_picked":["Flying Knee","Infinite Blades"],"picked":"Malaise","floor":12},{"not_picked":["Venomology","Unload"],"picked":"Die Die Die","floor":16},{"not_picked":["Cloak And Dagger","Backflip"],"picked":"Malaise","floor":18},{"not_picked":["Choke","Calculated Gamble"],"picked":"Outmaneuver","floor":20},{"not_picked":["Catalyst","Backflip"],"picked":"Heel Hook","floor":22},{"not_picked":["Choke","Noxious Fumes"],"picked":"Infinite Blades","floor":24},{"not_picked":["Sucker Punch","Phantasmal Killer"],"picked":"Slice","floor":27},{"not_picked":["Dagger Throw","Slice"],"picked":"Terror","floor":29},{"not_picked":["Grand Finale","Tools of the Trade"],"picked":"Doppelganger","floor":33},{"not_picked":["Slice","Deflect"],"picked":"Acrobatics","floor":35},{"not_picked":["Accuracy","Masterful Stab"],"picked":"Deadly Poison","floor":38},{"not_picked":["Deep Breath","Secret Weapon"],"picked":"Madness","floor":39},{"not_picked":["Purity","Good Instincts"],"picked":"Dark Shackles","floor":39},{"not_picked":["Adrenaline","Sucker Punch"],"picked":"Well Laid Plans","floor":46},{"not_picked":["Noxious Fumes","Concentrate"],"picked":"Well Laid Plans","floor":47}],"player_experience":265707,"potions_floor_usage":[10,10,24],"damage_taken":[{"damage":3,"enemies":"2 Louse","floor":1,"turns":2},{"damage":1,"enemies":"Cultist","floor":5,"turns":3},{"damage":29,"enemies":"3 Sentries","floor":7,"turns":9},{"damage":3,"enemies":"Gremlin Nob","floor":10,"turns":4},{"damage":12,"enemies":"Jaw Worm","floor":12,"turns":2},{"damage":10,"enemies":"The Guardian","floor":16,"turns":17},{"damage":0,"enemies":"3 Byrds","floor":18,"turns":7},{"damage":6,"enemies":"Chosen","floor":20,"turns":8},{"damage":5,"enemies":"Snake Plant","floor":22,"turns":7},{"damage":51,"enemies":"Slavers","floor":24,"turns":9},{"damage":6,"enemies":"Book of Stabbing","floor":27,"turns":8},{"damage":15,"enemies":"Chosen and Byrds","floor":29,"turns":8},{"damage":12,"enemies":"Centurion and Healer","floor":31,"turns":6},{"damage":50,"enemies":"Collector","floor":33,"turns":16},{"damage":5,"enemies":"3 Shapes","floor":35,"turns":5},{"damage":10,"enemies":"Orb Walker","floor":38,"turns":7},{"damage":2,"enemies":"Maw","floor":41,"turns":10},{"damage":26,"enemies":"Sphere and 2 Shapes","floor":45,"turns":14},{"damage":6,"enemies":"3 Darklings","floor":46,"turns":7},{"damage":0,"enemies":"4 Shapes","floor":47,"turns":4},{"damage":7,"enemies":"Maw","floor":48,"turns":9},{"damage":100,"enemies":"Time Eater","floor":50,"turns":20}],"event_choices":[{"event_name":"World of Goop","player_choice":"Gather Gold","floor":2,"damage_taken":0},{"event_name":"Liars Game","player_choice":"agreed","floor":4,"damage_taken":0},{"event_name":"Accursed Blacksmith","player_choice":"Forge","floor":21,"damage_taken":0},{"event_name":"Vampires","player_choice":"Became a vampire","floor":30,"damage_taken":0},{"event_name":"Winding Halls","player_choice":"Writhe","floor":36,"damage_taken":0},{"event_name":"SensoryStone","player_choice":"Memory 2","floor":39,"damage_taken":0}],"boss_relics":[{"not_picked":["Cursed Key","Black Star"],"picked":"Sozu"},{"not_picked":["Pandora\u0027s Box","Tiny House"],"picked":"Lizard Tail"}],"potions_floor_spawned":[5,7,16,24,27,31,35,41,45,46,48],"seed_played":"-162249466920788674","killed_by":"Time Eater","ascension_level":9,"is_trial":false}