{"path_per_floor":["M","M","M","$","M","E","R","E","T","M","M"],"character_chosen":"DEFECT","items_purchased":["Defragment"],"gold_per_floor":[361,371,389,244,255,288,288,320,396,409,427,427],"floor_reached":12,"campfire_rested":1,"playtime":378,"item_purchase_floors":[4],"current_hp_per_floor":[67,67,66,66,34,9,29,19,19,11,2,0],"items_purged":["Defend_B"],"gold":427,"score":120,"play_id":"8a1c5bfb-7cdd-4266-9d43-e831bc475ecd","local_time":"20180603204037","is_prod":false,"is_daily":false,"chose_seed":false,"is_ascension_mode":true,"campfire_upgraded":0,"win_rate":0,"timestamp":1528072837,"campfire_choices":[{"floor":7,"key":"REST"}],"path_taken":["M","M","M","$","M","E","R","E","T","M","M","M"],"build_version":"2018-05-30v2","seed_source_timestamp":124990321680052,"purchased_purges":1,"victory":false,"master_deck":["Strike_B","Strike_B","Strike_B","Strike_B","Defend_B","Defend_B","Defend_B","Zap","Dualcast","Turbo","Leap","Machine Learning","Defragment","Rip and Tear","Reboot","Cold Snap","Defragment","Leap"],"max_hp_per_floor":[68,68,68,68,68,68,68,68,68,68,68,68],"relics":["Cracked Core","Oddly Smooth Stone","Ginger","Matryoshka"],"card_choices":[{"not_picked":["Go for the Eyes","Beam Cell"],"picked":"Turbo","floor":1},{"not_picked":["Glacier","Go for the Eyes"],"picked":"Leap","floor":2},{"not_picked":["Heatsinks","Streamline"],"picked":"Machine Learning","floor":3},{"not_picked":["Compile Driver","Go for the Eyes"],"picked":"Rip and Tear","floor":5},{"not_picked":["Ball Lightning","Hologram"],"picked":"Reboot","floor":6},{"not_picked":["White Noise","Ball Lightning"],"picked":"Cold Snap","floor":8},{"not_picked":["Chill","Ball Lightning"],"picked":"Defragment","floor":10},{"not_picked":["White Noise","Streamline"],"picked":"Leap","floor":11}],"player_experience":278526,"potions_floor_usage":[5,8,11],"damage_taken":[{"damage":1,"enemies":"Cultist","floor":1,"turns":3},{"damage":0,"enemies":"2 Louse","floor":2,"turns":2},{"damage":1,"enemies":"Jaw Worm","floor":3,"turns":4},{"damage":32,"enemies":"Exordium Thugs","floor":5,"turns":5},{"damage":25,"enemies":"3 Sentries","floor":6,"turns":7},{"damage":10,"enemies":"Gremlin Nob","floor":8,"turns":3},{"damage":8,"enemies":"Red Slaver","floor":10,"turns":4},{"damage":9,"enemies":"2 Fungi Beasts","floor":11,"turns":2},{"damage":4,"enemies":"Lots of Slimes","floor":12,"turns":1}],"relics_obtained":[{"floor":6,"key":"Oddly Smooth Stone"},{"floor":8,"key":"Ginger"},{"floor":9,"key":"Matryoshka"}],"event_choices":[],"boss_relics":[],"items_purged_floors":[4],"potions_floor_spawned":[2,3,8],"seed_played":"-2903828221687788817","killed_by":"Lots of Slimes","ascension_level":6,"potions_obtained":[{"floor":2,"key":"Ancient Potion"},{"floor":3,"key":"Swift Potion"},{"floor":8,"key":"Explosive Potion"}],"is_trial":false}