{"gold_per_floor":[117,132,152,171,181,207,207,177,177,188,199,199,257,225,225,321,321,341,341,341,355,369,369],"floor_reached":23,"playtime":1691,"items_purged":[],"score":195,"play_id":"feb31945-4292-4761-8db3-adb8620e37af","local_time":"20181223230443","is_ascension_mode":false,"campfire_choices":[{"floor":7,"key":"REST"},{"floor":15,"key":"REST"}],"neow_cost":"TEN_PERCENT_HP_LOSS","seed_source_timestamp":619410010442100,"circlet_count":0,"master_deck":["Defend_G","Defend_G","Defend_G","Defend_G","Defend_G","Strike_G","Strike_G","Strike_G","Strike_G","Strike_G","Survivor","Neutralize","Leg Sweep","Acrobatics","Predator","Malaise","Caltrops","Noxious Fumes","Noxious Fumes","Slice","A Thousand Cuts","Infinite Blades","Dash","Slice+1","Bouncing Flask"],"relics":["Ring of the Serpent","Girya","Incense Burner","Kunai","Ancient Tea Set","Pantograph"],"potions_floor_usage":[6,23],"damage_taken":[{"damage":1,"enemies":"Cultist","floor":1,"turns":4},{"damage":0,"enemies":"Jaw Worm","floor":2,"turns":5},{"damage":0,"enemies":"Small Slimes","floor":3,"turns":3},{"damage":2,"enemies":"3 Louse","floor":4,"turns":4},{"damage":10,"enemies":"Exordium Wildlife","floor":5,"turns":8},{"damage":25,"enemies":"Lagavulin","floor":6,"turns":9},{"damage":0,"enemies":"Looter","floor":8,"turns":4},{"damage":2,"enemies":"Large Slime","floor":10,"turns":7},{"damage":5,"enemies":"2 Fungi Beasts","floor":11,"turns":4},{"damage":16,"enemies":"Hexaghost","floor":16,"turns":10},{"damage":9,"enemies":"Shell Parasite","floor":18,"turns":9},{"damage":26,"enemies":"Chosen","floor":21,"turns":7},{"damage":8,"enemies":"Centurion and Healer","floor":22,"turns":8},{"damage":30,"enemies":"Gremlin Leader","floor":23,"turns":4}],"seed_played":"1924518262993334876","potions_obtained":[{"floor":1,"key":"Strength Potion"},{"floor":3,"key":"FairyPotion"},{"floor":5,"key":"Explosive Potion"},{"floor":16,"key":"Ancient Potion"},{"floor":18,"key":"PowerPotion"}],"is_trial":false,"path_per_floor":["M","M","M","M","M","E","R","M","T","M","M","?","?","?","R","B",null,"M","?","T","M","M","E"],"character_chosen":"THE_SILENT","items_purchased":[],"campfire_rested":2,"item_purchase_floors":[],"current_hp_per_floor":[62,62,62,60,50,25,43,43,43,41,36,3,3,3,21,5,63,54,54,54,28,20,0],"gold":369,"neow_bonus":"ONE_RARE_RELIC","is_prod":false,"is_daily":false,"chose_seed":false,"campfire_upgraded":0,"win_rate":0,"timestamp":1545627883,"path_taken":["M","M","M","M","?","E","R","M","T","M","M","?","?","?","R","BOSS","M","?","?","M","M","E"],"build_version":"2018-12-20","purchased_purges":0,"victory":false,"max_hp_per_floor":[63,63,63,63,63,63,63,63,63,63,63,63,63,63,63,63,63,63,63,63,63,63,63],"card_choices":[{"not_picked":["Terror","Underhanded Strike"],"picked":"Leg Sweep","floor":1},{"not_picked":["Flying Knee","Bane"],"picked":"Acrobatics","floor":2},{"not_picked":["Blur","Distraction"],"picked":"Predator","floor":3},{"not_picked":["Outmaneuver","Dagger Spray","Flying Knee"],"picked":"SKIP","floor":4},{"not_picked":["Bane","Underhanded Strike"],"picked":"Malaise","floor":5},{"not_picked":["Acrobatics","Dagger Spray"],"picked":"Caltrops","floor":6},{"not_picked":["Reflex","Cloak And Dagger"],"picked":"Noxious Fumes","floor":8},{"not_picked":["Poisoned Stab","Riddle With Holes"],"picked":"Noxious Fumes","floor":10},{"not_picked":["Dodge and Roll","Blur"],"picked":"Slice","floor":11},{"not_picked":["Bullet Time","Unload"],"picked":"A Thousand Cuts","floor":16},{"not_picked":["Choke","Dagger Spray"],"picked":"Infinite Blades","floor":18},{"not_picked":["Blur","Predator"],"picked":"Slice+1","floor":21},{"not_picked":["Poisoned Stab+1","Dagger Throw"],"picked":"Bouncing Flask","floor":22}],"player_experience":288396,"relics_obtained":[{"floor":6,"key":"Incense Burner"},{"floor":9,"key":"Kunai"},{"floor":20,"key":"Pantograph"}],"event_choices":[{"damage_healed":0,"gold_gain":0,"player_choice":"Success","damage_taken":33,"relics_obtained":["Ancient Tea Set"],"max_hp_gain":0,"max_hp_loss":0,"event_name":"Scrap Ooze","floor":12,"gold_loss":0},{"damage_healed":0,"gold_gain":58,"player_choice":"Gained Gold","damage_taken":0,"max_hp_gain":0,"max_hp_loss":0,"event_name":"Golden Wing","floor":13,"gold_loss":0},{"damage_healed":0,"gold_gain":0,"player_choice":"Left Gold","damage_taken":0,"max_hp_gain":0,"max_hp_loss":0,"event_name":"World of Goop","floor":14,"gold_loss":32},{"damage_healed":0,"gold_gain":0,"player_choice":"Read","damage_taken":0,"max_hp_gain":0,"max_hp_loss":0,"event_name":"The Library","floor":19,"gold_loss":0,"cards_obtained":["Dash"]}],"is_beta":false,"boss_relics":[{"not_picked":["Orrery","Pandora\u0027s Box"],"picked":"Ring of the Serpent"}],"items_purged_floors":[],"is_endless":false,"potions_floor_spawned":[1,3,5,16,18],"killed_by":"Gremlin Leader","ascension_level":0}