{"gold_per_floor":[110,110,65,80,97,122,122,151,151,151,326,326,338,350,350,455,455,466,482,496,506,526,561,561,407,407,407,442,453,453,466,466,562,562,574,590,607,607,507,536,536,411,436,436,447,472,0,17,17,17],"floor_reached":51,"playtime":4965,"items_purged":["Doubt","Strike_B","FTL"],"score":734,"play_id":"7a4d7683-bb99-4ca8-96f0-25845b37ab8a","local_time":"20190326101858","is_ascension_mode":false,"campfire_choices":[{"data":"Defragment","floor":7,"key":"SMITH"},{"data":"Zap","floor":10,"key":"SMITH"},{"data":"Coolheaded","floor":12,"key":"SMITH"},{"data":"Capacitor","floor":15,"key":"SMITH"},{"data":"Defragment","floor":24,"key":"SMITH"},{"floor":27,"key":"REST"},{"data":"Capacitor","floor":32,"key":"SMITH"},{"floor":41,"key":"REST"},{"floor":49,"key":"REST"}],"neow_cost":"NONE","seed_source_timestamp":204072798199992,"circlet_count":0,"master_deck":["Strike_B+1","Strike_B+1","Strike_B+1","Defend_B","Defend_B","Defend_B+1","Defend_B","Zap+1","Dualcast","Coolheaded+1","Glacier","Defragment+1","Cold Snap+1","Capacitor+1","Chill","Streamline+1","Echo Form","Go for the Eyes+1","Defragment+1","Coolheaded+1","Capacitor+1","Hologram+1","Loop","All For One+1","All For One+1","Parasite","Hologram+1"],"relics":["Cracked Core","Molten Egg 2","Torii","Prayer Wheel","Snecko Eye","Kunai","Dodecahedron","Whetstone","Inserter","Orichalcum","Dream Catcher","Frozen Egg 2","The Courier","Red Mask"],"potions_floor_usage":[16,23,50],"damage_taken":[{"damage":0,"enemies":"2 Louse","floor":1,"turns":2},{"damage":0,"enemies":"Jaw Worm","floor":4,"turns":3},{"damage":0,"enemies":"Cultist","floor":5,"turns":3},{"damage":7,"enemies":"3 Sentries","floor":6,"turns":9},{"damage":11,"enemies":"Lagavulin","floor":8,"turns":7},{"damage":2,"enemies":"Lots of Slimes","floor":13,"turns":4},{"damage":1,"enemies":"Large Slime","floor":14,"turns":4},{"damage":4,"enemies":"Hexaghost","floor":16,"turns":12},{"damage":1,"enemies":"Spheric Guardian","floor":18,"turns":4},{"damage":0,"enemies":"3 Byrds","floor":19,"turns":8},{"damage":1,"enemies":"Centurion and Healer","floor":20,"turns":10},{"damage":1,"enemies":"Chosen and Byrds","floor":21,"turns":7},{"damage":23,"enemies":"Snake Plant","floor":22,"turns":5},{"damage":21,"enemies":"Slavers","floor":23,"turns":3},{"damage":12,"enemies":"Book of Stabbing","floor":28,"turns":6},{"damage":0,"enemies":"Snecko","floor":29,"turns":6},{"damage":0,"enemies":"3 Cultists","floor":31,"turns":8},{"damage":1,"enemies":"Automaton","floor":33,"turns":18},{"damage":0,"enemies":"Orb Walker","floor":35,"turns":4},{"damage":0,"enemies":"3 Shapes","floor":36,"turns":1},{"damage":0,"enemies":"Sphere and 2 Shapes","floor":37,"turns":5},{"damage":29,"enemies":"Nemesis","floor":40,"turns":13},{"damage":2,"enemies":"Writhing Mass","floor":45,"turns":8},{"damage":1,"enemies":"Giant Head","floor":46,"turns":2},{"damage":28,"enemies":"4 Shapes","floor":48,"turns":6},{"damage":20,"enemies":"Time Eater","floor":50,"turns":14}],"seed_played":"7979051985426794959","potions_obtained":[{"floor":5,"key":"SteroidPotion"},{"floor":6,"key":"Ancient Potion"},{"floor":8,"key":"PowerPotion"},{"floor":19,"key":"SteroidPotion"},{"floor":22,"key":"PowerPotion"},{"floor":29,"key":"Fire Potion"}],"is_trial":false,"path_per_floor":["M","?","$","M","M","E","R","E","T","R","?","R","M","M","R","B",null,"M","M","M","M","M","E","R","$","T","R","E","M","?","M","R","B",null,"M","M","M","?","$","E","R","$","T","T","M","E","?","M","R","B",null],"character_chosen":"DEFECT","items_purchased":["Coolheaded","Capacitor"],"campfire_rested":3,"item_purchase_floors":[3,25],"current_hp_per_floor":[82,66,66,66,66,59,59,48,48,48,48,48,46,45,45,41,82,81,81,80,79,56,35,35,35,35,59,47,47,47,47,47,46,82,82,82,82,82,82,53,77,77,77,77,75,74,74,46,70,50],"gold":17,"neow_bonus":"TEN_PERCENT_HP_BONUS","is_prod":false,"is_daily":false,"chose_seed":false,"campfire_upgraded":6,"win_rate":0,"timestamp":1553609938,"path_taken":["M","?","$","M","M","E","R","E","T","R","?","R","?","?","R","BOSS","M","?","M","M","M","E","R","$","T","R","E","M","?","M","R","BOSS","M","M","M","?","?","E","R","$","T","?","?","E","?","M","R","BOSS"],"build_version":"2019-01-23","purchased_purges":3,"victory":true,"max_hp_per_floor":[82,82,82,82,82,82,82,82,82,82,82,82,82,82,82,82,82,82,82,82,82,82,82,82,82,82,82,82,82,82,82,82,82,82,82,82,82,82,82,82,82,82,82,82,82,82,82,82,82,82],"card_choices":[{"not_picked":["Redo","Turbo"],"picked":"FTL","floor":1},{"not_picked":["Rebound","Streamline"],"picked":"Glacier","floor":4},{"not_picked":["Gash","Fusion","Streamline"],"picked":"SKIP","floor":5},{"not_picked":["Cold Snap","All For One"],"picked":"Defragment","floor":6},{"not_picked":["Rebound+1","Turbo","Cold Snap+1"],"picked":"SKIP","floor":8},{"not_picked":["Rebound+1","Turbo"],"picked":"Cold Snap+1","floor":8},{"not_picked":["Compile Driver+1","Stack"],"picked":"Capacitor","floor":13},{"not_picked":["Cold Snap+1","Redo","Darkness"],"picked":"SKIP","floor":13},{"not_picked":["Cold Snap+1","Leap"],"picked":"Chill","floor":14},{"not_picked":["Heatsinks","Gash+1"],"picked":"Streamline+1","floor":14},{"not_picked":["Amplify","Fission"],"picked":"Echo Form","floor":16},{"not_picked":["Leap","Streamline+1"],"picked":"Go for the Eyes+1","floor":18},{"not_picked":["Ball Lightning+1","Beam Cell+1","Leap+1"],"picked":"SKIP","floor":18},{"not_picked":["Double Energy","Stack+1","Barrage+1"],"picked":"SKIP","floor":19},{"not_picked":["Redo","Barrage+1","Gash+1"],"picked":"SKIP","floor":19},{"not_picked":["Turbo","Beam Cell+1","Leap"],"picked":"SKIP","floor":20},{"not_picked":["Tempest+1","Redo","Ball Lightning+1"],"picked":"SKIP","floor":20},{"not_picked":["Barrage+1","Loop"],"picked":"Defragment","floor":21},{"not_picked":["Thunder Strike+1","Barrage+1"],"picked":"Coolheaded+1","floor":21},{"not_picked":["Barrage+1","Rebound+1","Leap+1"],"picked":"SKIP","floor":22},{"not_picked":["Sunder+1","Fusion","Cold Snap+1"],"picked":"SKIP","floor":22},{"not_picked":["Chill","Machine Learning","Steam"],"picked":"SKIP","floor":23},{"not_picked":["Coolheaded+1","Redo","Conserve Battery+1"],"picked":"SKIP","floor":28},{"not_picked":["Compile Driver+1","Cold Snap+1"],"picked":"Hologram+1","floor":29},{"not_picked":["Ball Lightning+1","Cold Snap+1","Rebound+1"],"picked":"SKIP","floor":29},{"not_picked":["Ball Lightning+1","Scrape+1"],"picked":"Loop","floor":31},{"not_picked":["Redo","Conserve Battery","Reinforced Body"],"picked":"SKIP","floor":31},{"not_picked":["Rainbow","Thunder Strike+1"],"picked":"All For One+1","floor":33},{"not_picked":["Capacitor+1","Ball Lightning+1","Tempest+1"],"picked":"SKIP","floor":35},{"not_picked":["Beam Cell+1","Sweeping Beam+1","Capacitor+1"],"picked":"SKIP","floor":35},{"not_picked":["Hologram+1","Melter+1","Coolheaded"],"picked":"SKIP","floor":36},{"not_picked":["Rebound+1","Fusion","Compile Driver+1"],"picked":"SKIP","floor":36},{"not_picked":["Go for the Eyes+1","Gash+1","Leap"],"picked":"SKIP","floor":37},{"not_picked":["Fusion+1","Beam Cell+1","Cold Snap+1"],"picked":"SKIP","floor":37},{"not_picked":["Conserve Battery+1","Redo"],"picked":"All For One+1","floor":40},{"not_picked":["Hologram+1","Leap","Beam Cell+1"],"picked":"SKIP","floor":45},{"not_picked":["Leap","Go for the Eyes+1","Rip and Tear+1"],"picked":"SKIP","floor":45},{"not_picked":["Barrage+1","Leap+1","Redo"],"picked":"SKIP","floor":46},{"not_picked":["Ball Lightning+1","Thunder Strike+1","Compile Driver+1"],"picked":"SKIP","floor":48},{"not_picked":["Go for the Eyes+1","Redo","Reinforced Body"],"picked":"SKIP","floor":48},{"not_picked":["Capacitor+1","Ball Lightning+1"],"picked":"Hologram+1","floor":49}],"player_experience":644686,"relics_obtained":[{"floor":6,"key":"Molten Egg 2"},{"floor":8,"key":"Torii"},{"floor":9,"key":"Prayer Wheel"},{"floor":23,"key":"Kunai"},{"floor":26,"key":"Dodecahedron"},{"floor":28,"key":"Whetstone"},{"floor":40,"key":"Orichalcum"},{"floor":43,"key":"Dream Catcher"},{"floor":44,"key":"Frozen Egg 2"},{"floor":46,"key":"The Courier"}],"event_choices":[{"damage_healed":0,"gold_gain":0,"player_choice":"Entered Light","damage_taken":16,"max_hp_gain":0,"max_hp_loss":0,"event_name":"Shining Light","floor":2,"gold_loss":0,"cards_upgraded":["Strike_B","Defend_B"]},{"damage_healed":0,"gold_gain":175,"player_choice":"AGREE","damage_taken":0,"max_hp_gain":0,"max_hp_loss":0,"event_name":"Liars Game","floor":11,"gold_loss":0,"cards_obtained":["Doubt"]},{"damage_healed":0,"gold_gain":0,"player_choice":"Read","damage_taken":0,"max_hp_gain":0,"max_hp_loss":0,"event_name":"The Library","floor":30,"gold_loss":0,"cards_obtained":["Loop"]},{"cards_removed":["Loop"],"damage_healed":0,"gold_gain":0,"player_choice":"Offered Uncommon","damage_taken":0,"max_hp_gain":0,"max_hp_loss":0,"event_name":"Bonfire Elementals","floor":38,"gold_loss":0},{"damage_healed":0,"gold_gain":0,"player_choice":"Paid","damage_taken":0,"relics_obtained":["Red Mask"],"max_hp_gain":0,"max_hp_loss":0,"event_name":"Tomb of Lord Red Mask","floor":47,"gold_loss":472}],"is_beta":false,"boss_relics":[{"not_picked":["Ectoplasm","Runic Pyramid"],"picked":"Snecko Eye"},{"not_picked":["Fusion Hammer","Busted Crown"],"picked":"Inserter"}],"items_purged_floors":[25,39,42],"is_endless":false,"potions_floor_spawned":[5,6,8,19,20,22,29,35,45,46],"ascension_level":0}