{"path_per_floor":["M","M","M","M","$","R","E","?","T","M","M","M","R","?","R","B",null,"M","M","M","?","$","R","?","R","T","E","M","M","M","M","R","B",null,"M","M","?","M","M","R","$","M","T","?","M","M","E","M","R","B"],"character_chosen":"DEFECT","items_purchased":["Bag of Preparation","Oddly Smooth Stone","Hologram","Rebound"],"gold_per_floor":[114,129,144,159,84,84,114,189,214,229,244,259,259,259,259,359,359,374,389,404,327,77,77,2,2,2,32,47,62,77,92,92,192,192,207,222,222,237,252,252,7,22,22,22,37,52,82,97,97,97],"floor_reached":51,"campfire_rested":1,"playtime":2805,"item_purchase_floors":[22,41,41,41],"current_hp_per_floor":[74,74,74,74,74,74,66,55,55,54,54,54,54,54,54,48,75,75,55,48,48,48,48,48,48,48,32,11,5,1,1,70,30,70,67,64,64,63,65,65,65,64,64,64,63,65,66,66,66,53],"items_purged":["Strike_B","Defend_B"],"gold":97,"score":784,"play_id":"79e3de2b-3408-4616-b388-e59b6f2bd492","local_time":"20180610021527","daily_mods":["Specialized","Uncertain Future","Night Terrors"],"is_prod":false,"is_daily":true,"chose_seed":false,"is_ascension_mode":false,"campfire_upgraded":7,"win_rate":0,"timestamp":1528611327,"campfire_choices":[{"data":"Zap","floor":6,"key":"SMITH"},{"data":"Seek","floor":13,"key":"SMITH"},{"data":"Seek","floor":15,"key":"SMITH"},{"data":"J.A.X.","floor":23,"key":"SMITH"},{"data":"Conserve Battery","floor":25,"key":"SMITH"},{"floor":32,"key":"REST"},{"data":"Beam Cell","floor":40,"key":"SMITH"},{"data":"Apotheosis","floor":49,"key":"SMITH"}],"path_taken":["M","?","M","M","$","R","E","?","T","M","M","M","R","?","R","BOSS","M","M","M","?","$","R","?","R","T","E","M","M","?","M","R","BOSS","M","M","?","M","M","R","$","M","T","?","?","M","E","M","R","BOSS"],"build_version":"2018-06-08","seed_source_timestamp":0,"purchased_purges":2,"victory":true,"master_deck":["Strike_B","Strike_B","Defend_B","Defend_B","Defend_B","Zap+1","Dualcast","Seek","Seek","Seek+1","Seek","Seek+1","Conserve Battery+1","Coolheaded","Go for the Eyes+1","FTL","Chill","Sweeping Beam","FTL","Machine Learning","Turbo","Cold Snap+1","Sweeping Beam+1","J.A.X.+1","Auto Shields","Beam Cell+1","Compile Driver","Leap+1","Compile Driver+1","All For One","Steam Power+1","Turbo+1","White Noise+1","Compile Driver+1","Hologram","Rebound","Gash","Apotheosis+1","Turbo+1","Go for the Eyes"],"max_hp_per_floor":[75,75,75,75,75,75,75,75,75,75,75,75,75,75,75,75,75,75,75,75,75,75,75,75,75,75,75,75,75,75,75,70,70,70,70,70,70,70,70,70,70,70,70,70,70,70,70,70,70,70],"relics":["Cracked Core","Mercury Hourglass","Art of War","Black Star","Bag of Preparation","Happy Flower","Orichalcum","Omamori","Cursed Key","Bird Faced Urn","Oddly Smooth Stone","Boot","Ornamental Fan","Smiling Mask"],"card_choices":[{"not_picked":["Capacitor","Compile Driver"],"picked":"Conserve Battery","floor":1},{"not_picked":["Barrage","Scrape"],"picked":"Coolheaded","floor":2},{"not_picked":["Redo","Compile Driver"],"picked":"Go for the Eyes","floor":3},{"not_picked":["Coolheaded","Storm","Go for the Eyes"],"picked":"SKIP","floor":4},{"not_picked":["Barrage","Ball Lightning"],"picked":"FTL","floor":7},{"not_picked":["Lockon","Conserve Battery"],"picked":"Chill","floor":10},{"not_picked":["Leap","Conserve Battery"],"picked":"Sweeping Beam","floor":11},{"not_picked":["Ball Lightning","Blizzard"],"picked":"FTL","floor":12},{"not_picked":["Hyperbeam","Seek"],"picked":"Machine Learning","floor":16},{"not_picked":["Skim+1","Beam Cell"],"picked":"Turbo","floor":18},{"not_picked":["Turbo","Capacitor"],"picked":"Cold Snap+1","floor":19},{"not_picked":["Rebound","Beam Cell"],"picked":"Sweeping Beam+1","floor":20},{"not_picked":["Barrage","All For One"],"picked":"Auto Shields","floor":27},{"not_picked":["White Noise","Hello World+1"],"picked":"Beam Cell","floor":28},{"not_picked":["Turbo","Streamline"],"picked":"Compile Driver","floor":29},{"not_picked":["Beam Cell","Sunder"],"picked":"Leap+1","floor":30},{"not_picked":["Reprogram","Rebound"],"picked":"Compile Driver+1","floor":31},{"not_picked":["Creative AI","Electrodynamics"],"picked":"All For One","floor":33},{"not_picked":["Genetic Algorithm","Reprogram+1"],"picked":"Steam Power+1","floor":35},{"not_picked":["Blizzard+1","Reinforced Body"],"picked":"Turbo+1","floor":36},{"not_picked":["Storm","Beam Cell"],"picked":"White Noise+1","floor":38},{"not_picked":["Go for the Eyes","Stack"],"picked":"Compile Driver+1","floor":39},{"not_picked":["Chaos","Chill"],"picked":"Gash","floor":42},{"not_picked":["Madness","Sadistic Nature"],"picked":"Apotheosis","floor":44},{"not_picked":["Leap","Heatsinks+1","Redo+1"],"picked":"SKIP","floor":45},{"not_picked":["Barrage+1","Redo+1"],"picked":"Turbo+1","floor":46},{"not_picked":["Rip and Tear","Conserve Battery+1"],"picked":"Go for the Eyes","floor":47},{"not_picked":["Heatsinks","Undo","Steam+1"],"picked":"SKIP","floor":48}],"player_experience":300320,"potions_floor_usage":[27,27,50,50,50,50,50,50],"damage_taken":[{"damage":1,"enemies":"Cultist","floor":1,"turns":3},{"damage":0,"enemies":"2 Louse","floor":2,"turns":1},{"damage":0,"enemies":"Jaw Worm","floor":3,"turns":4},{"damage":0,"enemies":"2 Fungi Beasts","floor":4,"turns":3},{"damage":8,"enemies":"3 Sentries","floor":7,"turns":10},{"damage":1,"enemies":"Exordium Thugs","floor":10,"turns":4},{"damage":0,"enemies":"Looter","floor":11,"turns":2},{"damage":0,"enemies":"3 Louse","floor":12,"turns":2},{"damage":6,"enemies":"The Guardian","floor":16,"turns":11},{"damage":0,"enemies":"Spheric Guardian","floor":18,"turns":3},{"damage":20,"enemies":"Chosen","floor":19,"turns":5},{"damage":7,"enemies":"Snake Plant","floor":20,"turns":4},{"damage":16,"enemies":"Slavers","floor":27,"turns":2},{"damage":21,"enemies":"Chosen and Byrds","floor":28,"turns":6},{"damage":6,"enemies":"Snecko","floor":29,"turns":3},{"damage":4,"enemies":"Cultist and Chosen","floor":30,"turns":4},{"damage":0,"enemies":"Slaver and Parasite","floor":31,"turns":4},{"damage":40,"enemies":"Champ","floor":33,"turns":9},{"damage":3,"enemies":"Flame Bruiser 1 Orb","floor":35,"turns":3},{"damage":3,"enemies":"3 Darklings","floor":36,"turns":3},{"damage":3,"enemies":"Maw","floor":38,"turns":3},{"damage":0,"enemies":"4 Shapes","floor":39,"turns":3},{"damage":3,"enemies":"3 Darklings","floor":42,"turns":2},{"damage":3,"enemies":"Sphere and 2 Shapes","floor":45,"turns":2},{"damage":0,"enemies":"Transient","floor":46,"turns":5},{"damage":3,"enemies":"Giant Head","floor":47,"turns":2},{"damage":0,"enemies":"4 Shapes","floor":48,"turns":1},{"damage":24,"enemies":"Donu and Deca","floor":50,"turns":6}],"relics_obtained":[{"floor":7,"key":"Mercury Hourglass"},{"floor":9,"key":"Art of War"},{"floor":26,"key":"Happy Flower"},{"floor":27,"key":"Orichalcum"},{"floor":27,"key":"Omamori"},{"floor":43,"key":"Boot"},{"floor":47,"key":"Ornamental Fan"},{"floor":47,"key":"Smiling Mask"}],"event_choices":[{"event_name":"World of Goop","player_choice":"Gather Gold","floor":8,"damage_taken":0},{"event_name":"Living Wall","player_choice":"Grow","floor":14,"damage_taken":0},{"event_name":"Drug Dealer","player_choice":"Got JAXXED","floor":21,"damage_taken":0},{"event_name":"Beggar","player_choice":"Gave Gold","floor":24,"damage_taken":0},{"event_name":"Accursed Blacksmith","player_choice":"Rummage","floor":37,"damage_taken":0},{"event_name":"SensoryStone","player_choice":"Memory 1","floor":44,"damage_taken":0}],"boss_relics":[{"not_picked":["Busted Crown","Runic Pyramid"],"picked":"Black Star"},{"not_picked":["White Beast Statue","Runic Dome"],"picked":"Cursed Key"}],"items_purged_floors":[5,22],"potions_floor_spawned":[2,3,11,18,19,30,35,36,42],"seed_played":"3483754520663097572","ascension_level":0,"potions_obtained":[{"floor":2,"key":"PowerPotion"},{"floor":3,"key":"Ancient Potion"},{"floor":11,"key":"SpeedPotion"},{"floor":18,"key":"Explosive Potion"},{"floor":30,"key":"Block Potion"},{"floor":35,"key":"Ancient Potion"},{"floor":36,"key":"EntropicBrew"}],"is_trial":false}