{"path_per_floor":["M","?","M","?","M","E","R","E","T","$","M","?","?","M","R","B",null,"M","?","?","?","M","R","$"],"character_chosen":"THE_SILENT","items_purchased":["Flying Knee","Blood Vial","Flying Knee"],"gold_per_floor":[114,114,129,129,144,174,174,204,279,159,174,174,232,247,247,347,347,287,287,287,287,302,302,101],"floor_reached":25,"campfire_rested":2,"playtime":1868,"current_hp_per_floor":[70,70,60,60,60,54,54,42,42,42,35,35,26,26,47,29,29,13,13,13,13,10,31,31],"items_purged":["Strike_G"],"gold":101,"score":207,"play_id":"f5fb3930-ba55-46a7-a315-7481c674cb10","local_time":"20180302220527","daily_mods":[{"name":"All Star","description":"Start with 2 colorless cards.","modID":"Allstar","img":{"data":{"file":{"file":{"path":"images\\ui\\run_mods\\all_star.png"},"type":"Internal"},"width":64,"height":64,"format":"RGBA8888","useMipMaps":false,"isPrepared":false},"glTarget":3553,"glHandle":684,"minFilter":"Linear","magFilter":"Linear","uWrap":"ClampToEdge","vWrap":"ClampToEdge"},"positive":true},{"name":"Lethal Enemies","description":"All enemies start with +3 Strength.","modID":"Lethal Enemies","img":{"data":{"file":{"file":{"path":"images\\ui\\run_mods\\lethal_enemies.png"},"type":"Internal"},"width":64,"height":64,"format":"RGBA8888","useMipMaps":false,"isPrepared":false},"glTarget":3553,"glHandle":675,"minFilter":"Linear","magFilter":"Linear","uWrap":"ClampToEdge","vWrap":"ClampToEdge"},"positive":false},{"name":"Elite Swarm","description":"Elite enemies are swarming the Spire.","modID":"Elite Swarm","img":{"data":{"file":{"file":{"path":"images\\ui\\run_mods\\elite_swarm.png"},"type":"Internal"},"width":64,"height":64,"format":"RGBA8888","useMipMaps":false,"isPrepared":false},"glTarget":3553,"glHandle":674,"minFilter":"Linear","magFilter":"Linear","uWrap":"ClampToEdge","vWrap":"ClampToEdge"},"positive":false},{"name":"Restless Journey","description":"You no longer heal when entering new acts.","modID":"Restless Journey","img":{"data":{"file":{"file":{"path":"images\\ui\\run_mods\\restless_journey.png"},"type":"Internal"},"width":64,"height":64,"format":"RGBA8888","useMipMaps":false,"isPrepared":false},"glTarget":3553,"glHandle":676,"minFilter":"Linear","magFilter":"Linear","uWrap":"ClampToEdge","vWrap":"ClampToEdge"},"positive":false}],"is_prod":false,"is_daily":true,"is_ascension_mode":false,"campfire_upgraded":1,"timestamp":1520057127,"path_taken":["M","?","M","?","M","E","R","E","T","$","M","?","?","M","R","BOSS","M","?","?","?","M","R","?","E"],"build_version":"2018-03-01-PROD1","purchased_purges":1,"victory":false,"master_deck":["Defend_G","Defend_G","Defend_G","Defend_G","Defend_G","Strike_G","Strike_G","Strike_G","Survivor","Neutralize","Dark Shackles","Purity","Sucker Punch","Backflip","Slice","Footwork+1","Caltrops+1","Flying Knee+1","Backflip","Poisoned Stab+1","Poisoned Stab+1","Bullet Time","Backflip","Writhe","Decay","Blur+1","Flying Knee+1"],"max_hp_per_floor":[70,70,70,70,70,70,70,70,70,70,70,70,70,70,70,70,70,70,70,70,70,70,70,70],"relics":["Ring of the Snake","Molten Egg 2","Juzu Bracelet","Toolbox","Bag of Marbles","Question Card","Orichalcum","Blood Vial"],"card_choices":[{"not_picked":["Flechettes","Choke"],"picked":"Sucker Punch"},{"not_picked":["Infinite Blades","Bane"],"picked":"Backflip"},{"not_picked":["Dodge and Roll","PiercingWail"],"picked":"Slice"},{"not_picked":["Backflip","Cloak And Dagger"],"picked":"Footwork"},{"not_picked":["Deflect","Dagger Throw"],"picked":"Caltrops"},{"not_picked":["Deadly Poison","Masterful Stab"],"picked":"Backflip"},{"not_picked":["Tools of the Trade","Eviscerate"],"picked":"Poisoned Stab"},{"not_picked":["Catalyst","Underhanded Strike"],"picked":"Poisoned Stab"},{"not_picked":["Phantasmal Killer","Storm of Steel"],"picked":"Bullet Time"},{"not_picked":["Deadly Poison","Reflex","Choke"],"picked":"Backflip"},{"not_picked":["Backflip","Slice","Dodge and Roll"],"picked":"Blur"}],"player_experience":190444,"potions_floor_usage":[6,6,8,16],"damage_taken":[{"damage":0,"enemies":"Small Slimes","floor":1,"turns":3},{"damage":10,"enemies":"Cultist","floor":3,"turns":5},{"damage":0,"enemies":"2 Louse","floor":5,"turns":3},{"damage":6,"enemies":"Lagavulin","floor":6,"turns":6},{"damage":12,"enemies":"Gremlin Nob","floor":8,"turns":5},{"damage":7,"enemies":"Gremlin Gang","floor":11,"turns":4},{"damage":9,"enemies":"Lagavulin Event","floor":13,"turns":5},{"damage":0,"enemies":"3 Louse","floor":14,"turns":4},{"damage":18,"enemies":"Hexaghost","floor":16,"turns":8},{"damage":16,"enemies":"2 Thieves","floor":18,"turns":4},{"damage":3,"enemies":"Shell Parasite","floor":22,"turns":7},{"damage":38,"enemies":"Gremlin Leader","floor":25,"turns":2}],"event_choices":[{"event_name":"The Lab","player_choice":"Got Potions","floor":2,"damage_taken":0},{"event_name":"Purifier","player_choice":"One Purge","floor":4,"damage_taken":0},{"event_name":"Upgrade Shrine","player_choice":"Upgraded","floor":12,"damage_taken":0},{"event_name":"Dead Adventurer","player_choice":"Searched \u00272\u0027 times","floor":13,"damage_taken":0},{"event_name":"The Mausoleum","player_choice":"Yes","floor":19,"damage_taken":0},{"event_name":"Forgotten Altar","player_choice":"Smashed Altar","floor":20,"damage_taken":0},{"event_name":"Cursed Tome","player_choice":"Ignored","floor":21,"damage_taken":0}],"boss_relics":[{"not_picked":["Runic Pyramid","The Specimen"],"picked":"Question Card"}],"potions_floor_spawned":[3,5,13,13],"seed_played":"7095695899989429765","killed_by":"Gremlin Leader","ascension_level":0,"is_trial":false}