{"gold_per_floor":[109,124,144,162,173,173,201,224,224,244,258,284,298,573,573,676,676,695,741,763,786,798,837,849,861,873,885,928,129,129,149,149,250,250,266,166,166,180,193,193],"floor_reached":40,"playtime":1803,"items_purged":["Regret","Strike_B"],"score":515,"play_id":"8c85499a-07d3-4826-9403-3369d50f2fa5","local_time":"20190323112214","is_ascension_mode":false,"campfire_choices":[{"data":"Zap","floor":6,"key":"SMITH"},{"floor":15,"key":"REST"},{"floor":25,"key":"REST"},{"floor":27,"key":"REST"},{"floor":32,"key":"REST"}],"neow_cost":"NONE","seed_source_timestamp":167463590037391,"circlet_count":0,"master_deck":["Strike_B","Strike_B","Defend_B","Defend_B","Defend_B","Defend_B","Zap+1","Dualcast","Doom and Gloom","Conserve Battery","Coolheaded","BootSequence","Loop","Sweeping Beam","Ball Lightning","Electrodynamics","Buffer","Defragment","Seek","Meteor Strike","Defragment","Parasite"],"relics":["Cracked Core","Happy Flower","Odd Mushroom","Pantograph","Pen Nib","Fusion Hammer","MawBank","Du-Vu Doll","Bottled Tornado","Regal Pillow","Mummified Hand","Incense Burner","ClockworkSouvenir","Sozu"],"potions_floor_usage":[12],"damage_taken":[{"damage":1,"enemies":"Cultist","floor":1,"turns":3},{"damage":6,"enemies":"Jaw Worm","floor":2,"turns":3},{"damage":4,"enemies":"2 Louse","floor":3,"turns":2},{"damage":5,"enemies":"Blue Slaver","floor":4,"turns":3},{"damage":4,"enemies":"3 Louse","floor":5,"turns":3},{"damage":37,"enemies":"Gremlin Nob","floor":7,"turns":5},{"damage":6,"enemies":"The Mushroom Lair","floor":8,"turns":3},{"damage":0,"enemies":"2 Fungi Beasts","floor":10,"turns":3},{"damage":0,"enemies":"Large Slime","floor":11,"turns":4},{"damage":5,"enemies":"3 Sentries","floor":12,"turns":4},{"damage":0,"enemies":"Lots of Slimes","floor":13,"turns":1},{"damage":21,"enemies":"Slime Boss","floor":16,"turns":6},{"damage":0,"enemies":"Chosen","floor":18,"turns":3},{"damage":0,"enemies":"3 Byrds","floor":20,"turns":2},{"damage":11,"enemies":"Shelled Parasite and Fungi","floor":21,"turns":5},{"damage":53,"enemies":"Book of Stabbing","floor":23,"turns":6},{"damage":26,"enemies":"Gremlin Leader","floor":28,"turns":6},{"damage":0,"enemies":"Chosen and Byrds","floor":31,"turns":4},{"damage":0,"enemies":"Automaton","floor":33,"turns":10},{"damage":13,"enemies":"Orb Walker","floor":35,"turns":3},{"damage":0,"enemies":"3 Darklings","floor":38,"turns":3},{"damage":32,"enemies":"Writhing Mass","floor":39,"turns":5},{"damage":78,"enemies":"Giant Head","floor":40,"turns":8}],"seed_played":"-7919241850152489837","potions_obtained":[{"floor":2,"key":"LiquidBronze"},{"floor":3,"key":"FocusPotion"},{"floor":10,"key":"FairyPotion"},{"floor":13,"key":"Ancient Potion"}],"is_trial":false,"path_per_floor":["M","M","M","M","M","R","E","?","T","M","M","E","M","?","R","B",null,"M","T","M","M","?","E","$","R","T","R","E","$","?","M","R","B",null,"M","$","?","M","M","E"],"character_chosen":"DEFECT","items_purchased":["Mummified Hand","Incense Burner","ClockworkSouvenir"],"campfire_rested":4,"item_purchase_floors":[29,29,29],"current_hp_per_floor":[81,75,71,66,62,62,25,19,19,19,19,14,14,14,38,42,82,82,82,82,71,71,18,18,42,42,66,40,40,40,40,79,82,82,69,69,69,69,37,0],"gold":193,"neow_bonus":"TEN_PERCENT_HP_BONUS","is_prod":false,"is_daily":false,"chose_seed":false,"campfire_upgraded":1,"win_rate":0,"timestamp":1553354534,"path_taken":["M","M","M","?","M","R","E","?","T","M","M","E","M","?","R","BOSS","M","?","M","M","?","E","$","R","T","R","E","$","?","M","R","BOSS","M","$","?","M","M","E"],"build_version":"2019-01-23","purchased_purges":2,"victory":false,"max_hp_per_floor":[82,82,82,82,82,82,82,82,82,82,82,82,82,82,82,82,82,82,82,82,82,82,82,82,82,82,82,82,82,82,82,82,82,82,82,82,82,82,82,82],"card_choices":[{"not_picked":["Barrage","Steam","Stack"],"picked":"SKIP","floor":1},{"not_picked":["Go for the Eyes","Blizzard"],"picked":"Doom and Gloom","floor":2},{"not_picked":["Doom and Gloom","Stack"],"picked":"Conserve Battery","floor":3},{"not_picked":["Hello World","Stack"],"picked":"Coolheaded","floor":4},{"not_picked":["Darkness","Steam"],"picked":"BootSequence","floor":5},{"not_picked":["Leap","Streamline","Stack"],"picked":"SKIP","floor":7},{"not_picked":["Stack","Creative AI"],"picked":"Loop","floor":10},{"not_picked":["Redo","Blizzard"],"picked":"Sweeping Beam","floor":11},{"not_picked":["Steam Power","Compile Driver"],"picked":"Ball Lightning","floor":12},{"not_picked":["Coolheaded","Stack","Aggregate"],"picked":"SKIP","floor":13},{"not_picked":["Thunder Strike","Core Surge"],"picked":"Electrodynamics","floor":16},{"not_picked":["Barrage","Cold Snap","Stack"],"picked":"SKIP","floor":18},{"not_picked":["Conserve Battery","Chaos","Force Field"],"picked":"SKIP","floor":20},{"not_picked":["Hologram","Self Repair"],"picked":"Buffer","floor":21},{"not_picked":["Redo+1","Ball Lightning","Go for the Eyes"],"picked":"SKIP","floor":23},{"not_picked":["Gash","BootSequence"],"picked":"Seek","floor":28},{"not_picked":["Conserve Battery","Beam Cell+1","White Noise"],"picked":"SKIP","floor":31},{"not_picked":["Amplify","All For One"],"picked":"Meteor Strike","floor":33},{"not_picked":["Skim+1","Hologram+1"],"picked":"Defragment","floor":35},{"not_picked":["Tempest+1","Steam+1","Coolheaded"],"picked":"SKIP","floor":38},{"not_picked":["Heatsinks","Ball Lightning","Steam"],"picked":"SKIP","floor":39}],"player_experience":639920,"relics_obtained":[{"floor":7,"key":"Happy Flower"},{"floor":8,"key":"Odd Mushroom"},{"floor":9,"key":"Pantograph"},{"floor":12,"key":"Pen Nib"},{"floor":19,"key":"MawBank"},{"floor":23,"key":"Du-Vu Doll"},{"floor":26,"key":"Bottled Tornado"},{"floor":28,"key":"Regal Pillow"}],"event_choices":[{"damage_healed":0,"gold_gain":0,"player_choice":"Fought Mushrooms","damage_taken":0,"max_hp_gain":0,"max_hp_loss":0,"event_name":"Mushrooms","floor":8,"gold_loss":0},{"damage_healed":0,"gold_gain":275,"player_choice":"Desecrate","damage_taken":0,"max_hp_gain":0,"max_hp_loss":0,"event_name":"Golden Shrine","floor":14,"gold_loss":0,"cards_obtained":["Regret"]},{"damage_healed":0,"gold_gain":0,"player_choice":"Read","damage_taken":0,"max_hp_gain":0,"max_hp_loss":0,"event_name":"The Library","floor":22,"gold_loss":0,"cards_obtained":["Defragment"]},{"damage_healed":0,"gold_gain":0,"player_choice":"Ignored","damage_taken":0,"max_hp_gain":0,"max_hp_loss":0,"event_name":"Ghosts","floor":30,"gold_loss":0},{"cards_removed":["Strike_B"],"damage_healed":0,"gold_gain":0,"player_choice":"Removed Attack","damage_taken":0,"max_hp_gain":0,"max_hp_loss":0,"event_name":"Falling","floor":37,"gold_loss":0}],"is_beta":false,"boss_relics":[{"not_picked":["Coffee Dripper","Runic Dome"],"picked":"Fusion Hammer"},{"not_picked":["Empty Cage","Pandora\u0027s Box"],"picked":"Sozu"}],"items_purged_floors":[29,36],"is_endless":false,"potions_floor_spawned":[2,3,10,11,13,16,18,31,39],"killed_by":"Giant Head","ascension_level":0}