{"gold_per_floor":[111,111,11,11,23,23,53,71,71,87,87,115,115,129,129,205,205,218,108,127,27,46,72,72,35,35,35,35,35],"floor_reached":29,"playtime":2774,"items_purged":["Regret","Strike_G"],"score":464,"play_id":"1f0676a6-ff6d-4e88-abbb-fd60d769d972","local_time":"20190309191149","is_ascension_mode":true,"campfire_choices":[{"data":"Neutralize","floor":6,"key":"SMITH"},{"data":"After Image","floor":11,"key":"SMITH"},{"data":"Cloak And Dagger","floor":13,"key":"SMITH"},{"floor":15,"key":"REST"},{"floor":24,"key":"REST"},{"floor":28,"key":"REST"}],"neow_cost":"NONE","seed_source_timestamp":249359858786600,"circlet_count":0,"master_deck":["AscendersBane","Defend_G","Defend_G","Defend_G","Defend_G","Strike_G+1","Strike_G+1","Strike_G+1","Survivor","Neutralize+1","Dagger Throw","Predator","Cloak And Dagger+1","After Image+1","Well Laid Plans","A Thousand Cuts","PiercingWail","Malaise","Deadly Poison","Crippling Poison"],"relics":["Ring of the Snake","Whetstone","Nunchaku","CultistMask","Lantern","Matryoshka","Anchor","Black Star","Ornamental Fan","Blue Candle","Shuriken","The Courier"],"potions_floor_usage":[16,29,29],"damage_taken":[{"damage":0,"enemies":"Cultist","floor":1,"turns":3},{"damage":0,"enemies":"Small Slimes","floor":5,"turns":2},{"damage":22,"enemies":"3 Sentries","floor":7,"turns":9},{"damage":0,"enemies":"Jaw Worm","floor":8,"turns":3},{"damage":1,"enemies":"Red Slaver","floor":10,"turns":2},{"damage":3,"enemies":"Lagavulin","floor":12,"turns":8},{"damage":0,"enemies":"3 Louse","floor":14,"turns":3},{"damage":18,"enemies":"Slime Boss","floor":16,"turns":10},{"damage":31,"enemies":"3 Byrds","floor":18,"turns":5},{"damage":5,"enemies":"Chosen","floor":20,"turns":6},{"damage":0,"enemies":"Snake Plant","floor":22,"turns":7},{"damage":14,"enemies":"Gremlin Leader","floor":23,"turns":11},{"damage":47,"enemies":"Cultist and Chosen","floor":29,"turns":4}],"seed_played":"2766422309765411867","potions_obtained":[{"floor":12,"key":"SteroidPotion"},{"floor":14,"key":"Swift Potion"},{"floor":16,"key":"GamblersBrew"}],"is_trial":false,"path_per_floor":["M","?","$","?","M","R","E","M","T","M","R","E","R","M","R","B",null,"M","?","M","$","M","E","R","$","T","?","R","M"],"character_chosen":"THE_SILENT","items_purchased":["Dagger Throw","Crippling Poison"],"campfire_rested":3,"item_purchase_floors":[3,25],"current_hp_per_floor":[59,59,59,59,59,59,37,37,37,36,36,33,33,33,52,34,58,27,27,22,22,22,8,27,27,27,27,46,0],"gold":35,"neow_bonus":"RANDOM_COMMON_RELIC","is_prod":false,"is_daily":false,"chose_seed":false,"campfire_upgraded":3,"win_rate":0,"timestamp":1552187509,"path_taken":["M","?","$","?","M","R","E","M","T","?","R","E","R","M","R","BOSS","M","?","?","$","?","E","R","$","T","?","R","?"],"build_version":"2019-01-23","purchased_purges":2,"victory":false,"max_hp_per_floor":[66,66,66,66,66,66,66,66,66,66,66,66,66,66,66,66,66,66,66,66,66,66,66,66,66,66,66,66,66],"card_choices":[{"not_picked":["Deflect","Acrobatics","Skewer"],"picked":"SKIP","floor":1},{"not_picked":["Blur","Acrobatics"],"picked":"Predator","floor":5},{"not_picked":["Quick Slash","Outmaneuver","Heel Hook"],"picked":"SKIP","floor":7},{"not_picked":["Deflect","Expertise"],"picked":"Cloak And Dagger","floor":8},{"not_picked":["Slice","Deflect"],"picked":"After Image","floor":10},{"not_picked":["Deadly Poison","Flying Knee","Bane"],"picked":"SKIP","floor":12},{"not_picked":["Backstab","Concentrate"],"picked":"Well Laid Plans","floor":14},{"not_picked":["Burst","After Image"],"picked":"A Thousand Cuts","floor":16},{"not_picked":["Sucker Punch","Underhanded Strike"],"picked":"PiercingWail","floor":18},{"not_picked":["Caltrops","Well Laid Plans"],"picked":"Malaise","floor":20},{"not_picked":["Prepared","Sucker Punch"],"picked":"Deadly Poison","floor":22},{"not_picked":["Acrobatics","Predator","Flechettes"],"picked":"SKIP","floor":23}],"player_experience":678094,"relics_obtained":[{"floor":7,"key":"Lantern"},{"floor":9,"key":"Matryoshka"},{"floor":12,"key":"Anchor"},{"floor":23,"key":"Ornamental Fan"},{"floor":23,"key":"Blue Candle"},{"floor":26,"key":"Shuriken"},{"floor":26,"key":"The Courier"}],"event_choices":[{"damage_healed":0,"gold_gain":0,"player_choice":"Box","damage_taken":0,"relics_obtained":["Nunchaku"],"max_hp_gain":0,"max_hp_loss":0,"event_name":"Big Fish","floor":2,"gold_loss":0,"cards_obtained":["Regret"]},{"damage_healed":0,"gold_gain":0,"player_choice":"Trade","damage_taken":0,"relics_obtained":["CultistMask"],"max_hp_gain":0,"max_hp_loss":0,"event_name":"FaceTrader","floor":4,"gold_loss":0},{"cards_removed":["Strike_G"],"damage_healed":0,"gold_gain":0,"player_choice":"Upgrade and Remove","damage_taken":0,"max_hp_gain":0,"max_hp_loss":0,"event_name":"Designer","floor":19,"gold_loss":110,"cards_upgraded":["Strike_G"]},{"cards_removed":["Defend_G"],"damage_healed":0,"gold_gain":0,"player_choice":"Card Removal","damage_taken":0,"max_hp_gain":0,"max_hp_loss":0,"event_name":"Wheel of Change","floor":27,"gold_loss":0}],"is_beta":false,"boss_relics":[{"not_picked":["Pandora\u0027s Box","Ring of the Serpent"],"picked":"Black Star"}],"items_purged_floors":[3,21],"is_endless":false,"potions_floor_spawned":[12,14,16,18],"killed_by":"Cultist and Chosen","ascension_level":17}