{"gold_per_floor":[113,163,178,178,230,276,305,343,355,367,398,485,497,519,531,621,633,660,688,297,312,327,327],"floor_reached":23,"playtime":966,"items_purged":["Strike_R"],"score":376,"play_id":"b127cd2d-36eb-4edc-8590-f1654a8125fc","local_time":"20181107130419","is_ascension_mode":true,"campfire_choices":[{"floor":10,"key":"REST"},{"floor":13,"key":"REST"},{"data":"Bash","floor":15,"key":"SMITH"}],"neow_cost":"NONE","seed_source_timestamp":160651526391535,"circlet_count":0,"master_deck":["AscendersBane","Strike_R","Strike_R","Strike_R","Strike_R","Defend_R","Defend_R","Defend_R","Defend_R","Bash+1","True Grit","Combust","Perfected Strike","Power Through","Headbutt","Anger","Whirlwind","Battle Trance","Immolate","Shockwave","Corruption","Shrug It Off","Warcry+1","Feel No Pain"],"relics":["Burning Blood","MawBank","Sundial","Ancient Tea Set","FossilizedHelix","Sozu","Bottled Flame"],"potions_floor_usage":[8,16,16,23],"damage_taken":[{"damage":24,"enemies":"Jaw Worm","floor":1,"turns":6},{"damage":4,"enemies":"Cultist","floor":3,"turns":4},{"damage":51,"enemies":"Lagavulin","floor":6,"turns":8},{"damage":2,"enemies":"2 Louse","floor":7,"turns":3},{"damage":20,"enemies":"Gremlin Nob","floor":8,"turns":4},{"damage":7,"enemies":"Large Slime","floor":11,"turns":5},{"damage":0,"enemies":"2 Fungi Beasts","floor":14,"turns":2},{"damage":33,"enemies":"Hexaghost","floor":16,"turns":9},{"damage":8,"enemies":"3 Byrds","floor":18,"turns":3},{"damage":37,"enemies":"Shell Parasite","floor":19,"turns":4},{"damage":29,"enemies":"Snake Plant","floor":21,"turns":6},{"damage":0,"enemies":"Snecko","floor":22,"turns":5},{"damage":25,"enemies":"Book of Stabbing","floor":23,"turns":5}],"seed_played":"-71534059016702499","potions_obtained":[{"floor":1,"key":"BloodPotion"},{"floor":8,"key":"SpeedPotion"},{"floor":11,"key":"Regen Potion"},{"floor":16,"key":"LiquidBronze"}],"is_trial":false,"path_per_floor":["M","?","M","?","T","E","M","E","T","R","M","?","R","M","R","B",null,"M","M","$","M","M","E"],"character_chosen":"IRONCLAD","items_purchased":["Bottled Flame","Shrug It Off"],"campfire_rested":2,"item_purchase_floors":[20,20],"current_hp_per_floor":[50,50,52,57,57,12,16,10,10,34,33,22,46,52,52,40,70,68,37,37,14,20,0],"gold":327,"neow_bonus":"THREE_CARDS","is_prod":false,"is_daily":false,"chose_seed":false,"campfire_upgraded":1,"win_rate":0,"timestamp":1541592259,"path_taken":["M","?","?","?","?","E","M","E","T","R","M","?","R","M","R","BOSS","M","M","$","M","M","E"],"build_version":"2018-11-06","purchased_purges":1,"victory":false,"max_hp_per_floor":[75,75,75,80,80,80,80,80,80,80,80,80,80,80,80,80,80,80,80,80,80,80,80],"card_choices":[{"not_picked":["Havoc","Flex"],"picked":"True Grit","floor":0},{"not_picked":["Body Slam","Thunderclap"],"picked":"Combust","floor":1},{"not_picked":["Flex","Barricade"],"picked":"Perfected Strike","floor":3},{"not_picked":["Heavy Blade","Evolve"],"picked":"Power Through","floor":6},{"not_picked":["Sever Soul","Dual Wield"],"picked":"Headbutt","floor":7},{"not_picked":["Thunderclap","Limit Break"],"picked":"Anger","floor":8},{"not_picked":["Iron Wave","True Grit"],"picked":"Whirlwind","floor":11},{"not_picked":["Iron Wave","Sentinel"],"picked":"Battle Trance","floor":14},{"not_picked":["Double Tap","Limit Break"],"picked":"Immolate","floor":16},{"not_picked":["Power Through+1","Heavy Blade"],"picked":"Shockwave","floor":18},{"not_picked":["Evolve","Armaments"],"picked":"Corruption","floor":19},{"not_picked":["True Grit","Cleave"],"picked":"Warcry+1","floor":21},{"not_picked":["Rage","Carnage+1"],"picked":"Feel No Pain","floor":22}],"player_experience":331373,"relics_obtained":[{"floor":5,"key":"MawBank"},{"floor":6,"key":"Sundial"},{"floor":8,"key":"Ancient Tea Set"},{"floor":9,"key":"FossilizedHelix"}],"event_choices":[{"damage_healed":0,"gold_gain":50,"player_choice":"Pray","damage_taken":0,"max_hp_gain":0,"max_hp_loss":0,"event_name":"Golden Shrine","floor":2,"gold_loss":0},{"damage_healed":0,"gold_gain":0,"player_choice":"Donut","damage_taken":0,"max_hp_gain":5,"max_hp_loss":0,"event_name":"Big Fish","floor":4,"gold_loss":0},{"damage_healed":0,"gold_gain":75,"player_choice":"Gather Gold","damage_taken":11,"max_hp_gain":0,"max_hp_loss":0,"event_name":"World of Goop","floor":12,"gold_loss":0}],"is_beta":true,"boss_relics":[{"not_picked":["Black Blood","Runic Pyramid"],"picked":"Sozu"}],"items_purged_floors":[20],"is_endless":false,"potions_floor_spawned":[1,8,11,16,18,22],"killed_by":"Book of Stabbing","ascension_level":17}