{"gold_per_floor":[109,120,134,7,7,33,49,49,49,49,69,82,82,97,97,197,197,211,211,211,18,37,63,63,75,75,90,102,21,40,68,68,170,170,190,205,222,222,222,222],"floor_reached":40,"playtime":2441,"items_purged":["Shame"],"score":482,"play_id":"92709c0a-288a-460a-a197-6827e5564d32","local_time":"20190223000726","is_ascension_mode":false,"campfire_choices":[{"floor":8,"key":"REST"},{"data":"Iron Wave","floor":10,"key":"SMITH"},{"floor":15,"key":"REST"},{"data":"Armaments","floor":24,"key":"SMITH"},{"floor":32,"key":"REST"}],"neow_cost":"NONE","seed_source_timestamp":17638839358466,"circlet_count":0,"master_deck":["Strike_R","Strike_R","Defend_R","Defend_R","Defend_R","Defend_R","Bash","Injury","Twin Strike","Metallicize","Twin Strike+1","Iron Wave+1","Shockwave","Warcry","Twin Strike","Reaper","Disarm","Juggernaut","Iron Wave+1","Inflame","Uppercut","Offering","Blood for Blood+1","Armaments+1","Clumsy","Spot Weakness+1","Shrug It Off","Fire Breathing","Cleave","Battle Trance","Juggernaut","Warcry","Iron Wave+1","Iron Wave+1","Bandage Up"],"relics":["Calling Bell","Bronze Scales","Paper Frog","Torii","Ornamental Fan","Turnip","Cursed Key","Sling","Incense Burner","Gremlin Horn","Whetstone","Eternal Feather"],"potions_floor_usage":[16,23,33,40],"damage_taken":[{"damage":4,"enemies":"Cultist","floor":1,"turns":3},{"damage":10,"enemies":"Small Slimes","floor":2,"turns":2},{"damage":3,"enemies":"2 Louse","floor":3,"turns":3},{"damage":31,"enemies":"3 Sentries","floor":6,"turns":7},{"damage":1,"enemies":"Looter","floor":7,"turns":3},{"damage":2,"enemies":"Blue Slaver","floor":11,"turns":4},{"damage":1,"enemies":"Red Slaver","floor":12,"turns":3},{"damage":3,"enemies":"Gremlin Gang","floor":14,"turns":3},{"damage":15,"enemies":"The Guardian","floor":16,"turns":12},{"damage":2,"enemies":"Chosen","floor":18,"turns":4},{"damage":9,"enemies":"Shell Parasite","floor":22,"turns":4},{"damage":28,"enemies":"Slavers","floor":23,"turns":5},{"damage":3,"enemies":"3 Cultists","floor":25,"turns":5},{"damage":8,"enemies":"Snake Plant","floor":27,"turns":4},{"damage":2,"enemies":"Chosen and Byrds","floor":28,"turns":4},{"damage":21,"enemies":"Centurion and Healer","floor":30,"turns":6},{"damage":4,"enemies":"Gremlin Leader","floor":31,"turns":6},{"damage":61,"enemies":"Automaton","floor":33,"turns":9},{"damage":3,"enemies":"3 Shapes","floor":35,"turns":3},{"damage":22,"enemies":"Orb Walker","floor":36,"turns":3},{"damage":27,"enemies":"Jaw Worm Horde","floor":37,"turns":4},{"damage":46,"enemies":"Giant Head","floor":40,"turns":7}],"seed_played":"-9086623944216696376","potions_obtained":[{"floor":6,"key":"SpeedPotion"},{"floor":12,"key":"BloodPotion"},{"floor":14,"key":"SkillPotion"},{"floor":18,"key":"SpeedPotion"},{"floor":23,"key":"Ancient Potion"}],"is_trial":false,"path_per_floor":["M","M","M","$","?","E","M","R","T","R","M","M","?","M","R","B",null,"M","?","?","$","M","E","R","M","T","M","M","$","M","E","R","B",null,"M","M","M","?","?","E"],"character_chosen":"IRONCLAD","items_purchased":["Iron Wave","Sling","Fire Breathing"],"campfire_rested":3,"item_purchase_floors":[4,21,29],"current_hp_per_floor":[76,66,63,63,63,32,31,55,55,55,53,52,52,49,73,62,80,78,78,78,78,69,49,49,46,46,42,40,40,30,40,64,25,80,77,55,28,28,28,0],"gold":222,"neow_bonus":"BOSS_RELIC","is_prod":false,"is_daily":false,"chose_seed":false,"campfire_upgraded":2,"win_rate":0.0,"timestamp":1550880446,"path_taken":["M","M","?","$","?","E","M","R","T","R","M","?","?","M","R","BOSS","M","?","?","$","M","E","R","M","T","?","M","$","M","E","R","BOSS","M","?","M","?","?","E"],"build_version":"2019-01-23","purchased_purges":1,"victory":false,"max_hp_per_floor":[80,80,80,80,80,80,80,80,80,80,80,80,80,80,80,80,80,80,80,80,80,80,80,80,80,80,80,80,80,80,80,80,80,80,80,80,80,80,76,76],"card_choices":[{"not_picked":["Combust","Body Slam"],"picked":"Twin Strike","floor":1},{"not_picked":["Corruption","Evolve"],"picked":"Metallicize","floor":2},{"not_picked":["Perfected Strike","Sword Boomerang"],"picked":"Twin Strike","floor":3},{"not_picked":["Combust","Body Slam"],"picked":"Shockwave","floor":6},{"not_picked":["Sever Soul","Sword Boomerang"],"picked":"Warcry","floor":7},{"not_picked":["Sentinel","Seeing Red"],"picked":"Twin Strike","floor":11},{"not_picked":["Havoc","Wild Strike"],"picked":"Reaper","floor":12},{"not_picked":["Sword Boomerang","Clash"],"picked":"Disarm","floor":14},{"not_picked":["Double Tap","Exhume"],"picked":"Juggernaut","floor":16},{"not_picked":["Heavy Blade","Shrug It Off"],"picked":"Iron Wave+1","floor":18},{"not_picked":["Power Through+1","Body Slam"],"picked":"Blood for Blood","floor":22},{"not_picked":["Whirlwind","Perfected Strike"],"picked":"Armaments","floor":23},{"not_picked":["Sentinel+1","Clothesline+1","Anger"],"picked":"SKIP","floor":25},{"not_picked":["Juggernaut","Hemokinesis+1"],"picked":"Spot Weakness+1","floor":27},{"not_picked":["Armaments","Headbutt+1"],"picked":"Shrug It Off","floor":28},{"not_picked":["Shockwave","Entrench"],"picked":"Cleave","floor":30},{"not_picked":["Berserk","Searing Blow"],"picked":"Battle Trance","floor":31},{"not_picked":["Double Tap","Fiend Fire"],"picked":"Juggernaut","floor":33},{"not_picked":["Clash+1","Clothesline+1"],"picked":"Warcry","floor":35},{"not_picked":["Perfected Strike+1","Double Tap"],"picked":"Iron Wave+1","floor":36},{"not_picked":["Headbutt+1","Searing Blow"],"picked":"Iron Wave+1","floor":37},{"not_picked":["Blind","PanicButton"],"picked":"Bandage Up","floor":38}],"player_experience":173765,"relics_obtained":[{"floor":0,"key":"Bronze Scales"},{"floor":0,"key":"Paper Frog"},{"floor":0,"key":"Torii"},{"floor":6,"key":"Ornamental Fan"},{"floor":9,"key":"Turnip"},{"floor":23,"key":"Incense Burner"},{"floor":26,"key":"Gremlin Horn"},{"floor":31,"key":"Whetstone"}],"event_choices":[{"cards_removed":["Regret"],"damage_healed":0,"gold_gain":0,"player_choice":"Purged","damage_taken":0,"max_hp_gain":0,"max_hp_loss":0,"event_name":"Purifier","floor":5,"gold_loss":0},{"damage_healed":0,"gold_gain":0,"player_choice":"Ignored","damage_taken":0,"max_hp_gain":0,"max_hp_loss":0,"event_name":"Shining Light","floor":13,"gold_loss":0},{"damage_healed":0,"gold_gain":0,"cards_transformed":["Strike_R","Strike_R"],"player_choice":"Became Test Subject","damage_taken":0,"max_hp_gain":0,"max_hp_loss":0,"event_name":"Drug Dealer","floor":19,"gold_loss":0,"cards_obtained":["Inflame","Uppercut"]},{"damage_healed":0,"gold_gain":0,"cards_transformed":["Strike_R"],"player_choice":"Transformed","damage_taken":0,"max_hp_gain":0,"max_hp_loss":0,"event_name":"Transmorgrifier","floor":20,"gold_loss":0,"cards_obtained":["Offering"]},{"damage_healed":0,"gold_gain":0,"player_choice":"Memory 1","damage_taken":0,"max_hp_gain":0,"max_hp_loss":0,"event_name":"SensoryStone","floor":38,"gold_loss":0},{"damage_healed":0,"gold_gain":0,"player_choice":"Max HP","damage_taken":0,"max_hp_gain":0,"max_hp_loss":4,"event_name":"Winding Halls","floor":39,"gold_loss":0}],"is_beta":false,"boss_relics":[{"not_picked":["Lizard Tail","Orrery"],"picked":"Cursed Key"},{"not_picked":["Busted Crown","Philosopher\u0027s Stone"],"picked":"Eternal Feather"}],"items_purged_floors":[4],"is_endless":false,"potions_floor_spawned":[6,12,14,18,22,23,31],"killed_by":"Giant Head","ascension_level":0}