{"gold_per_floor":[217,107,57,70,89,89,89,89,89,101,117,117,173,173,173,249,249,269,269,269],"floor_reached":20,"playtime":829,"items_purged":["Strike_B"],"score":284,"play_id":"a7567b1a-c7fa-4b00-a7a4-7efa2324be42","local_time":"20180920035542","is_ascension_mode":true,"campfire_choices":[{"data":"Streamline","floor":6,"key":"SMITH"},{"data":"Streamline","floor":8,"key":"SMITH"},{"floor":12,"key":"REST"},{"floor":15,"key":"REST"}],"neow_cost":"NONE","seed_source_timestamp":400022439704001,"circlet_count":0,"master_deck":["Strike_B","Defend_B","Defend_B","Defend_B","Defend_B","Zap","Dualcast","AscendersBane","FTL","Streamline+1","Streamline+1","FTL","Seek"],"relics":["Cracked Core","Emotion Chip","Vajra","Black Star"],"potions_floor_usage":[7],"damage_taken":[{"damage":1,"enemies":"Cultist","floor":1,"turns":4},{"damage":3,"enemies":"Jaw Worm","floor":4,"turns":5},{"damage":0,"enemies":"2 Louse","floor":5,"turns":1},{"damage":0,"enemies":"3 Sentries","floor":7,"turns":1},{"damage":11,"enemies":"Blue Slaver","floor":10,"turns":3},{"damage":14,"enemies":"3 Louse","floor":11,"turns":2},{"damage":20,"enemies":"Gremlin Nob","floor":13,"turns":4},{"damage":29,"enemies":"Hexaghost","floor":16,"turns":9},{"damage":27,"enemies":"3 Byrds","floor":18,"turns":5},{"damage":29,"enemies":"Colosseum Slavers","floor":19,"turns":4}],"seed_played":"3155875814563057322","potions_obtained":[{"floor":5,"key":"SmokeBomb"}],"is_trial":false,"path_per_floor":["M","$","?","M","M","R","E","R","T","M","M","R","?","?","R","B",null,"M","?"],"character_chosen":"DEFECT","items_purchased":["FTL"],"campfire_rested":2,"item_purchase_floors":[2],"current_hp_per_floor":[67,67,67,64,64,64,64,64,64,53,39,61,41,34,56,27,63,36,7,0],"gold":269,"neow_bonus":"HUNDRED_GOLD","is_prod":false,"is_daily":false,"chose_seed":false,"campfire_upgraded":2,"win_rate":0,"timestamp":1537408542,"path_taken":["M","$","?","M","?","R","E","R","T","M","M","R","?","?","R","BOSS","M","?","?"],"build_version":"2018-09-06","purchased_purges":1,"victory":false,"max_hp_per_floor":[75,75,75,75,75,75,75,75,75,75,75,75,75,75,75,75,75,75,75,80],"card_choices":[{"not_picked":["Redo","Glacier","Coolheaded"],"picked":"SKIP","floor":1},{"not_picked":["Genetic Algorithm","Go for the Eyes"],"picked":"Streamline","floor":4},{"not_picked":["Go for the Eyes","Recycle"],"picked":"Streamline","floor":5},{"not_picked":["Leap","Steam","Beam Cell"],"picked":"SKIP","floor":10},{"not_picked":["Redo","Turbo","Leap"],"picked":"SKIP","floor":11},{"not_picked":["Genetic Algorithm","Aggregate"],"picked":"FTL","floor":13},{"not_picked":["Multi-Cast","Machine Learning"],"picked":"Seek","floor":16},{"not_picked":["Recycle","Stack","Redo"],"picked":"SKIP","floor":18}],"player_experience":441224,"relics_obtained":[{"floor":9,"key":"Emotion Chip"},{"floor":13,"key":"Vajra"}],"event_choices":[{"event_name":"The Cleric","player_choice":"Card Removal","floor":3,"damage_taken":0},{"event_name":"Dead Adventurer","player_choice":"Searched \u00272\u0027 times","floor":13,"damage_taken":0},{"event_name":"Golden Wing","player_choice":"Card Removal","floor":14,"damage_taken":0},{"event_name":"Colosseum","player_choice":"Fight","floor":19,"damage_taken":0},{"event_name":"Colosseum","player_choice":"Fled From Nobs","floor":19,"damage_taken":0}],"is_beta":false,"boss_relics":[{"not_picked":["Runic Dome","Coffee Dripper"],"picked":"Black Star"}],"items_purged_floors":[2],"is_endless":false,"potions_floor_spawned":[5,7,19],"ascension_level":13}