{"gold_per_floor":[410,423,30,43,43,43,78,94,94,94,129,140,155,190,190,267,267,277,291,291,291,304,304,335,49,75,94,94,123,136,186,186,263,263,281,281,281,88,107,107,142,154,154,204,264,279,289,304,304,304],"floor_reached":51,"playtime":2563,"items_purged":["Strike_B","Strike_B+1"],"score":1555,"play_id":"cfe45c62-959e-4b83-974d-d288d0519939","local_time":"20181029175953","is_ascension_mode":true,"campfire_choices":[{"data":"Go for the Eyes","floor":6,"key":"SMITH"},{"floor":10,"key":"REST"},{"data":"Zap","floor":15,"key":"SMITH"},{"data":"Reboot","floor":23,"key":"SMITH"},{"data":"Loop","floor":28,"key":"SMITH"},{"data":"Loop","floor":32,"key":"SMITH"},{"data":"Buffer","floor":40,"key":"SMITH"},{"data":"Echo Form","floor":49,"key":"SMITH"}],"neow_cost":"TEN_PERCENT_HP_LOSS","seed_source_timestamp":258107135349807,"circlet_count":0,"master_deck":["Strike_B+1","Defend_B+1","Defend_B+1","Defend_B+1","Defend_B+1","Zap+1","Dualcast","AscendersBane","Ball Lightning","Go for the Eyes+1","Conserve Battery","Ball Lightning","Leap","Biased Cognition","Conserve Battery","Reboot+1","BootSequence","Sweeping Beam","Loop+1","Cold Snap","Loop+1","Hologram+1","Buffer+1","Loop+1","Static Discharge","Lockon","Echo Form+1","Glacier+1","Doom and Gloom","Loop"],"relics":["Cracked Core","Old Coin","FossilizedHelix","Vajra","Happy Flower","Dodecahedron","Cables","Coffee Dripper","Thread and Needle","Lee\u0027s Waffle","Anchor","Sundial","Runic Pyramid","SsserpentHead","Torii","Shuriken"],"potions_floor_usage":[11,24,24,29,33,41,50,50],"damage_taken":[{"damage":0,"enemies":"Small Slimes","floor":1,"turns":2},{"damage":9,"enemies":"Jaw Worm","floor":2,"turns":4},{"damage":0,"enemies":"2 Louse","floor":4,"turns":2},{"damage":18,"enemies":"3 Sentries","floor":7,"turns":9},{"damage":0,"enemies":"2 Fungi Beasts","floor":8,"turns":3},{"damage":8,"enemies":"Lagavulin","floor":11,"turns":6},{"damage":0,"enemies":"Looter","floor":12,"turns":3},{"damage":0,"enemies":"Large Slime","floor":13,"turns":3},{"damage":0,"enemies":"Gremlin Nob","floor":14,"turns":4},{"damage":26,"enemies":"Hexaghost","floor":16,"turns":8},{"damage":0,"enemies":"2 Thieves","floor":18,"turns":4},{"damage":5,"enemies":"Spheric Guardian","floor":19,"turns":4},{"damage":0,"enemies":"Chosen and Byrds","floor":22,"turns":5},{"damage":17,"enemies":"Slavers","floor":24,"turns":3},{"damage":0,"enemies":"Shelled Parasite and Fungi","floor":27,"turns":4},{"damage":12,"enemies":"Book of Stabbing","floor":29,"turns":4},{"damage":0,"enemies":"Centurion and Healer","floor":30,"turns":4},{"damage":32,"enemies":"Collector","floor":33,"turns":8},{"damage":0,"enemies":"3 Shapes","floor":35,"turns":4},{"damage":0,"enemies":"Orb Walker","floor":39,"turns":3},{"damage":0,"enemies":"Giant Head","floor":41,"turns":11},{"damage":0,"enemies":"Maw","floor":42,"turns":8},{"damage":0,"enemies":"4 Shapes","floor":45,"turns":5},{"damage":1,"enemies":"Spire Growth","floor":46,"turns":7},{"damage":17,"enemies":"Jaw Worm Horde","floor":47,"turns":5},{"damage":0,"enemies":"3 Darklings","floor":48,"turns":6},{"damage":6,"enemies":"Time Eater","floor":50,"turns":8}],"seed_played":"-5386001548997260515","potions_obtained":[{"floor":4,"key":"Dexterity Potion"},{"floor":7,"key":"LiquidBronze"},{"floor":8,"key":"EntropicBrew"},{"floor":14,"key":"Explosive Potion"},{"floor":35,"key":"SneckoOil"},{"floor":41,"key":"SteroidPotion"},{"floor":42,"key":"PowerPotion"},{"floor":46,"key":"Energy Potion"}],"is_trial":false,"path_per_floor":["M","M","$","M","?","R","E","M","T","R","E","M","M","E","R","B",null,"M","M","?","?","M","R","E","$","T","M","R","E","M","?","R","B",null,"M","?","?","$","M","R","E","M","T","?","M","M","M","M","R","B"],"character_chosen":"DEFECT","items_purchased":["FossilizedHelix","Lee\u0027s Waffle","Loop","Static Discharge","PowerPotion"],"campfire_rested":1,"item_purchase_floors":[3,25,25,38,38],"current_hp_per_floor":[64,55,55,55,55,55,37,37,37,56,48,48,48,48,48,22,54,54,49,49,49,49,49,32,71,71,71,71,59,59,59,59,27,60,60,60,60,60,60,60,60,60,60,60,60,59,42,42,42,36],"gold":304,"neow_bonus":"ONE_RARE_RELIC","is_prod":false,"is_daily":false,"chose_seed":false,"campfire_upgraded":7,"win_rate":0,"timestamp":1540832393,"path_taken":["M","M","$","M","?","R","E","M","T","R","E","M","M","E","R","BOSS","M","M","?","?","M","R","E","$","T","?","R","E","M","?","R","BOSS","M","?","?","$","M","R","E","M","T","?","?","M","M","M","R","BOSS"],"build_version":"2018-10-25v2","purchased_purges":2,"victory":true,"max_hp_per_floor":[64,64,64,64,64,64,64,64,64,64,64,64,64,64,64,64,64,64,64,64,64,64,64,64,71,71,71,71,71,71,71,71,71,71,71,71,71,71,71,71,71,71,71,67,67,67,67,67,67,67],"card_choices":[{"not_picked":["Gash","Force Field"],"picked":"Ball Lightning","floor":1},{"not_picked":["Beam Cell","Ball Lightning"],"picked":"Go for the Eyes","floor":2},{"not_picked":["Steam","Compile Driver"],"picked":"Conserve Battery","floor":4},{"not_picked":["BootSequence","Redo"],"picked":"Ball Lightning","floor":7},{"not_picked":["Capacitor","Tempest"],"picked":"Leap","floor":8},{"not_picked":["Melter","Turbo"],"picked":"Biased Cognition","floor":11},{"not_picked":["Storm","Streamline"],"picked":"Conserve Battery","floor":12},{"not_picked":["Redo","Stack","Steam"],"picked":"SKIP","floor":13},{"not_picked":["Turbo","Go for the Eyes","Gash"],"picked":"SKIP","floor":14},{"not_picked":["Creative AI","Amplify"],"picked":"Reboot","floor":16},{"not_picked":["Turbo","Redo"],"picked":"BootSequence","floor":18},{"not_picked":["Rebound","Stack","Redo"],"picked":"SKIP","floor":19},{"not_picked":["Heatsinks+1","Gash","BootSequence"],"picked":"SKIP","floor":22},{"not_picked":["Beam Cell","Blizzard"],"picked":"Sweeping Beam","floor":24},{"not_picked":["Storm","Conserve Battery"],"picked":"Cold Snap","floor":27},{"not_picked":["Conserve Battery","Recycle+1"],"picked":"Loop","floor":29},{"not_picked":["Rainbow","Stack"],"picked":"Hologram+1","floor":30},{"not_picked":["Hyperbeam","Creative AI"],"picked":"Buffer","floor":33},{"not_picked":["Hologram","Ball Lightning"],"picked":"Loop+1","floor":35},{"not_picked":["Gash","Beam Cell"],"picked":"Lockon","floor":39},{"not_picked":["Go for the Eyes","Lockon"],"picked":"Echo Form","floor":41},{"not_picked":["Stack+1","Ball Lightning"],"picked":"Glacier+1","floor":42},{"not_picked":["Doom and Gloom","Sweeping Beam","Genetic Algorithm"],"picked":"SKIP","floor":45},{"not_picked":["Sweeping Beam","Genetic Algorithm"],"picked":"Doom and Gloom","floor":45},{"not_picked":["Sunder+1","Stack","Lockon"],"picked":"SKIP","floor":46},{"not_picked":["Beam Cell+1","Turbo+1"],"picked":"Loop","floor":47},{"not_picked":["Fusion","Conserve Battery","Sweeping Beam"],"picked":"SKIP","floor":48}],"player_experience":281957,"relics_obtained":[{"floor":7,"key":"Vajra"},{"floor":9,"key":"Happy Flower"},{"floor":11,"key":"Dodecahedron"},{"floor":14,"key":"Cables"},{"floor":24,"key":"Thread and Needle"},{"floor":26,"key":"Anchor"},{"floor":29,"key":"Sundial"},{"floor":41,"key":"Torii"},{"floor":43,"key":"Shuriken"}],"event_choices":[{"damage_healed":0,"gold_gain":0,"player_choice":"Ignored","damage_taken":0,"max_hp_gain":0,"max_hp_loss":0,"event_name":"Liars Game","floor":5,"gold_loss":0},{"damage_healed":0,"gold_gain":0,"player_choice":"Ignored","damage_taken":0,"max_hp_gain":0,"max_hp_loss":0,"event_name":"Cursed Tome","floor":20,"gold_loss":0},{"damage_healed":0,"gold_gain":0,"player_choice":"Simplicity","damage_taken":0,"max_hp_gain":0,"max_hp_loss":0,"event_name":"Back to Basics","floor":21,"gold_loss":0,"cards_upgraded":["Strike_B","Strike_B","Strike_B","Defend_B","Defend_B","Defend_B","Defend_B"]},{"damage_healed":0,"gold_gain":100,"player_choice":"Pray","damage_taken":0,"max_hp_gain":0,"max_hp_loss":0,"event_name":"Golden Shrine","floor":31,"gold_loss":0},{"cards_removed":["Strike_B"],"damage_healed":0,"gold_gain":0,"player_choice":"Removed Attack","damage_taken":0,"max_hp_gain":0,"max_hp_loss":0,"event_name":"Falling","floor":36,"gold_loss":0},{"damage_healed":0,"gold_gain":0,"player_choice":"Trade","damage_taken":0,"relics_obtained":["SsserpentHead"],"max_hp_gain":0,"max_hp_loss":0,"event_name":"FaceTrader","floor":37,"gold_loss":0},{"damage_healed":0,"gold_gain":0,"player_choice":"Max HP","damage_taken":0,"max_hp_gain":0,"max_hp_loss":4,"event_name":"Winding Halls","floor":44,"gold_loss":0}],"is_beta":true,"boss_relics":[{"not_picked":["Snecko Eye","Velvet Choker"],"picked":"Coffee Dripper"},{"not_picked":["Pandora\u0027s Box","Black Star"],"picked":"Runic Pyramid"}],"items_purged_floors":[3,38],"is_endless":false,"potions_floor_spawned":[4,7,8,14,16,18,19,22,35,41,42,46],"ascension_level":18}