{"gold_per_floor":[20,31,31,31,43,43,71,87,87,87,3,3,3,19,19,93,93,109,65,75,0,0,14,27,38,38,38,55,55,105,116,116,189,189,209,41,58,69,14,14,14,14,14,45,345,345,39,39],"floor_reached":48,"playtime":5830,"items_purged":["Strike_B","Strike_B"],"score":922,"play_id":"299fe5de-4bed-4675-96c9-ab2e40c69aee","local_time":"20181003004203","is_ascension_mode":true,"campfire_choices":[{"floor":6,"key":"REST"},{"data":"Consume","floor":10,"key":"SMITH"},{"data":"Defragment","floor":12,"key":"SMITH"},{"floor":15,"key":"REST"},{"floor":27,"key":"REST"},{"floor":29,"key":"REST"},{"floor":32,"key":"REST"},{"floor":40,"key":"REST"},{"floor":42,"key":"REST"}],"neow_cost":"NO_GOLD","seed_source_timestamp":424879049358812,"circlet_count":0,"master_deck":["Strike_B","Defend_B","Defend_B","Defend_B","Defend_B","Zap","Dualcast","AscendersBane","Defragment+1","BootSequence","Melter","Consume+1","Capacitor+1","Cold Snap","Rainbow","Capacitor+1","Cold Snap","Auto Shields+1","Writhe","Rainbow","Capacitor+1","Injury","Coolheaded"],"relics":["Cracked Core","Frozen Egg 2","Ornamental Fan","Darkstone Periapt","Cursed Key","Bottled Tornado","Lizard Tail","Juzu Bracelet","Bottled Flame","Emotion Chip"],"potions_floor_usage":[7,14,14,18,24,28,31,44,48],"damage_taken":[{"damage":10,"enemies":"Small Slimes","floor":1,"turns":4},{"damage":2,"enemies":"2 Louse","floor":2,"turns":3},{"damage":1,"enemies":"Cultist","floor":5,"turns":3},{"damage":15,"enemies":"3 Sentries","floor":7,"turns":5},{"damage":3,"enemies":"Blue Slaver","floor":8,"turns":3},{"damage":9,"enemies":"Gremlin Gang","floor":14,"turns":4},{"damage":38,"enemies":"Slime Boss","floor":16,"turns":9},{"damage":8,"enemies":"2 Thieves","floor":18,"turns":5},{"damage":14,"enemies":"Chosen","floor":20,"turns":4},{"damage":9,"enemies":"Snecko","floor":23,"turns":6},{"damage":0,"enemies":"Sentry and Sphere","floor":24,"turns":3},{"damage":20,"enemies":"3 Cultists","floor":25,"turns":9},{"damage":0,"enemies":"Shelled Parasite and Fungi","floor":28,"turns":7},{"damage":5,"enemies":"Snake Plant","floor":31,"turns":5},{"damage":85,"enemies":"Collector","floor":33,"turns":10},{"damage":24,"enemies":"3 Darklings","floor":35,"turns":8},{"damage":19,"enemies":"Orb Walker","floor":37,"turns":5},{"damage":79,"enemies":"4 Shapes","floor":38,"turns":6},{"damage":48,"enemies":"Nemesis","floor":44,"turns":11},{"damage":14,"enemies":"Spire Growth","floor":48,"turns":2}],"seed_played":"7571973150438676965","potions_obtained":[{"floor":5,"key":"AttackPotion"},{"floor":7,"key":"AttackPotion"},{"floor":8,"key":"SkillPotion"},{"floor":16,"key":"Fire Potion"},{"floor":23,"key":"GamblersBrew"},{"floor":25,"key":"EssenceOfSteel"},{"floor":28,"key":"EssenceOfSteel"},{"floor":38,"key":"SteroidPotion"},{"floor":44,"key":"Dexterity Potion"}],"is_trial":false,"path_per_floor":["M","M","?","?","M","R","E","M","T","R","$","R","$","M","R","B",null,"M","$","M","$","?","M","M","M","T","R","M","R","?","M","R","B",null,"M","$","M","M","$","R","$","R","T","E","?","?","$"],"character_chosen":"DEFECT","items_purchased":["Capacitor+1","Capacitor+1","Juzu Bracelet","Block Potion","FocusPotion","Block Potion","Coolheaded"],"campfire_rested":7,"item_purchase_floors":[11,19,36,39,47,47,47],"current_hp_per_floor":[68,66,48,48,47,72,57,54,54,54,54,54,54,45,70,32,72,64,64,50,50,50,41,41,21,27,54,54,81,81,76,91,6,70,46,46,27,2,2,29,29,56,62,14,14,14,14,0],"gold":39,"neow_bonus":"TWENTY_PERCENT_HP_BONUS","is_prod":false,"is_daily":false,"chose_seed":false,"campfire_upgraded":2,"win_rate":0,"timestamp":1538520123,"path_taken":["M","M","?","?","M","R","E","M","T","R","?","R","$","?","R","BOSS","M","$","M","$","?","M","M","M","T","R","M","R","?","M","R","BOSS","M","?","M","M","$","R","$","R","T","E","?","?","$","M"],"build_version":"2018-09-27","purchased_purges":2,"victory":false,"max_hp_per_floor":[85,85,85,85,85,85,85,85,85,85,85,85,85,85,85,85,85,85,85,85,85,85,85,85,85,91,91,91,91,91,91,91,91,91,91,91,91,91,91,91,91,91,97,97,97,97,97,97],"card_choices":[{"not_picked":["Compile Driver","Hologram"],"picked":"Defragment","floor":1},{"not_picked":["Turbo","Sweeping Beam"],"picked":"BootSequence","floor":2},{"not_picked":["Gash","Turbo"],"picked":"Melter","floor":5},{"not_picked":["Thunder Strike","Barrage","Chaos"],"picked":"SKIP","floor":7},{"not_picked":["Go for the Eyes","Redo"],"picked":"Consume","floor":8},{"not_picked":["Steam Power","Turbo"],"picked":"Cold Snap","floor":14},{"not_picked":["Multi-Cast","Biased Cognition+1"],"picked":"Rainbow","floor":16},{"not_picked":["Sweeping Beam","Consume","Steam"],"picked":"SKIP","floor":18},{"not_picked":["Hologram","Rebound"],"picked":"Cold Snap","floor":20},{"not_picked":["Steam","Conserve Battery","Heatsinks+1"],"picked":"SKIP","floor":23},{"not_picked":["Meteor Strike","Leap"],"picked":"Auto Shields+1","floor":24},{"not_picked":["Beam Cell","Reprogram","Streamline"],"picked":"SKIP","floor":25},{"not_picked":["Go for the Eyes","Barrage","Leap"],"picked":"SKIP","floor":28},{"not_picked":["Heatsinks+1","Redo","Steam Power"],"picked":"SKIP","floor":31},{"not_picked":["Hyperbeam","Thunder Strike"],"picked":"Rainbow","floor":33},{"not_picked":["Rebound","Auto Shields"],"picked":"Capacitor+1","floor":35},{"not_picked":["Barrage","Rebound","Gash"],"picked":"SKIP","floor":37},{"not_picked":["Genetic Algorithm","Turbo","Go for the Eyes"],"picked":"SKIP","floor":38}],"player_experience":738324,"relics_obtained":[{"floor":7,"key":"Ornamental Fan"},{"floor":9,"key":"Darkstone Periapt"},{"floor":26,"key":"Bottled Tornado"},{"floor":43,"key":"Bottled Flame"},{"floor":44,"key":"Emotion Chip"}],"event_choices":[{"event_name":"Scrap Ooze","player_choice":"success","floor":3,"damage_taken":18},{"event_name":"Liars Game","player_choice":"disagreed","floor":4,"damage_taken":0},{"event_name":"Wheel of Change","player_choice":"Card Removal","floor":22,"damage_taken":0},{"event_name":"Nest","player_choice":"Stole From Cult","floor":30,"damage_taken":0},{"event_name":"Wheel of Change","player_choice":"Gold","floor":45,"damage_taken":0},{"event_name":"Mysterious Sphere","player_choice":"Ignore","floor":46,"damage_taken":0}],"is_beta":false,"boss_relics":[{"not_picked":["Runic Dome","Busted Crown"],"picked":"Cursed Key"},{"not_picked":["Empty Cage","Coffee Dripper"],"picked":"Lizard Tail"}],"items_purged_floors":[21,47],"is_endless":false,"potions_floor_spawned":[5,7,8,16,23,25,28,38,44],"killed_by":"Spire Growth","ascension_level":19}