{"gold_per_floor":[111,129,148,163,180,180,194,223,223,223,253,287,287,287],"floor_reached":14,"playtime":809,"items_purged":[],"score":102,"play_id":"a1ad9aef-1307-419b-a669-5261523e5343","local_time":"20181224230651","is_ascension_mode":false,"campfire_choices":[{"data":"Sucker Punch","floor":6,"key":"SMITH"},{"floor":10,"key":"REST"}],"neow_cost":"NONE","seed_source_timestamp":630139906757369,"circlet_count":0,"master_deck":["Defend_G","Defend_G","Defend_G","Defend_G","Defend_G","Strike_G","Strike_G","Strike_G","Strike_G","Strike_G","Survivor","Neutralize","Infinite Blades","Sucker Punch+1","PiercingWail","Accuracy","Storm of Steel","Dash"],"relics":["Ring of the Snake","Sundial","Tiny Chest","Mummified Hand","Golden Idol"],"potions_floor_usage":[5,8,14],"damage_taken":[{"damage":0,"enemies":"Small Slimes","floor":1,"turns":5},{"damage":1,"enemies":"2 Louse","floor":2,"turns":3},{"damage":3,"enemies":"Jaw Worm","floor":3,"turns":5},{"damage":7,"enemies":"Looter","floor":4,"turns":4},{"damage":8,"enemies":"Exordium Wildlife","floor":5,"turns":6},{"damage":14,"enemies":"Gremlin Gang","floor":7,"turns":5},{"damage":20,"enemies":"Gremlin Nob","floor":8,"turns":6},{"damage":31,"enemies":"3 Sentries","floor":12,"turns":10},{"damage":21,"enemies":"The Mushroom Lair","floor":14,"turns":2}],"seed_played":"104130618987795017","potions_obtained":[{"floor":1,"key":"AttackPotion"},{"floor":5,"key":"Fire Potion"},{"floor":7,"key":"EssenceOfSteel"}],"is_trial":false,"path_per_floor":["M","M","M","M","M","R","M","E","T","R","?","E","?","?"],"character_chosen":"THE_SILENT","items_purchased":[],"campfire_rested":1,"item_purchase_floors":[],"current_hp_per_floor":[77,76,73,66,58,58,44,24,24,47,44,13,13,0],"gold":287,"neow_bonus":"TEN_PERCENT_HP_BONUS","is_prod":false,"is_daily":false,"chose_seed":false,"campfire_upgraded":1,"win_rate":0,"timestamp":1545714411,"path_taken":["M","M","M","M","M","R","M","E","T","R","?","E","?","?"],"build_version":"2018-12-20","purchased_purges":0,"victory":false,"max_hp_per_floor":[77,77,77,77,77,77,77,77,77,77,77,77,71,71],"card_choices":[{"not_picked":["Choke","Dagger Spray"],"picked":"Infinite Blades","floor":1},{"not_picked":["Sucker Punch","Outmaneuver","Blade Dance"],"picked":"SKIP","floor":2},{"not_picked":["Flying Knee","Escape Plan"],"picked":"Sucker Punch","floor":3},{"not_picked":["Outmaneuver","Flying Knee"],"picked":"PiercingWail","floor":4},{"not_picked":["Sucker Punch","Slice","All Out Attack"],"picked":"SKIP","floor":5},{"not_picked":["Deadly Poison","Slice"],"picked":"Accuracy","floor":7},{"not_picked":["Sucker Punch","Deadly Poison"],"picked":"Storm of Steel","floor":8},{"not_picked":["Catalyst","Deadly Poison"],"picked":"Dash","floor":12}],"player_experience":290137,"relics_obtained":[{"floor":8,"key":"Sundial"},{"floor":12,"key":"Mummified Hand"}],"event_choices":[{"damage_healed":0,"gold_gain":0,"player_choice":"Success","damage_taken":3,"relics_obtained":["Tiny Chest"],"max_hp_gain":0,"max_hp_loss":0,"event_name":"Scrap Ooze","floor":11,"gold_loss":0},{"damage_healed":0,"gold_gain":0,"player_choice":"Lose Max HP","damage_taken":0,"relics_obtained":["Golden Idol"],"max_hp_gain":0,"max_hp_loss":6,"event_name":"Golden Idol","floor":13,"gold_loss":0},{"damage_healed":0,"gold_gain":0,"player_choice":"Fought Mushrooms","damage_taken":0,"max_hp_gain":0,"max_hp_loss":0,"event_name":"Mushrooms","floor":14,"gold_loss":0}],"is_beta":false,"boss_relics":[],"items_purged_floors":[],"is_endless":false,"potions_floor_spawned":[1,5,7],"killed_by":"The Mushroom Lair","ascension_level":0}