{"gold_per_floor":[111,122,47,61,61,61,61,61,61,61,88,118,162,174,186,270,282,310,247,209,238,250,262,274],"floor_reached":24,"playtime":781,"items_purged":["Strike_B"],"score":384,"play_id":"915b7ba0-b42f-458e-9e4c-3ef618f438bd","local_time":"20180925014714","is_ascension_mode":true,"campfire_choices":[{"data":"Zap","floor":6,"key":"SMITH"},{"data":"Melter","floor":8,"key":"SMITH"},{"floor":15,"key":"REST"},{"floor":23,"key":"REST"}],"neow_cost":"","seed_source_timestamp":824367400178444,"circlet_count":0,"master_deck":["Strike_B","Strike_B","Defend_B","Defend_B","Defend_B","Defend_B","Zap+1","Dualcast+1","AscendersBane","BootSequence","Melter+1","Ball Lightning","Glacier","Rainbow","Consume","Rainbow"],"relics":["Cracked Core","Dodecahedron","MawBank","PreservedInsect","Inserter"],"potions_floor_usage":[12,16,22],"damage_taken":[{"damage":0,"enemies":"Small Slimes","floor":1,"turns":3},{"damage":0,"enemies":"Jaw Worm","floor":2,"turns":2},{"damage":1,"enemies":"Cultist","floor":4,"turns":3},{"damage":30,"enemies":"3 Sentries","floor":11,"turns":8},{"damage":0,"enemies":"Exordium Wildlife","floor":12,"turns":2},{"damage":35,"enemies":"Lagavulin","floor":13,"turns":5},{"damage":8,"enemies":"The Guardian","floor":16,"turns":12},{"damage":22,"enemies":"3 Byrds","floor":18,"turns":5},{"damage":0,"enemies":"Spheric Guardian","floor":21,"turns":2},{"damage":37,"enemies":"Colosseum Slavers","floor":22,"turns":6},{"damage":27,"enemies":"Book of Stabbing","floor":24,"turns":3}],"seed_played":"-2041319217186730346","potions_obtained":[{"floor":4,"key":"FearPotion"},{"floor":13,"key":"EssenceOfSteel"},{"floor":21,"key":"SneckoOil"}],"is_trial":false,"path_per_floor":["M","M","$","M","?","R","?","R","T","$","E","M","E","?","R","B",null,"M","?","?","M","?","R"],"character_chosen":"DEFECT","items_purchased":[],"campfire_rested":2,"item_purchase_floors":[],"current_hp_per_floor":[64,64,64,63,68,68,68,68,68,68,38,38,3,3,25,17,61,39,39,39,39,2,24,0],"gold":274,"neow_bonus":"","is_prod":false,"is_daily":false,"chose_seed":false,"campfire_upgraded":2,"win_rate":0,"timestamp":1537832834,"path_taken":["M","M","$","M","?","R","?","R","T","?","E","?","E","?","R","BOSS","M","?","?","M","?","R","E"],"build_version":"2018-09-20","purchased_purges":1,"victory":false,"max_hp_per_floor":[71,71,71,71,76,76,76,76,76,76,76,76,76,76,76,76,76,76,76,76,76,76,76,76],"card_choices":[{"not_picked":["Coolheaded","Cold Snap"],"picked":"BootSequence","floor":1},{"not_picked":["Go for the Eyes","Lockon"],"picked":"Melter","floor":2},{"not_picked":["Turbo","Leap","Cold Snap"],"picked":"SKIP","floor":4},{"not_picked":["Turbo","Storm"],"picked":"Ball Lightning","floor":11},{"not_picked":["Steam","Rebound","Coolheaded"],"picked":"SKIP","floor":12},{"not_picked":["Turbo","Echo Form"],"picked":"Glacier","floor":13},{"not_picked":["Hyperbeam","Amplify"],"picked":"Rainbow","floor":16},{"not_picked":["Cold Snap","Hologram"],"picked":"Consume","floor":18},{"not_picked":["Stack","Steam"],"picked":"Rainbow","floor":21}],"player_experience":658113,"relics_obtained":[{"floor":9,"key":"Dodecahedron"},{"floor":11,"key":"MawBank"},{"floor":13,"key":"PreservedInsect"}],"event_choices":[{"event_name":"Big Fish","player_choice":"Donut","floor":5,"damage_taken":0},{"event_name":"Living Wall","player_choice":"Grow","floor":7,"damage_taken":0},{"event_name":"Match and Keep!","player_choice":"0 cards matched","floor":14,"damage_taken":0},{"event_name":"Beggar","player_choice":"Gave Gold","floor":19,"damage_taken":0},{"event_name":"The Joust","player_choice":"Bet on Murderer","floor":20,"damage_taken":0},{"event_name":"Colosseum","player_choice":"Fight","floor":22,"damage_taken":0},{"event_name":"Colosseum","player_choice":"Fled From Nobs","floor":22,"damage_taken":0}],"is_beta":false,"boss_relics":[{"not_picked":["Ectoplasm","Eternal Feather"],"picked":"Inserter"}],"items_purged_floors":[3],"is_endless":false,"potions_floor_spawned":[4,13,21,22],"killed_by":"Book of Stabbing","ascension_level":18}