{"gold_per_floor":[118,136,75,23,34,34,49,69,69,86,96,96,122,135,135,236,236,255,255,255,274,199,199,224,70,70,70,85,85,101,129,129,234,234,245,245,255,272,30,30,65,84,84,84,109,109,129,129,129,129],"floor_reached":51,"playtime":2379,"items_purged":["Consume","Consume"],"score":1186,"play_id":"02f6d12e-90a8-4673-be26-b2761910b905","local_time":"20190125212118","is_ascension_mode":true,"campfire_choices":[{"data":"Hologram","floor":6,"key":"SMITH"},{"floor":12,"key":"REST"},{"data":"Hologram","floor":15,"key":"SMITH"},{"data":"Zap","floor":23,"key":"SMITH"},{"floor":27,"key":"REST"},{"floor":29,"key":"REST"},{"data":"FTL","floor":32,"key":"SMITH"},{"floor":40,"key":"REST"},{"data":"Conserve Battery","floor":44,"key":"SMITH"},{"data":"Go for the Eyes","floor":46,"key":"SMITH"},{"floor":49,"key":"REST"}],"neow_cost":"NONE","seed_source_timestamp":624083486860618,"circlet_count":0,"master_deck":["Zap+1","Dualcast","Rebound","Go for the Eyes+1","Hologram+1","FTL+1","Hologram+1","Beam Cell+1","Hyperbeam+1","FTL+1","All For One+1","Heatsinks","Genetic Algorithm","Darkness","Sunder+1","Sunder+1","Gash+1","Beam Cell+1","Conserve Battery+1","Hologram+1","Rebound+1","Seek+1","Hologram+1","Hologram+1","Melter+1","Hologram+1","Secret Weapon+1","Gash+1"],"relics":["Runic Dome","Omamori","Molten Egg 2","Pocketwatch","Pandora\u0027s Box","Regal Pillow","Bottled Lightning","Toxic Egg 2","Du-Vu Doll","Sozu","Kunai","Dream Catcher","Mango","Nunchaku"],"potions_floor_usage":[7,16,31,50,50],"damage_taken":[{"damage":0,"enemies":"2 Louse","floor":1,"turns":4},{"damage":1,"enemies":"Cultist","floor":2,"turns":4},{"damage":4,"enemies":"Jaw Worm","floor":5,"turns":3},{"damage":3,"enemies":"Looter","floor":7,"turns":2},{"damage":8,"enemies":"Large Slime","floor":8,"turns":4},{"damage":6,"enemies":"2 Fungi Beasts","floor":10,"turns":3},{"damage":9,"enemies":"Blue Slaver","floor":11,"turns":2},{"damage":0,"enemies":"Gremlin Nob","floor":13,"turns":2},{"damage":0,"enemies":"Exordium Wildlife","floor":14,"turns":2},{"damage":30,"enemies":"The Guardian","floor":16,"turns":7},{"damage":6,"enemies":"2 Thieves","floor":18,"turns":2},{"damage":9,"enemies":"Shell Parasite","floor":21,"turns":2},{"damage":53,"enemies":"Gremlin Leader","floor":24,"turns":5},{"damage":16,"enemies":"Centurion and Healer","floor":28,"turns":3},{"damage":0,"enemies":"Chosen and Byrds","floor":30,"turns":3},{"damage":20,"enemies":"Slavers","floor":31,"turns":3},{"damage":59,"enemies":"Automaton","floor":33,"turns":8},{"damage":0,"enemies":"3 Darklings","floor":35,"turns":1},{"damage":11,"enemies":"Orb Walker","floor":37,"turns":3},{"damage":14,"enemies":"Sphere and 2 Shapes","floor":38,"turns":3},{"damage":17,"enemies":"Reptomancer","floor":41,"turns":4},{"damage":10,"enemies":"Writhing Mass","floor":42,"turns":5},{"damage":10,"enemies":"Giant Head","floor":45,"turns":3},{"damage":0,"enemies":"Transient","floor":47,"turns":5},{"damage":39,"enemies":"Donu and Deca","floor":50,"turns":6}],"seed_played":"-4985549102525419682","potions_obtained":[{"floor":1,"key":"FearPotion"},{"floor":5,"key":"Fruit Juice"},{"floor":7,"key":"GamblersBrew"},{"floor":13,"key":"Regen Potion"},{"floor":30,"key":"PowerPotion"}],"is_trial":false,"path_per_floor":["M","M","?","$","M","R","M","M","T","M","M","R","E","M","R","B",null,"M","?","?","M","$","R","E","$","T","R","M","R","M","E","R","B",null,"M","?","M","M","$","R","E","M","T","R","E","R","M","?","R","B",null],"character_chosen":"DEFECT","items_purchased":["Hologram","Conserve Battery","Kunai"],"campfire_rested":5,"item_purchase_floors":[4,25,39],"current_hp_per_floor":[68,67,67,67,63,63,65,57,57,51,42,66,66,66,66,36,69,63,63,90,81,81,81,28,28,28,70,54,90,90,70,70,11,70,70,70,59,45,45,87,70,60,74,74,64,64,64,64,104,74],"gold":129,"neow_bonus":"BOSS_RELIC","is_prod":false,"is_daily":false,"chose_seed":false,"campfire_upgraded":6,"win_rate":0,"timestamp":1548480078,"path_taken":["M","M","?","?","M","R","M","M","T","M","M","R","E","M","R","BOSS","M","?","?","?","$","R","E","$","T","R","M","R","M","E","R","BOSS","M","?","M","M","$","R","E","M","T","R","E","R","?","?","R","BOSS"],"build_version":"2019-01-23","purchased_purges":2,"victory":true,"max_hp_per_floor":[75,75,75,75,75,75,80,80,80,80,80,80,80,80,80,80,80,80,80,90,90,90,90,90,90,90,90,90,90,90,90,90,90,90,90,90,90,90,90,90,90,90,104,104,104,104,104,104,104,104],"card_choices":[{"not_picked":["Glacier","Compile Driver"],"picked":"Rebound","floor":1},{"not_picked":["Rebound","Skim"],"picked":"Go for the Eyes","floor":2},{"not_picked":["Static Discharge","Loop"],"picked":"FTL","floor":5},{"not_picked":["Blizzard","Steam","Go for the Eyes"],"picked":"SKIP","floor":7},{"not_picked":["Tempest","Steam Power"],"picked":"Hologram","floor":8},{"not_picked":["Conserve Battery","Compile Driver+1"],"picked":"Beam Cell+1","floor":10},{"not_picked":["Redo","Compile Driver+1"],"picked":"Hyperbeam+1","floor":11},{"not_picked":["Darkness","Go for the Eyes+1","Storm"],"picked":"SKIP","floor":13},{"not_picked":["Streamline+1","Stack"],"picked":"FTL+1","floor":14},{"not_picked":["Creative AI","Amplify"],"picked":"All For One+1","floor":16},{"not_picked":["Hello World","Ball Lightning+1","Turbo"],"picked":"SKIP","floor":18},{"not_picked":["Compile Driver+1","Conserve Battery"],"picked":"Gash+1","floor":21},{"not_picked":["Double Energy","Rip and Tear+1"],"picked":"Beam Cell+1","floor":24},{"not_picked":["Conserve Battery+1","White Noise+1"],"picked":"Hologram+1","floor":28},{"not_picked":["Aggregate+1","Streamline+1"],"picked":"Rebound+1","floor":30},{"not_picked":["Coolheaded+1","Rebound+1","Lockon+1"],"picked":"SKIP","floor":31},{"not_picked":["Amplify+1","Hyperbeam+1"],"picked":"Seek+1","floor":33},{"not_picked":["Compile Driver+1","Go for the Eyes+1","Rip and Tear+1"],"picked":"SKIP","floor":35},{"not_picked":["Barrage+1","Skim+1","Compile Driver+1"],"picked":"SKIP","floor":37},{"not_picked":["Rebound+1","Cold Snap+1"],"picked":"Hologram+1","floor":38},{"not_picked":["Undo+1","Steam+1"],"picked":"Hologram+1","floor":41},{"not_picked":["Consume+1","Stack+1","Doom and Gloom+1"],"picked":"SKIP","floor":42},{"not_picked":["Rebound+1","Chill+1"],"picked":"Melter+1","floor":45},{"not_picked":["Redo+1","Coolheaded+1"],"picked":"Hologram+1","floor":47},{"not_picked":["Good Instincts+1","Blind+1"],"picked":"Secret Weapon+1","floor":48},{"not_picked":["Genetic Algorithm+1","Storm"],"picked":"Gash+1","floor":49}],"player_experience":607859,"relics_obtained":[{"floor":9,"key":"Molten Egg 2"},{"floor":13,"key":"Pocketwatch"},{"floor":24,"key":"Bottled Lightning"},{"floor":26,"key":"Toxic Egg 2"},{"floor":31,"key":"Du-Vu Doll"},{"floor":41,"key":"Dream Catcher"},{"floor":43,"key":"Mango"},{"floor":45,"key":"Nunchaku"}],"event_choices":[{"damage_healed":0,"gold_gain":0,"player_choice":"Paid Gold","damage_taken":0,"relics_obtained":["Omamori"],"max_hp_gain":0,"max_hp_loss":0,"event_name":"WeMeetAgain","floor":3,"gold_loss":61},{"damage_healed":0,"gold_gain":0,"player_choice":"Opened","damage_taken":0,"relics_obtained":["Regal Pillow"],"max_hp_gain":0,"max_hp_loss":0,"event_name":"The Mausoleum","floor":19,"gold_loss":0,"cards_obtained":["Writhe"]},{"cards_removed":["Creative AI"],"damage_healed":17,"gold_gain":0,"player_choice":"Offered Rare","damage_taken":0,"max_hp_gain":10,"max_hp_loss":0,"event_name":"Bonfire Elementals","floor":20,"gold_loss":0},{"damage_healed":0,"gold_gain":0,"player_choice":"Ignored","damage_taken":0,"max_hp_gain":0,"max_hp_loss":0,"event_name":"SecretPortal","floor":36,"gold_loss":0},{"damage_healed":0,"gold_gain":0,"player_choice":"Memory 1","damage_taken":0,"max_hp_gain":0,"max_hp_loss":0,"event_name":"SensoryStone","floor":48,"gold_loss":0}],"is_beta":false,"boss_relics":[{"not_picked":["Lizard Tail","Tiny House"],"picked":"Pandora\u0027s Box"},{"not_picked":["White Beast Statue","Astrolabe"],"picked":"Sozu"}],"items_purged_floors":[22,25],"is_endless":false,"potions_floor_spawned":[1,5,7,13,14,30,37,45],"ascension_level":9}