{"gold_per_floor":[112,182,24,24,40,40,54,100,100,120,132,132,162,177,177,281,281,296,296],"floor_reached":19,"playtime":820,"items_purged":["Slimebound:Tackle"],"score":194,"play_id":"f423a9ef-e3f4-4b54-8314-cf9a4e7234a5","local_time":"20190216032934","is_ascension_mode":false,"campfire_choices":[{"data":"Slimebound:ProtectTheBoss","floor":6,"key":"SMITH"}],"neow_cost":"NONE","seed_source_timestamp":144286929558671,"circlet_count":0,"master_deck":["Slimebound:Split","Slimebound:CorrosiveSpit","Slimebound:LeechEnergy","Slimebound:BestDefense","Slimebound:SplitLeeching","Slimebound:LeechEnergy","Slimebound:LeechLife","Slimebound:LeechingTouch","Slimebound:LeechingTouch","Slimebound:SplitMire+1","ReplayTheSpireMod:Uncanny Aura","Slimebound:Strike_Slimebound","Bandage Up","Slimebound:ProtectTheBoss+1","Slimebound:MinionMaster","Slimebound:LeechEnergy","Slimebound:DouseInSlime","Slimebound:SoulSicken+1"],"relics":["Slimebound:AbsorbEndCombat","conspire:Boomerang","BrokenLever","strawberrySpire:RottenAvocado"],"potions_floor_usage":[13,13,14,16],"damage_taken":[{"damage":17,"enemies":"Jaw Worm","floor":1,"turns":2},{"damage":17,"enemies":"conspire:RoseBush","floor":5,"turns":3},{"damage":12,"enemies":"Cultist","floor":7,"turns":3},{"damage":21,"enemies":"Exordium Wildlife","floor":10,"turns":4},{"damage":27,"enemies":"Blue Slaver","floor":11,"turns":4},{"damage":12,"enemies":"Lagavulin","floor":13,"turns":5},{"damage":38,"enemies":"Lots of Slimes","floor":14,"turns":4},{"damage":40,"enemies":"Fading Forest","floor":16,"turns":11},{"damage":18,"enemies":"Chosen","floor":18,"turns":4},{"damage":3,"enemies":"Spheric Guardian","floor":19,"turns":1}],"seed_played":"8194650085486460665","potions_obtained":[{"floor":7,"key":"FearPotion"},{"floor":11,"key":"Adrenaline Potion"},{"floor":12,"key":"SkillPotion"},{"floor":12,"key":"Slimebound:ThreeZeroPotion"},{"floor":12,"key":"Elixir"},{"floor":13,"key":"Reflective Coating"},{"floor":16,"key":"Adrenaline Potion"}],"is_trial":false,"path_per_floor":["M","?","$","?","M","R","M","T","T","M","M","?","E","M","R_BF","B",null,"M","M"],"character_chosen":"SLIMEBOUND","items_purchased":["ReplayTheSpireMod:Uncanny Aura"],"campfire_rested":0,"item_purchase_floors":[3],"current_hp_per_floor":[68,68,68,68,73,73,77,77,77,72,66,66,77,57,77,70,77,76,72],"gold":296,"neow_bonus":"TEN_PERCENT_HP_BONUS","is_prod":false,"is_daily":false,"chose_seed":false,"campfire_upgraded":1,"win_rate":0,"timestamp":1550305774,"path_taken":["M","?","$","?","M","R","?","?","T","M","M","?","E","M","R_BF","BOSS","M","M"],"build_version":"2019-01-23","purchased_purges":1,"victory":false,"max_hp_per_floor":[77,77,77,77,77,77,77,77,77,77,77,77,77,77,77,77,77,76,75],"card_choices":[{"not_picked":["Slimebound:ComboTackle","Slimebound:RollThrough"],"picked":"Slimebound:SplitMire","floor":1},{"not_picked":["Slimebound:PressTheAttack","Slimebound:GrowthPunch","Slimebound:TongueLash"],"picked":"SKIP","floor":5},{"not_picked":["Slimebound:ViciousTackle","Slimebound:SamplingLick","Slimebound:LeadByExample"],"picked":"SKIP","floor":7},{"not_picked":["Slimebound:GrowthPunch","Slimebound:SplitAcid","Slimebound:FinishingTackle"],"picked":"SKIP","floor":10},{"not_picked":["Slimebound:SamplingLick","Slimebound:HauntingLick"],"picked":"Slimebound:MinionMaster","floor":11},{"not_picked":["Slimebound:LeechingTouch","Slimebound:DivideAndConquer"],"picked":"Slimebound:LeechEnergy","floor":13},{"not_picked":["Slimebound:PressTheAttack","Slimebound:DisruptingSlam","Slimebound:ViciousTackle"],"picked":"SKIP","floor":14},{"not_picked":["Slimebound:AcidTongue","Slimebound:WasteNot"],"picked":"Slimebound:DouseInSlime","floor":16},{"not_picked":["Slimebound:GoopSpray","Slimebound:SlimeSpikes"],"picked":"Slimebound:SoulSicken+1","floor":18}],"player_experience":714546,"relics_obtained":[{"floor":9,"key":"conspire:Boomerang"},{"floor":13,"key":"BrokenLever"}],"event_choices":[{"damage_healed":0,"gold_gain":70,"player_choice":"Gained Gold","damage_taken":0,"max_hp_gain":0,"max_hp_loss":0,"event_name":"Golden Wing","floor":2,"gold_loss":0},{"damage_healed":0,"gold_gain":0,"player_choice":"3 cards matched","damage_taken":0,"max_hp_gain":0,"max_hp_loss":0,"event_name":"Match and Keep!","floor":4,"gold_loss":0,"cards_obtained":["Slimebound:Strike_Slimebound","Bandage Up","Slimebound:ProtectTheBoss"]},{"damage_healed":0,"gold_gain":0,"player_choice":"Got Potions","damage_taken":0,"max_hp_gain":0,"max_hp_loss":0,"event_name":"Lab","floor":12,"gold_loss":0}],"is_beta":false,"boss_relics":[{"not_picked":["hubris:Stopwatch","Honey Jar"],"picked":"strawberrySpire:RottenAvocado"}],"items_purged_floors":[3],"is_endless":false,"potions_floor_spawned":[7,11,13,16],"killed_by":"Spheric Guardian","ascension_level":0}