{"gold_per_floor":[110,110,110,110,110,148,148,164,164,164,203,129,154,175,175,175],"floor_reached":16,"playtime":292,"items_purged":[],"score":193,"play_id":"170f2c7b-24d0-40f6-a92a-e59285ed6714","local_time":"20190102013741","is_ascension_mode":true,"campfire_choices":[{"floor":7,"key":"REST"},{"data":"Static Discharge","floor":10,"key":"SMITH"},{"floor":15,"key":"REST"}],"neow_cost":"NONE","seed_source_timestamp":988846813255956,"circlet_count":0,"master_deck":["Strike_B","Strike_B","Strike_B+1","Strike_B","Defend_B","Defend_B","Defend_B+1","Defend_B","Zap","Dualcast","Electrodynamics","Static Discharge+1","Sweeping Beam","Sunder","Sweeping Beam","Consume"],"relics":["Cracked Core","NeowsBlessing","Golden Idol","Bronze Scales","Sundial","Pantograph"],"potions_floor_usage":[16,16,16],"damage_taken":[{"damage":0,"enemies":"Small Slimes","floor":1,"turns":1},{"damage":0,"enemies":"3 Sentries","floor":6,"turns":1},{"damage":0,"enemies":"Jaw Worm","floor":8,"turns":1},{"damage":32,"enemies":"Lagavulin","floor":11,"turns":5},{"damage":8,"enemies":"2 Louse","floor":13,"turns":2},{"damage":10,"enemies":"Gremlin Gang","floor":14,"turns":3},{"damage":41,"enemies":"The Guardian","floor":16,"turns":9}],"seed_played":"3867740159641738548","potions_obtained":[{"floor":1,"key":"Explosive Potion"},{"floor":11,"key":"EssenceOfSteel"},{"floor":13,"key":"SpeedPotion"}],"is_trial":false,"path_per_floor":["M","?","?","?","?","E","R","M","T","R","E","$","M","M","R","B"],"character_chosen":"DEFECT","items_purchased":["Sunder"],"campfire_rested":2,"item_purchase_floors":[12],"current_hp_per_floor":[68,68,50,35,35,35,57,57,57,57,25,25,17,7,29,13],"gold":175,"neow_bonus":"THREE_ENEMY_KILL","is_prod":false,"is_daily":false,"chose_seed":false,"campfire_upgraded":1,"win_rate":0,"timestamp":1546389461,"path_taken":["M","?","?","?","?","E","R","M","T","R","E","$","M","?","R","BOSS"],"build_version":"2018-12-20","purchased_purges":0,"victory":false,"max_hp_per_floor":[75,75,75,75,75,75,75,75,75,75,75,75,75,75,75,75],"card_choices":[{"not_picked":["Aggregate","Steam","Go for the Eyes"],"picked":"SKIP","floor":1},{"not_picked":["Darkness","Rebound","Gash"],"picked":"SKIP","floor":6},{"not_picked":["Steam Power","Redo"],"picked":"Static Discharge","floor":8},{"not_picked":["Compile Driver","Creative AI"],"picked":"Sweeping Beam","floor":11},{"not_picked":["Gash","Turbo"],"picked":"Sweeping Beam","floor":13},{"not_picked":["Darkness","Sweeping Beam"],"picked":"Consume","floor":14}],"player_experience":495258,"relics_obtained":[{"floor":6,"key":"Bronze Scales"},{"floor":9,"key":"Sundial"},{"floor":11,"key":"Pantograph"}],"event_choices":[{"damage_healed":0,"gold_gain":0,"player_choice":"Leave","damage_taken":0,"max_hp_gain":0,"max_hp_loss":0,"event_name":"The Cleric","floor":2,"gold_loss":0},{"damage_healed":0,"gold_gain":0,"player_choice":"Take Damage","damage_taken":18,"relics_obtained":["Golden Idol"],"max_hp_gain":0,"max_hp_loss":0,"event_name":"Golden Idol","floor":3,"gold_loss":0},{"damage_healed":0,"gold_gain":0,"player_choice":"Entered Light","damage_taken":15,"max_hp_gain":0,"max_hp_loss":0,"event_name":"Shining Light","floor":4,"gold_loss":0,"cards_upgraded":["Strike_B","Defend_B"]},{"damage_healed":0,"gold_gain":0,"player_choice":"1 cards matched","damage_taken":0,"max_hp_gain":0,"max_hp_loss":0,"event_name":"Match and Keep!","floor":5,"gold_loss":0,"cards_obtained":["Electrodynamics"]}],"is_beta":false,"boss_relics":[],"items_purged_floors":[],"is_endless":false,"potions_floor_spawned":[1,11,13,14],"killed_by":"The Guardian","ascension_level":9}