{"gold_per_floor":[114,114,129,144,159,159,174,24,49,79,94,94,124,124,124,224,224,239,239,254,254,269,299,349,364,364,364,364,364,114,144,144,244,244,259,274,329,344,359,359],"floor_reached":40,"playtime":2084,"items_purged":[],"score":513,"play_id":"626d3df4-8bdf-43c8-9f88-c4c4fe89b9f1","local_time":"20180927203012","daily_mods":["Heirloom","Green Cards","Terminal"],"is_ascension_mode":false,"campfire_choices":[{"data":"Chaos","floor":6,"key":"SMITH"},{"data":"Dualcast","floor":12,"key":"SMITH"},{"data":"Conserve Battery","floor":15,"key":"SMITH"},{"data":"Zap","floor":27,"key":"SMITH"},{"data":"Madness","floor":29,"key":"SMITH"},{"floor":32,"key":"REST"}],"neow_cost":"","seed_source_timestamp":0,"circlet_count":0,"master_deck":["Strike_B","Strike_B","Strike_B","Strike_B","Defend_B","Defend_B","Defend_B","Defend_B","Zap+1","Dualcast+1","Chaos+1","Ball Lightning","Glacier","Ball Lightning","Conserve Battery+1","Core Surge","Cold Snap","Conserve Battery","Go for the Eyes","Madness+1","Zap+1","Cold Snap","Ball Lightning+1","Self Repair+1","Tempest","Echo Form","Core Surge","Go for the Eyes","Loop"],"special_seed":17802,"relics":["Cracked Core","Nunchaku","Boot","Potion Belt","Lantern","Happy Flower","Orrery","Mercury Hourglass","Dream Catcher","Gremlin Horn","Blood Vial","Sozu","Tiny Chest"],"potions_floor_usage":[10,13,16,23,23,31,31,31,33,33],"damage_taken":[{"damage":0,"enemies":"Jaw Worm","floor":1,"turns":3},{"damage":0,"enemies":"Cultist","floor":3,"turns":3},{"damage":0,"enemies":"Small Slimes","floor":4,"turns":2},{"damage":0,"enemies":"Exordium Wildlife","floor":5,"turns":3},{"damage":0,"enemies":"2 Fungi Beasts","floor":7,"turns":3},{"damage":4,"enemies":"Lagavulin","floor":10,"turns":6},{"damage":0,"enemies":"Red Slaver","floor":11,"turns":3},{"damage":0,"enemies":"3 Sentries","floor":13,"turns":4},{"damage":0,"enemies":"The Guardian","floor":16,"turns":11},{"damage":0,"enemies":"Spheric Guardian","floor":18,"turns":4},{"damage":0,"enemies":"3 Byrds","floor":20,"turns":5},{"damage":0,"enemies":"Sentry and Sphere","floor":22,"turns":5},{"damage":16,"enemies":"Gremlin Leader","floor":23,"turns":11},{"damage":0,"enemies":"Snecko","floor":25,"turns":4},{"damage":17,"enemies":"Slavers","floor":31,"turns":3},{"damage":39,"enemies":"Champ","floor":33,"turns":12},{"damage":5,"enemies":"Orb Walker","floor":35,"turns":3},{"damage":8,"enemies":"3 Shapes","floor":36,"turns":4},{"damage":23,"enemies":"Maw","floor":38,"turns":8},{"damage":14,"enemies":"Spire Growth","floor":39,"turns":5},{"damage":46,"enemies":"2 Orb Walkers","floor":40,"turns":4}],"seed_played":"-59996080173849364","potions_obtained":[{"floor":1,"key":"Strength Potion"},{"floor":4,"key":"AttackPotion"},{"floor":7,"key":"Regen Potion"},{"floor":10,"key":"SkillPotion"},{"floor":11,"key":"LiquidBronze"},{"floor":20,"key":"FearPotion"},{"floor":21,"key":"Strength Potion"},{"floor":21,"key":"Block Potion"},{"floor":21,"key":"Weak Potion"},{"floor":25,"key":"AttackPotion"},{"floor":31,"key":"SkillPotion"}],"is_trial":false,"path_per_floor":["M","?","M","M","M","R","M","$","T","E","M","R","E","?","R","B",null,"M","?","M","?","M","E","?","M","T","R","$","R","$","E","R","B",null,"M","M","T","M","M"],"character_chosen":"DEFECT","items_purchased":["Boot","Gremlin Horn"],"campfire_rested":1,"item_purchase_floors":[8,30],"current_hp_per_floor":[73,72,71,70,69,68,67,66,65,61,61,61,61,65,64,63,62,61,60,59,58,57,41,41,41,41,41,41,41,41,34,47,18,45,40,34,34,33,31,0],"gold":359,"neow_bonus":"","is_prod":false,"is_daily":true,"chose_seed":false,"campfire_upgraded":5,"win_rate":0,"timestamp":1538105412,"path_taken":["M","?","?","M","M","R","?","?","T","E","M","R","E","?","R","BOSS","M","?","M","?","M","E","?","?","T","R","$","R","$","E","R","BOSS","M","M","?","M","M","E"],"build_version":"2018-09-27","purchased_purges":0,"victory":false,"max_hp_per_floor":[73,72,71,70,69,68,67,66,65,64,63,62,61,65,64,63,62,61,60,59,58,57,56,55,54,53,52,51,50,49,48,47,46,45,44,43,42,41,40,40],"card_choices":[{"not_picked":["Steam Power","Beam Cell"],"picked":"Chaos","floor":1},{"not_picked":["Turbo","Chaos"],"picked":"Ball Lightning","floor":3},{"not_picked":["Double Energy","Steam","Rip and Tear"],"picked":"SKIP","floor":4},{"not_picked":["Beam Cell","Cold Snap"],"picked":"Glacier","floor":5},{"not_picked":["Rebound","Heatsinks","Consume"],"picked":"SKIP","floor":7},{"not_picked":["Recycle","Compile Driver"],"picked":"Ball Lightning","floor":10},{"not_picked":["Steam","Hello World","Consume"],"picked":"SKIP","floor":11},{"not_picked":["Compile Driver","FTL"],"picked":"Conserve Battery","floor":13},{"not_picked":["Hyperbeam","Thunder Strike"],"picked":"Core Surge","floor":16},{"not_picked":["Sweeping Beam","Double Energy"],"picked":"Cold Snap","floor":17},{"not_picked":["Rebound","Hologram"],"picked":"Conserve Battery","floor":17},{"not_picked":["Leap","Rip and Tear"],"picked":"Go for the Eyes","floor":17},{"not_picked":["Darkness","Go for the Eyes","Redo"],"picked":"SKIP","floor":18},{"not_picked":["Reinforced Body","Rip and Tear"],"picked":"Cold Snap","floor":20},{"not_picked":["Buffer","Reprogram","Stack"],"picked":"SKIP","floor":22},{"not_picked":["Reprogram+1","BootSequence+1"],"picked":"Ball Lightning+1","floor":23},{"not_picked":["Beam Cell","Conserve Battery"],"picked":"Self Repair+1","floor":25},{"not_picked":["Static Discharge","Heatsinks"],"picked":"Tempest","floor":31},{"not_picked":["Rebound+1","Compile Driver"],"picked":"Echo Form","floor":32},{"not_picked":["Hyperbeam","Meteor Strike"],"picked":"Core Surge","floor":33},{"not_picked":["Scrape+1","Aggregate"],"picked":"Go for the Eyes","floor":35},{"not_picked":["Leap","Stack","FTL+1"],"picked":"SKIP","floor":36},{"not_picked":["Steam Power+1","Cold Snap","Turbo+1"],"picked":"SKIP","floor":38},{"not_picked":["Turbo+1","Storm+1"],"picked":"Loop","floor":39}],"player_experience":480211,"relics_obtained":[{"floor":9,"key":"Potion Belt"},{"floor":10,"key":"Lantern"},{"floor":13,"key":"Happy Flower"},{"floor":23,"key":"Mercury Hourglass"},{"floor":26,"key":"Dream Catcher"},{"floor":31,"key":"Blood Vial"},{"floor":37,"key":"Tiny Chest"}],"event_choices":[{"event_name":"Living Wall","player_choice":"Grow","floor":2,"damage_taken":0},{"event_name":"Big Fish","player_choice":"Donut","floor":14,"damage_taken":0},{"event_name":"Match and Keep!","player_choice":"2 cards matched","floor":19,"damage_taken":0},{"event_name":"The Lab","player_choice":"Got Potions","floor":21,"damage_taken":0},{"event_name":"The Joust","player_choice":"Bet on Murderer","floor":24,"damage_taken":0}],"is_beta":false,"boss_relics":[{"not_picked":["Pandora\u0027s Box","Velvet Choker"],"picked":"Orrery"},{"not_picked":["Runic Pyramid","Empty Cage"],"picked":"Sozu"}],"items_purged_floors":[],"is_endless":false,"potions_floor_spawned":[1,4,7,10,11,20,25,31,36,38],"killed_by":"2 Orb Walkers","ascension_level":0}