{"gold_per_floor":[217,229,33,33,33,33,65,20,20,50,50,60,60,77,77,149,149,159,159,177,192,192],"floor_reached":22,"playtime":1475,"items_purged":["Strike_R"],"score":440,"play_id":"c5314514-e05f-4d01-9f7f-cbe0254e483b","local_time":"20190216233344","is_ascension_mode":true,"campfire_choices":[{"data":"Bash","floor":6,"key":"SMITH"},{"data":"Armaments","floor":11,"key":"SMITH"},{"data":"Demon Form","floor":13,"key":"SMITH"},{"data":"Heavy Blade","floor":15,"key":"SMITH"}],"neow_cost":"NONE","seed_source_timestamp":1401100284969480,"circlet_count":0,"master_deck":["AscendersBane","Defend_R","Defend_R","Defend_R","Defend_R","Bash+1","Sword Boomerang","Battle Trance","Shrug It Off","Anger","Flex","Heavy Blade+1","Armaments+1","Carnage","Demon Form+1","Shrug It Off","Feed","Shockwave","Bite","Bite","Bite","Bite","Bite","Shockwave"],"relics":["Burning Blood","Bottled Flame","Bag of Marbles","Runic Pyramid"],"potions_floor_usage":[7,10,16,20,20],"damage_taken":[{"damage":6,"enemies":"2 Louse","floor":1,"turns":3},{"damage":14,"enemies":"Jaw Worm","floor":2,"turns":4},{"damage":0,"enemies":"Gremlin Nob","floor":7,"turns":2},{"damage":39,"enemies":"3 Sentries","floor":10,"turns":8},{"damage":0,"enemies":"Small Slimes","floor":12,"turns":1},{"damage":1,"enemies":"Red Slaver","floor":14,"turns":3},{"damage":30,"enemies":"Hexaghost","floor":16,"turns":6},{"damage":31,"enemies":"Shell Parasite","floor":18,"turns":7},{"damage":17,"enemies":"Spheric Guardian","floor":20,"turns":7},{"damage":58,"enemies":"3 Cultists","floor":21,"turns":8},{"damage":37,"enemies":"Shelled Parasite and Fungi","floor":22,"turns":6}],"seed_played":"-6571508415694207513","potions_obtained":[{"floor":7,"key":"Strength Potion"},{"floor":10,"key":"GamblersBrew"},{"floor":14,"key":"BloodPotion"},{"floor":18,"key":"SpeedPotion"}],"is_trial":false,"path_per_floor":["M","M","$","?","?","R","E","$","T","E","R","M","R","M","R","B",null,"M","?","M","M","M"],"character_chosen":"IRONCLAD","items_purchased":["Shrug It Off","Anger","SteroidPotion","Armaments"],"campfire_rested":0,"item_purchase_floors":[3,3,3,8],"current_hp_per_floor":[68,60,60,60,60,60,66,66,66,35,35,43,43,50,50,35,65,46,46,62,31,0],"gold":192,"neow_bonus":"HUNDRED_GOLD","is_prod":false,"is_daily":false,"chose_seed":false,"campfire_upgraded":4,"win_rate":0,"timestamp":1550381624,"path_taken":["M","M","$","?","?","R","E","?","T","E","R","M","R","M","R","BOSS","M","?","M","M","M"],"build_version":"2019-01-23","purchased_purges":1,"victory":false,"max_hp_per_floor":[75,75,75,75,75,75,75,75,75,75,75,75,75,75,75,75,75,79,79,83,86,86],"card_choices":[{"not_picked":["Heavy Blade","Thunderclap"],"picked":"Sword Boomerang","floor":1},{"not_picked":["Power Through","Fire Breathing"],"picked":"Battle Trance","floor":2},{"not_picked":["Searing Blow","Rage"],"picked":"Heavy Blade","floor":7},{"not_picked":["Combust","Iron Wave"],"picked":"Carnage","floor":10},{"not_picked":["Clothesline","Twin Strike"],"picked":"Demon Form","floor":12},{"not_picked":["Perfected Strike","Body Slam"],"picked":"Shrug It Off","floor":14},{"not_picked":["Double Tap","Impervious"],"picked":"Feed","floor":16},{"not_picked":["Body Slam","Clash"],"picked":"Shockwave","floor":18},{"not_picked":["Heavy Blade","Cleave"],"picked":"Shockwave","floor":20},{"not_picked":["Twin Strike+1","Infernal Blade","Headbutt"],"picked":"SKIP","floor":21}],"player_experience":504744,"relics_obtained":[{"floor":7,"key":"Blood Vial"},{"floor":9,"key":"Bottled Flame"},{"floor":10,"key":"Bag of Marbles"}],"event_choices":[{"damage_healed":0,"gold_gain":0,"player_choice":"Ignored","damage_taken":0,"max_hp_gain":0,"max_hp_loss":0,"event_name":"Golden Idol","floor":4,"gold_loss":0},{"damage_healed":0,"gold_gain":0,"cards_transformed":["Strike_R"],"player_choice":"Change","damage_taken":0,"max_hp_gain":0,"max_hp_loss":0,"event_name":"Living Wall","floor":5,"gold_loss":0,"cards_obtained":["Flex"]},{"damage_healed":0,"gold_gain":0,"player_choice":"Became a vampire (Vial)","damage_taken":0,"max_hp_gain":0,"max_hp_loss":0,"event_name":"Vampires","floor":19,"relics_lost":["Blood Vial"],"gold_loss":0,"cards_obtained":["Bite","Bite","Bite","Bite","Bite"]}],"is_beta":false,"boss_relics":[{"not_picked":["Orrery","Philosopher\u0027s Stone"],"picked":"Runic Pyramid"}],"items_purged_floors":[3],"is_endless":false,"potions_floor_spawned":[7,10,14,18],"killed_by":"Shelled Parasite and Fungi","ascension_level":14}