{"path_per_floor":["M","?","?","M","M","R","E","R","T","E","?","T","R","M","R","B",null,"M","M","?","$","M","R","M","R","T","M","M","M","R","?","R"],"character_chosen":"THE_SILENT","items_purchased":["Finesse","Infinite Blades"],"gold_per_floor":[110,110,110,120,137,137,165,165,165,190,167,194,194,211,211,316,316,334,354,354,112,125,125,140,140,140,157,169,189,189,189,189],"floor_reached":33,"campfire_rested":4,"playtime":3116,"current_hp_per_floor":[70,56,56,56,49,49,26,47,47,29,29,29,50,50,50,21,70,68,68,68,68,57,57,42,42,42,31,10,4,25,48,69],"items_purged":["Strike_G"],"gold":189,"play_id":"c698068e-5b04-4f49-b3fe-493afd25ee54","is_prod":false,"is_daily":false,"campfire_rituals":0,"campfire_upgraded":2,"is_hardmode":false,"path_taken":["M","?","?","?","M","R","E","R","T","E","?","?","R","M","R","BOSS","M","M","?","$","M","R","M","R","T","M","M","M","R","?","R","BOSS"],"build_version":"2018-01-18-PROD4","purchased_purges":1,"victory":false,"master_deck":["Defend_G","Defend_G","Defend_G","Defend_G","Defend_G","Strike_G","Strike_G","Strike_G","Strike_G","Survivor","Neutralize","Slice","Poisoned Stab","Prepared","Underhanded Strike","Backstab","Escape Plan","Adrenaline","Writhe","Finesse","Infinite Blades","Prepared","Dodge and Roll","Slice"],"max_hp_per_floor":[70,70,70,70,70,70,70,70,70,70,70,70,70,70,70,70,70,70,70,70,70,70,70,70,70,70,70,70,70,70,70,70],"relics":["Ring of the Snake","Art of War","Unceasing Top","Bag of Preparation","Shovel","Anchor","Bronze Scales","Sozu","Orichalcum","Ninja Scroll","Ice Cream"],"campfire_meditates":0,"card_choices":[{"not_picked":["Leg Sweep","Terror"],"picked":"Slice"},{"not_picked":["Dagger Spray","Riddle With Holes"],"picked":"Poisoned Stab"},{"not_picked":["All Out Attack","Quick Slash"],"picked":"Prepared"},{"not_picked":["All Out Attack","Cloak And Dagger"],"picked":"Underhanded Strike"},{"not_picked":["Phantasmal Killer","Predator"],"picked":"Backstab"},{"not_picked":["Dodge and Roll","Dagger Throw"],"picked":"Escape Plan"},{"not_picked":["Unload","Night Terror"],"picked":"Adrenaline"},{"not_picked":["Bane","Finisher"],"picked":"Prepared"},{"not_picked":["Infinite Blades","Masterful Stab"],"picked":"Dodge and Roll"},{"not_picked":["Underhanded Strike","Predator"],"picked":"Slice"}],"player_experience":101270,"potions_floor_usage":[7,7,10,10],"damage_taken":[{"damage":0,"enemies":"2 Louse","floor":1,"turns":3},{"damage":0,"enemies":"Jaw Worm","floor":4,"turns":4},{"damage":7,"enemies":"Small Slimes","floor":5,"turns":4},{"damage":23,"enemies":"Lagavulin","floor":7,"turns":9},{"damage":33,"enemies":"3 Sentries","floor":10,"turns":8},{"damage":0,"enemies":"2 Fungi Beasts","floor":14,"turns":3},{"damage":29,"enemies":"The Guardian","floor":16,"turns":14},{"damage":2,"enemies":"3 Byrds","floor":18,"turns":4},{"damage":0,"enemies":"Spheric Guardian","floor":19,"turns":3},{"damage":11,"enemies":"Snake Plant","floor":22,"turns":5},{"damage":15,"enemies":"Sentry and Sphere","floor":24,"turns":5},{"damage":11,"enemies":"3 Cultists","floor":27,"turns":5},{"damage":21,"enemies":"Chosen and Byrds","floor":28,"turns":5},{"damage":6,"enemies":"Snake Plant","floor":29,"turns":4},{"damage":75,"enemies":"Collector","floor":33,"turns":14}],"event_choices":[{"event_name":"Shining Light","player_choice":"Entered Light","floor":2,"damage_taken":0},{"event_name":"The Lab","player_choice":"Got Potions","floor":3,"damage_taken":0},{"event_name":"World of Goop","player_choice":"Left","floor":11,"damage_taken":0},{"event_name":"The Mausoleum","player_choice":"Yes","floor":20,"damage_taken":0},{"event_name":"The Library","player_choice":"Heal","floor":31,"damage_taken":0}],"boss_relics":[{"not_picked":["Orrery","Snecko Eye"],"picked":"Sozu"}],"potions_floor_spawned":[1,7,19,22],"seed_played":"323892638218318063","killed_by":"Collector","is_trial":false}