{"path_per_floor":["M","?","?","M","?","E","R","M","T","M","R","M","R","M","R"],"character_chosen":"THE_SILENT","items_purchased":[],"gold_per_floor":[119,219,219,235,235,267,267,279,279,293,293,311,311,324,324,324],"floor_reached":16,"campfire_rested":3,"playtime":772,"current_hp_per_floor":[65,65,65,64,64,23,44,33,33,25,25,16,37,11,32,0],"items_purged":[],"gold":324,"score":102,"play_id":"15aea731-7acd-4860-93e4-db884e7508fd","local_time":"20180411183249","is_prod":false,"is_daily":false,"is_ascension_mode":false,"campfire_upgraded":0,"timestamp":1523467969,"path_taken":["M","?","?","M","?","E","R","M","T","M","R","M","R","M","R","BOSS"],"build_version":"2018-04-05v2","purchased_purges":0,"victory":false,"master_deck":["Defend_G","Defend_G","Defend_G","Defend_G","Defend_G","Strike_G","Strike_G","Strike_G","Strike_G","Strike_G","Survivor","Neutralize","Poisoned Stab","Corpse Explosion","Caltrops","Escape Plan","Backstab","Dagger Spray","Terror"],"max_hp_per_floor":[70,70,70,70,70,70,70,70,70,70,70,70,70,70,70,70],"relics":["Runic Pyramid","Snake Skull","Peace Pipe","Gambling Chip"],"card_choices":[{"not_picked":["Footwork","Malaise"],"picked":"Poisoned Stab","floor":1},{"not_picked":["Footwork","Distraction"],"picked":"Corpse Explosion","floor":4},{"not_picked":["Underhanded Strike","Sucker Punch"],"picked":"Caltrops","floor":6},{"not_picked":["Dodge and Roll","Slice"],"picked":"Escape Plan","floor":8},{"not_picked":["Choke","PiercingWail"],"picked":"Backstab","floor":10},{"not_picked":["Skewer","Endless Agony"],"picked":"Dagger Spray","floor":12},{"not_picked":["Footwork","Tactician"],"picked":"Terror","floor":14}],"player_experience":45515,"potions_floor_usage":[6,12],"damage_taken":[{"damage":5,"enemies":"Jaw Worm","floor":1,"turns":5},{"damage":1,"enemies":"Cultist","floor":4,"turns":5},{"damage":41,"enemies":"Gremlin Nob","floor":6,"turns":5},{"damage":11,"enemies":"Small Slimes","floor":8,"turns":4},{"damage":8,"enemies":"Exordium Wildlife","floor":10,"turns":4},{"damage":9,"enemies":"2 Fungi Beasts","floor":12,"turns":2},{"damage":26,"enemies":"Exordium Thugs","floor":14,"turns":5},{"damage":36,"enemies":"Hexaghost","floor":16,"turns":11}],"event_choices":[{"event_name":"Golden Shrine","player_choice":"Pray","floor":2,"damage_taken":0},{"event_name":"The Cleric","player_choice":"Leave","floor":3,"damage_taken":0},{"event_name":"Big Fish","player_choice":"Box","floor":5,"damage_taken":0}],"boss_relics":[],"potions_floor_spawned":[1,4],"seed_played":"3674179740672553740","killed_by":"Hexaghost","ascension_level":0,"is_trial":false}