{"gold_per_floor":[118,128,47,47,67,242,242,261,261,261,336,355,385,397,397,496,496,514,364,384,384,384,384,311,311,311,323,334,334],"floor_reached":29,"playtime":714,"items_purged":["Doubt"],"score":281,"play_id":"3b380bb4-a709-49a1-86d6-5ee4e3953c32","local_time":"20181209224149","is_ascension_mode":true,"campfire_choices":[{"data":"Streamline","floor":7,"key":"SMITH"},{"floor":10,"key":"REST"},{"floor":15,"key":"REST"},{"data":"Loop","floor":23,"key":"SMITH"}],"neow_cost":"NONE","seed_source_timestamp":2011023359665729,"circlet_count":0,"master_deck":["Strike_B","Strike_B","Strike_B","Strike_B","Defend_B","Defend_B","Defend_B","Defend_B","Zap","Dualcast","Gash","Beam Cell","Consume","Streamline+1","Ball Lightning","Melter","Loop+1","Glacier","Seek","Self Repair","Capacitor","Compile Driver+1","Loop","Ball Lightning"],"relics":["Cracked Core","Regal Pillow","Emotion Chip","Nuclear Battery","MutagenicStrength","Letter Opener"],"potions_floor_usage":[13,13,16,28,29],"damage_taken":[{"damage":13,"enemies":"Small Slimes","floor":1,"turns":3},{"damage":7,"enemies":"Jaw Worm","floor":2,"turns":3},{"damage":9,"enemies":"2 Louse","floor":5,"turns":3},{"damage":5,"enemies":"2 Fungi Beasts","floor":8,"turns":3},{"damage":11,"enemies":"Looter","floor":12,"turns":2},{"damage":10,"enemies":"Lagavulin","floor":13,"turns":5},{"damage":16,"enemies":"Exordium Wildlife","floor":14,"turns":4},{"damage":26,"enemies":"Slime Boss","floor":16,"turns":9},{"damage":7,"enemies":"Shell Parasite","floor":18,"turns":6},{"damage":0,"enemies":"Spheric Guardian","floor":20,"turns":2},{"damage":6,"enemies":"Centurion and Healer","floor":27,"turns":5},{"damage":11,"enemies":"Snecko","floor":28,"turns":4},{"damage":54,"enemies":"Slavers","floor":29,"turns":2}],"seed_played":"1847833927133498659","potions_obtained":[{"floor":8,"key":"Block Potion"},{"floor":12,"key":"Weak Potion"},{"floor":13,"key":"Strength Potion"},{"floor":27,"key":"GamblersBrew"},{"floor":28,"key":"Ancient Potion"}],"is_trial":false,"path_per_floor":["M","M","$","?","M","?","R","M","T","R","?","M","E","M","R","B",null,"M","$","M","?","?","R","$","?","T","M","M","E"],"character_chosen":"DEFECT","items_purchased":["Consume","Capacitor","Loop"],"campfire_rested":2,"item_purchase_floors":[3,19,24],"current_hp_per_floor":[62,55,55,55,46,46,46,41,41,75,64,53,43,27,64,38,66,59,59,59,59,59,59,59,59,59,60,49,0],"gold":334,"neow_bonus":"RANDOM_COMMON_RELIC","is_prod":false,"is_daily":false,"chose_seed":false,"campfire_upgraded":2,"win_rate":0,"timestamp":1544391709,"path_taken":["M","M","$","?","M","?","R","M","T","R","?","M","E","M","R","BOSS","M","$","M","?","?","R","?","?","T","M","M","E"],"build_version":"2018-12-06","purchased_purges":1,"victory":false,"max_hp_per_floor":[75,75,75,75,75,75,75,75,75,75,75,75,75,75,75,75,75,75,75,75,75,75,75,75,75,75,75,75,75],"card_choices":[{"not_picked":["Beam Cell","Compile Driver"],"picked":"Gash","floor":1},{"not_picked":["Cold Snap","Chaos"],"picked":"Beam Cell","floor":2},{"not_picked":["Auto Shields","Compile Driver"],"picked":"Streamline","floor":5},{"not_picked":["Auto Shields","Static Discharge"],"picked":"Ball Lightning","floor":8},{"not_picked":["Consume","Beam Cell"],"picked":"Melter","floor":12},{"not_picked":["Rainbow","BootSequence"],"picked":"Loop","floor":13},{"not_picked":["Hologram","Leap"],"picked":"Glacier","floor":14},{"not_picked":["All For One","Fission"],"picked":"Seek","floor":16},{"not_picked":["Barrage","Melter"],"picked":"Self Repair","floor":18},{"not_picked":["Barrage","Go for the Eyes+1"],"picked":"Compile Driver+1","floor":20},{"not_picked":["Coolheaded","Conserve Battery"],"picked":"Ball Lightning","floor":27},{"not_picked":["Barrage+1","Hologram+1","Coolheaded"],"picked":"SKIP","floor":28}],"player_experience":412848,"relics_obtained":[{"floor":13,"key":"Emotion Chip"},{"floor":26,"key":"Letter Opener"}],"event_choices":[{"damage_healed":0,"gold_gain":0,"player_choice":"Ignored","damage_taken":0,"max_hp_gain":0,"max_hp_loss":0,"event_name":"Golden Wing","floor":4,"gold_loss":0},{"damage_healed":0,"gold_gain":175,"player_choice":"AGREE","damage_taken":0,"max_hp_gain":0,"max_hp_loss":0,"event_name":"Liars Game","floor":6,"gold_loss":0,"cards_obtained":["Doubt"]},{"damage_healed":0,"gold_gain":75,"player_choice":"Gather Gold","damage_taken":11,"max_hp_gain":0,"max_hp_loss":0,"event_name":"World of Goop","floor":11,"gold_loss":0},{"damage_healed":0,"gold_gain":0,"player_choice":"Ignored","damage_taken":0,"max_hp_gain":0,"max_hp_loss":0,"event_name":"Ghosts","floor":21,"gold_loss":0},{"damage_healed":0,"gold_gain":0,"player_choice":"Inject Mutagens","damage_taken":0,"relics_obtained":["MutagenicStrength"],"max_hp_gain":0,"max_hp_loss":0,"event_name":"Drug Dealer","floor":22,"gold_loss":0},{"damage_healed":0,"gold_gain":0,"player_choice":"Ignored","damage_taken":0,"max_hp_gain":0,"max_hp_loss":0,"event_name":"Beggar","floor":25,"gold_loss":0}],"is_beta":false,"boss_relics":[{"not_picked":["Velvet Choker","FrozenCore"],"picked":"Nuclear Battery"}],"items_purged_floors":[19],"is_endless":false,"potions_floor_spawned":[8,12,13,27,28],"killed_by":"Slavers","ascension_level":5}