{"gold_per_floor":[17,31,31,31,83,83,102,102,102,123,143,143,167,192,192,192],"floor_reached":16,"playtime":526,"items_purged":[],"score":174,"play_id":"e5ab8f2e-4b2f-4a85-ae61-1746dbdd52da","local_time":"20180923234555","is_ascension_mode":true,"campfire_choices":[{"data":"Zap","floor":6,"key":"SMITH"},{"floor":15,"key":"REST"}],"neow_cost":"NO_GOLD","seed_source_timestamp":730942334671843,"circlet_count":0,"master_deck":["Strike_B","Strike_B","Strike_B","Defend_B","Defend_B","Defend_B","Defend_B","Zap+1","Dualcast","AscendersBane","Capacitor","Glacier","Cold Snap+1","Rip and Tear+1","Gash+1","Go for the Eyes+1"],"relics":["Cracked Core","Omamori","Golden Idol","Molten Egg 2","Oddly Smooth Stone"],"potions_floor_usage":[11,13],"damage_taken":[{"damage":1,"enemies":"Cultist","floor":1,"turns":3},{"damage":8,"enemies":"2 Louse","floor":2,"turns":2},{"damage":8,"enemies":"Jaw Worm","floor":7,"turns":5},{"damage":17,"enemies":"Lots of Slimes","floor":10,"turns":4},{"damage":0,"enemies":"Large Slime","floor":11,"turns":5},{"damage":0,"enemies":"Blue Slaver","floor":13,"turns":2},{"damage":10,"enemies":"Gremlin Gang","floor":14,"turns":5},{"damage":24,"enemies":"Slime Boss","floor":16,"turns":6}],"seed_played":"8358032407550225716","potions_obtained":[{"floor":7,"key":"Poison Potion"},{"floor":11,"key":"Block Potion"}],"is_trial":false,"path_per_floor":["M","M","$","?","T","R","M","?","T","M","M","?","M","M","R"],"character_chosen":"DEFECT","items_purchased":[],"campfire_rested":1,"item_purchase_floors":[],"current_hp_per_floor":[77,69,69,62,62,62,54,54,54,37,37,11,11,1,24,0],"gold":192,"neow_bonus":"TWENTY_PERCENT_HP_BONUS","is_prod":false,"is_daily":false,"chose_seed":false,"campfire_upgraded":1,"win_rate":0,"timestamp":1537739155,"path_taken":["M","M","?","?","?","R","?","?","T","?","M","?","M","M","R","BOSS"],"build_version":"2018-09-20","purchased_purges":0,"victory":false,"max_hp_per_floor":[85,85,85,85,85,85,85,77,77,77,77,77,77,77,77,77],"card_choices":[{"not_picked":["Redo","Conserve Battery"],"picked":"Capacitor","floor":1},{"not_picked":["FTL","Doom and Gloom"],"picked":"Glacier","floor":2},{"not_picked":["Go for the Eyes","Force Field","Conserve Battery"],"picked":"SKIP","floor":7},{"not_picked":["Aggregate","Reprogram"],"picked":"Cold Snap+1","floor":10},{"not_picked":["Heatsinks","Doom and Gloom+1"],"picked":"Rip and Tear+1","floor":11},{"not_picked":["Turbo","Hologram"],"picked":"Gash+1","floor":13},{"not_picked":["Barrage+1","Hologram"],"picked":"Go for the Eyes+1","floor":14}],"player_experience":601738,"relics_obtained":[{"floor":5,"key":"Omamori"},{"floor":9,"key":"Molten Egg 2"}],"event_choices":[{"event_name":"Golden Wing","player_choice":"Card Removal","floor":4,"damage_taken":0},{"event_name":"Golden Idol","player_choice":"Lose Max HP","floor":8,"damage_taken":0},{"event_name":"Scrap Ooze","player_choice":"success","floor":12,"damage_taken":26}],"is_beta":false,"boss_relics":[],"items_purged_floors":[],"is_endless":false,"potions_floor_spawned":[7,11],"killed_by":"Slime Boss","ascension_level":17}