{"path_per_floor":["M","$","M","M","?","R","E","R","T","E","M","M","$","M","R","B",null,"M","$","M","?","$","E","M","R","T","R","E","?","M","?","R"],"character_chosen":"IRONCLAD","items_purchased":["Perfected Strike","Shrug It Off","Finesse"],"gold_per_floor":[114,22,39,59,59,59,93,93,93,124,136,147,72,89,89,190,190,203,103,116,116,24,51,62,62,115,115,142,42,53,53,53],"floor_reached":33,"campfire_rested":0,"playtime":2011,"current_hp_per_floor":[80,80,72,67,67,67,65,65,65,50,55,56,56,62,62,27,80,70,70,62,62,62,34,20,20,20,20,21,21,28,28,28],"items_purged":["Bash","Defend_R"],"gold":53,"play_id":"52c66103-6764-4fae-88c1-cd2750f172cd","is_prod":false,"is_daily":false,"is_ascension_mode":true,"campfire_upgraded":6,"path_taken":["M","$","M","M","?","R","E","R","T","E","M","M","$","?","R","BOSS","M","$","M","?","$","E","M","R","T","R","E","?","M","?","R","BOSS"],"build_version":"2018-01-25-PROD3","purchased_purges":3,"victory":false,"master_deck":["Strike_R+1","Strike_R+1","Strike_R+1","Strike_R+1","Defend_R+1","Defend_R+1","Defend_R+1","Perfected Strike+1","Flex+1","Perfected Strike+1","Shrug It Off+1","Flame Barrier+1","Inflame","Hemokinesis","Twin Strike","Shrug It Off+1","Dual Wield","Shrug It Off+1","Offering+1","Hemokinesis","Finesse","Twin Strike","Heavy Blade+1","Headbutt+1","J.A.X.","Impervious"],"max_hp_per_floor":[80,80,80,80,80,80,80,80,80,80,80,80,80,80,80,80,80,80,80,80,80,80,87,87,87,87,87,87,87,87,87,87],"relics":["Black Blood","Champion Belt","Bag of Preparation","Ancient Tea Set","Strawberry","War Paint","Gambling Chip"],"card_choices":[{"not_picked":["Sentinel","True Grit"],"picked":"Perfected Strike"},{"not_picked":["Intimidate","Feed"],"picked":"Flex"},{"not_picked":["Wild Strike","Shrug It Off"],"picked":"Flame Barrier"},{"not_picked":["Anger","Thunderclap"],"picked":"Hemokinesis"},{"not_picked":["Iron Wave","Demon Form"],"picked":"Twin Strike"},{"not_picked":["Clothesline","Spot Weakness"],"picked":"Shrug It Off"},{"not_picked":["Clash","Iron Wave"],"picked":"Dual Wield"},{"not_picked":["Anger","Clash"],"picked":"Shrug It Off"},{"not_picked":["Barricade","Dark Embrace"],"picked":"Offering"},{"not_picked":["Feel No Pain","Disarm"],"picked":"Hemokinesis"},{"not_picked":["Cleave","Corruption"],"picked":"Twin Strike"},{"not_picked":["Sword Boomerang","Flex"],"picked":"Heavy Blade"},{"not_picked":["Heavy Blade","Pummel"],"picked":"Headbutt"},{"not_picked":["Iron Wave","Clash"],"picked":"Impervious"}],"player_experience":35240,"potions_floor_usage":[7,11,14,33,33,33],"damage_taken":[{"damage":5,"enemies":"Small Slimes","floor":1,"turns":3},{"damage":14,"enemies":"Blue Slaver","floor":3,"turns":4},{"damage":11,"enemies":"Jaw Worm","floor":4,"turns":2},{"damage":20,"enemies":"Gremlin Nob","floor":7,"turns":5},{"damage":21,"enemies":"Lagavulin","floor":10,"turns":5},{"damage":1,"enemies":"Red Slaver","floor":11,"turns":2},{"damage":5,"enemies":"Looter","floor":12,"turns":3},{"damage":0,"enemies":"Exordium Thugs","floor":14,"turns":3},{"damage":41,"enemies":"The Guardian","floor":16,"turns":9},{"damage":20,"enemies":"Chosen","floor":18,"turns":5},{"damage":18,"enemies":"Shell Parasite","floor":20,"turns":7},{"damage":45,"enemies":"Book of Stabbing","floor":23,"turns":6},{"damage":24,"enemies":"Sentry and Sphere","floor":24,"turns":5},{"damage":9,"enemies":"Slavers","floor":28,"turns":4},{"damage":3,"enemies":"Snake Plant","floor":30,"turns":3},{"damage":40,"enemies":"Champ","floor":33,"turns":10}],"event_choices":[{"event_name":"Transmorgrifier","player_choice":"Transform","floor":5,"damage_taken":0},{"event_name":"Back to Basics","player_choice":"Simplicity","floor":21,"damage_taken":0},{"event_name":"Drug Dealer","player_choice":"Got JAXXED","floor":29,"damage_taken":0},{"event_name":"Vampires","player_choice":"Ignored","floor":31,"damage_taken":0}],"boss_relics":[{"not_picked":["Runic Dome","Ectoplasm"],"picked":"Black Blood"}],"potions_floor_spawned":[1,7,10,12,14,18,23,28],"seed_played":"5812770874822959456","killed_by":"Champ","ascension_level":1,"is_trial":false}