{"gold_per_floor":[17,28,43,293,11,26,41,58,58,73,73,83,83,98,98,194,194,214,214,233,0,15,15,15],"floor_reached":24,"playtime":1405,"items_purged":["Regret"],"score":194,"play_id":"e5959de5-6b81-45a3-b61c-3d3623ff17ec","local_time":"20180724152520","is_ascension_mode":false,"campfire_choices":[{"data":"Creative AI","floor":11,"key":"SMITH"},{"floor":13,"key":"REST"},{"floor":15,"key":"REST"},{"floor":23,"key":"REST"}],"neow_cost":"NO_GOLD","seed_source_timestamp":1176953730931013,"circlet_count":0,"master_deck":["Strike_B","Strike_B","Strike_B","Strike_B","Defend_B","Defend_B","Defend_B","Defend_B","Zap","Dualcast","Turbo","Turbo","Steam Power","Creative AI+1","Streamline","Hologram","Machine Learning","Double Energy","Hologram","Auto Shields","Conserve Battery","Creative AI","Melter","Deep Breath","Mind Blast","Loop","BootSequence"],"relics":["Cracked Core","Bird Faced Urn","Pantograph","Lizard Tail"],"potions_floor_usage":[7,8,14,22,22],"damage_taken":[{"damage":8,"enemies":"Small Slimes","floor":1,"turns":2},{"damage":10,"enemies":"Cultist","floor":2,"turns":4},{"damage":2,"enemies":"2 Louse","floor":3,"turns":2},{"damage":25,"enemies":"Lots of Slimes","floor":6,"turns":3},{"damage":5,"enemies":"Looter","floor":7,"turns":4},{"damage":6,"enemies":"Large Slime","floor":8,"turns":5},{"damage":1,"enemies":"2 Fungi Beasts","floor":10,"turns":2},{"damage":47,"enemies":"Gremlin Gang","floor":12,"turns":5},{"damage":18,"enemies":"3 Louse","floor":14,"turns":3},{"damage":30,"enemies":"The Guardian","floor":16,"turns":10},{"damage":23,"enemies":"Chosen","floor":18,"turns":6},{"damage":19,"enemies":"Shell Parasite","floor":20,"turns":6},{"damage":57,"enemies":"Cultist and Chosen","floor":22,"turns":8},{"damage":76,"enemies":"Gremlin Leader","floor":24,"turns":7}],"seed_played":"8140936738056089324","potions_obtained":[{"floor":6,"key":"Energy Potion"},{"floor":7,"key":"Poison Potion"},{"floor":10,"key":"Dexterity Potion"},{"floor":16,"key":"Poison Potion"},{"floor":18,"key":"Block Potion"},{"floor":22,"key":"PowerPotion"}],"is_trial":false,"path_per_floor":["M","M","M","?","$","M","M","M","T","M","R","M","R","M","R","B",null,"M","?","M","?","M","R"],"character_chosen":"DEFECT","items_purchased":["Creative AI","Streamline"],"campfire_rested":3,"item_purchase_floors":[5,5],"current_hp_per_floor":[67,57,55,55,55,34,37,45,45,46,46,9,31,21,43,57,75,62,41,34,34,40,62,0],"gold":15,"neow_bonus":"ONE_RARE_RELIC","is_prod":false,"is_daily":false,"chose_seed":false,"campfire_upgraded":1,"win_rate":0,"timestamp":1532438720,"path_taken":["M","M","M","?","$","M","M","?","T","M","R","M","R","M","R","BOSS","M","?","M","?","M","R","E"],"build_version":"2018-07-19v2","purchased_purges":1,"victory":false,"max_hp_per_floor":[75,75,75,75,75,75,75,75,75,75,75,75,75,75,75,75,75,75,75,75,75,75,75,75],"card_choices":[{"not_picked":["Barrage","Cold Snap"],"picked":"Turbo","floor":1},{"not_picked":["Chill","Streamline"],"picked":"Turbo","floor":2},{"not_picked":["Lockon","Stack"],"picked":"Steam Power","floor":3},{"not_picked":["Compile Driver","Barrage"],"picked":"Hologram","floor":6},{"not_picked":["Rebound","Streamline"],"picked":"Machine Learning","floor":7},{"not_picked":["Turbo","Darkness"],"picked":"Double Energy","floor":8},{"not_picked":["Compile Driver","Gash"],"picked":"Hologram","floor":10},{"not_picked":["Glacier","Rebound"],"picked":"Auto Shields","floor":12},{"not_picked":["Coolheaded","Compile Driver"],"picked":"Conserve Battery","floor":14},{"not_picked":["Meteor Strike","Core Surge"],"picked":"Creative AI","floor":16},{"not_picked":["Turbo","Redo"],"picked":"Melter","floor":18},{"not_picked":["BootSequence","Steam"],"picked":"Loop","floor":20},{"not_picked":["Hologram","Rebound"],"picked":"BootSequence","floor":22}],"player_experience":86381,"relics_obtained":[{"floor":9,"key":"Pantograph"}],"event_choices":[{"event_name":"Golden Shrine","player_choice":"Desecrate","floor":4,"damage_taken":0},{"event_name":"Knowing Skull","player_choice":"CARD CARD ","floor":19,"damage_taken":0},{"event_name":"Masked Bandits","player_choice":"Paid Bandits 233 gold","floor":21,"damage_taken":0}],"is_beta":false,"boss_relics":[{"not_picked":["Pandora\u0027s Box","Runic Pyramid"],"picked":"Lizard Tail"}],"items_purged_floors":[5],"is_endless":false,"potions_floor_spawned":[6,7,10,16,18,22],"killed_by":"Gremlin Leader","ascension_level":0}