{"path_per_floor":["M","?","?","M","$","R","M","R","T","T","E","R","E","M","R","B",null,"M","T","?","?","$","E","$","E","T","R","M","R","M","M","R","B",null,"M","M","M","$","T","$","R","M","T","$","M","R","E","M","R"],"character_chosen":"THE_SILENT","items_purchased":["Sucker Punch","Trip","Escape Plan","Escape Plan"],"gold_per_floor":[109,109,59,72,72,72,86,86,113,113,141,141,170,184,184,287,287,298,298,298,298,82,140,40,73,99,99,112,112,123,142,142,247,247,259,277,294,169,220,145,145,163,188,113,128,128,162,181,181,181],"floor_reached":50,"campfire_rested":1,"playtime":2616,"current_hp_per_floor":[59,64,64,58,58,58,58,58,58,58,54,75,72,70,70,64,72,71,71,71,71,71,69,69,58,58,58,58,58,58,56,56,56,70,70,70,70,70,70,70,70,70,70,70,67,67,67,67,67,0],"items_purged":["Underhanded Strike","Outmaneuver","Cloak And Dagger"],"gold":181,"score":771,"play_id":"837c0c1b-a0ec-4b59-9730-68206c6f7f5a","local_time":"20180403004845","is_prod":false,"is_daily":false,"is_ascension_mode":true,"campfire_upgraded":9,"timestamp":1522709325,"path_taken":["M","?","?","?","$","R","M","R","T","?","E","R","E","M","R","BOSS","M","?","?","?","$","E","$","E","T","R","?","R","M","M","R","BOSS","M","M","?","?","?","$","R","M","T","$","M","R","E","M","R","BOSS"],"build_version":"2018-03-29v2","purchased_purges":7,"victory":false,"master_deck":["Survivor+1","Neutralize+1","Flying Knee+1","Choke+1","Predator+1","Dagger Spray","Leg Sweep+1","Malaise+1","Dash+1","After Image","Heel Hook+1","Heel Hook+1","Bullet Time+1","Sucker Punch+1","Trip+1","Dodge and Roll+1","Acrobatics+1","Terror+1","Escape Plan","Escape Plan","Dodge and Roll+1","Escape Plan"],"max_hp_per_floor":[70,75,75,75,75,75,75,75,75,75,75,75,75,75,75,75,75,75,75,75,75,75,75,75,75,75,75,75,75,75,75,75,75,75,75,75,75,75,75,75,75,75,75,75,75,75,75,75,75,75],"relics":["Pandora\u0027s Box","Happy Flower","Du-Vu Doll","Dream Catcher","Anchor","Sozu","Bottled Tornado","Tiny Chest","Toolbox","Whetstone","Black Star","Art of War","Orichalcum","Regal Pillow","War Paint"],"card_choices":[{"not_picked":["Dodge and Roll","Catalyst"],"picked":"Malaise","floor":1},{"not_picked":["Leg Sweep","Deflect"],"picked":"Dash","floor":4},{"not_picked":["Backflip","Quick Slash"],"picked":"After Image","floor":11},{"not_picked":["Leg Sweep","Crippling Poison"],"picked":"Heel Hook","floor":13},{"not_picked":["Deflect","Acrobatics"],"picked":"Heel Hook","floor":14},{"not_picked":["Doppelganger","Wraith Form"],"picked":"Bullet Time","floor":16},{"not_picked":["Dagger Spray","Underhanded Strike"],"picked":"Dodge and Roll","floor":25},{"not_picked":["Poisoned Stab","Deadly Poison"],"picked":"Acrobatics","floor":30},{"not_picked":["Caltrops","Cloak And Dagger"],"picked":"Terror","floor":37},{"not_picked":["PiercingWail","Backstab"],"picked":"Dodge and Roll","floor":47},{"not_picked":["Backstab","Terror"],"picked":"Escape Plan","floor":48}],"player_experience":200952,"potions_floor_usage":[11,16,25],"damage_taken":[{"damage":4,"enemies":"Small Slimes","floor":1,"turns":3},{"damage":6,"enemies":"2 Louse","floor":4,"turns":2},{"damage":0,"enemies":"Jaw Worm","floor":7,"turns":3},{"damage":19,"enemies":"Lagavulin","floor":11,"turns":8},{"damage":3,"enemies":"3 Sentries","floor":13,"turns":6},{"damage":2,"enemies":"Exordium Wildlife","floor":14,"turns":4},{"damage":6,"enemies":"Slime Boss","floor":16,"turns":7},{"damage":1,"enemies":"3 Byrds","floor":18,"turns":4},{"damage":2,"enemies":"Book of Stabbing","floor":23,"turns":6},{"damage":11,"enemies":"Slavers","floor":25,"turns":3},{"damage":0,"enemies":"Spheric Guardian","floor":28,"turns":4},{"damage":0,"enemies":"Snake Plant","floor":30,"turns":2},{"damage":2,"enemies":"Centurion and Healer","floor":31,"turns":3},{"damage":0,"enemies":"Collector","floor":33,"turns":6},{"damage":0,"enemies":"Orb Walker","floor":35,"turns":2},{"damage":0,"enemies":"3 Darklings","floor":36,"turns":4},{"damage":0,"enemies":"Sphere and 2 Shapes","floor":37,"turns":4},{"damage":0,"enemies":"Maw","floor":42,"turns":6},{"damage":3,"enemies":"3 Darklings","floor":45,"turns":5},{"damage":0,"enemies":"Giant Head","floor":47,"turns":4},{"damage":0,"enemies":"Sphere and 2 Shapes","floor":48,"turns":4},{"damage":70,"enemies":"Donu and Deca","floor":50,"turns":13}],"event_choices":[{"event_name":"Big Fish","player_choice":"Donut","floor":2,"damage_taken":0},{"event_name":"The Cleric","player_choice":"Card Removal","floor":3,"damage_taken":0},{"event_name":"Back to Basics","player_choice":"Elegance","floor":20,"damage_taken":0},{"event_name":"Drug Dealer","player_choice":"Ignored","floor":21,"damage_taken":0}],"boss_relics":[{"not_picked":["Lizard Tail","Snecko Eye"],"picked":"Sozu"},{"not_picked":["The Specimen","Velvet Choker"],"picked":"Black Star"}],"potions_floor_spawned":[1,7,13,25,30,33,35,37,47,48],"seed_played":"7175509147815869061","killed_by":"Donu and Deca","ascension_level":6,"is_trial":false}