{"gold_per_floor":[109,128,141,316,25,25,25,40,40,53,53,53,53,64,64,167,167,180,180,196,196,57,57,57,57,84,84],"floor_reached":27,"playtime":997,"items_purged":["Doubt","Strike_R"],"score":201,"play_id":"79f03c57-88da-4b75-a7bc-e83aafd75e7c","local_time":"20190110120053","is_ascension_mode":false,"campfire_choices":[{"data":"Juggernaut","floor":7,"key":"SMITH"},{"data":"Armaments","floor":11,"key":"SMITH"},{"data":"Bash","floor":13,"key":"SMITH"},{"data":"True Grit","floor":15,"key":"SMITH"},{"data":"Barricade","floor":23,"key":"SMITH"},{"data":"Body Slam","floor":25,"key":"SMITH"}],"neow_cost":"NONE","seed_source_timestamp":985574578976759,"circlet_count":0,"master_deck":["Strike_R","Strike_R","Strike_R","Strike_R","Defend_R","Defend_R","Defend_R","Defend_R","Bash+1","Panacea","Shrug It Off","Metallicize","Clothesline","Juggernaut+1","Armaments+1","Armaments","True Grit+1","Cleave","Barricade+1","Sever Soul+1","Body Slam+1","Inflame"],"relics":["Burning Blood"],"potions_floor_usage":[21,21],"damage_taken":[{"damage":8,"enemies":"Jaw Worm","floor":1,"turns":4},{"damage":10,"enemies":"2 Louse","floor":2,"turns":3},{"damage":4,"enemies":"Small Slimes","floor":3,"turns":4},{"damage":0,"enemies":"2 Fungi Beasts","floor":8,"turns":4},{"damage":4,"enemies":"Blue Slaver","floor":10,"turns":4},{"damage":13,"enemies":"Lots of Slimes","floor":14,"turns":4},{"damage":9,"enemies":"The Guardian","floor":16,"turns":12},{"damage":5,"enemies":"Chosen","floor":18,"turns":5},{"damage":37,"enemies":"Spheric Guardian","floor":20,"turns":6},{"damage":41,"enemies":"Colosseum Slavers","floor":21,"turns":7},{"damage":41,"enemies":"3 Cultists","floor":27,"turns":5}],"seed_played":"-1792978520532362979","potions_obtained":[{"floor":3,"key":"FairyPotion"},{"floor":10,"key":"BloodPotion"},{"floor":18,"key":"Swift Potion"}],"is_trial":false,"path_per_floor":["M","M","M","?","$","?","R","M","T","M","R","?","R","M","R","B",null,"M","?","M","?","$","R","T","R","T","M"],"character_chosen":"IRONCLAD","items_purchased":["Juggernaut","Armaments","Inflame"],"campfire_rested":0,"item_purchase_floors":[5,5,22],"current_hp_per_floor":[78,74,76,76,76,76,76,80,80,80,80,85,85,78,78,75,85,85,85,54,27,27,27,27,27,27,0],"gold":84,"neow_bonus":"RANDOM_COLORLESS","is_prod":false,"is_daily":false,"chose_seed":false,"campfire_upgraded":6,"win_rate":0,"timestamp":1547139653,"path_taken":["M","M","M","?","$","?","R","M","T","M","R","?","R","M","R","BOSS","M","?","M","?","$","R","?","R","T","?"],"build_version":"2019-01-03v4","purchased_purges":2,"victory":false,"max_hp_per_floor":[80,80,80,80,80,80,80,80,80,80,80,85,85,85,85,85,85,85,85,85,85,85,85,85,85,85,85],"card_choices":[{"not_picked":["Iron Wave","Twin Strike"],"picked":"Shrug It Off","floor":1},{"not_picked":["Sentinel","Hemokinesis"],"picked":"Metallicize","floor":2},{"not_picked":["Shrug It Off","Thunderclap"],"picked":"Clothesline","floor":3},{"not_picked":["Exhume","Fire Breathing"],"picked":"Armaments","floor":8},{"not_picked":["Anger","Twin Strike"],"picked":"True Grit","floor":10},{"not_picked":["Burning Pact","Havoc"],"picked":"Cleave","floor":14},{"not_picked":["Exhume","Fiend Fire"],"picked":"Barricade","floor":16},{"not_picked":["Clash","Power Through"],"picked":"Sever Soul+1","floor":18},{"not_picked":["Thunderclap+1","Perfected Strike"],"picked":"Body Slam","floor":20}],"player_experience":445396,"relics_obtained":[],"event_choices":[{"damage_healed":0,"gold_gain":175,"player_choice":"AGREE","damage_taken":0,"max_hp_gain":0,"max_hp_loss":0,"event_name":"Liars Game","floor":4,"gold_loss":0,"cards_obtained":["Doubt"]},{"damage_healed":0,"gold_gain":0,"player_choice":"Ignored","damage_taken":0,"max_hp_gain":0,"max_hp_loss":0,"event_name":"Golden Idol","floor":6,"gold_loss":0},{"damage_healed":0,"gold_gain":0,"player_choice":"Donut","damage_taken":0,"max_hp_gain":5,"max_hp_loss":0,"event_name":"Big Fish","floor":12,"gold_loss":0},{"damage_healed":0,"gold_gain":0,"player_choice":"Ignored","damage_taken":0,"max_hp_gain":0,"max_hp_loss":0,"event_name":"Ghosts","floor":19,"gold_loss":0},{"damage_healed":0,"gold_gain":0,"player_choice":"Fight","damage_taken":0,"max_hp_gain":0,"max_hp_loss":0,"event_name":"Colosseum","floor":21,"gold_loss":0},{"damage_healed":0,"gold_gain":0,"player_choice":"Fled From Nobs","damage_taken":0,"max_hp_gain":0,"max_hp_loss":0,"event_name":"Colosseum","floor":21,"gold_loss":0}],"is_beta":false,"boss_relics":[{"not_picked":["White Beast Statue","Cursed Key","Tiny House"]}],"items_purged_floors":[5,22],"is_endless":false,"potions_floor_spawned":[3,10,18,20,21],"killed_by":"3 Cultists","ascension_level":0}