{"gold_per_floor":[114,129,129,144,144,144,159,159,159,189,204,234,234,253,253,378,378,397,397,57,88,119,169,200,212,249,280,311,323,354,366,378,390],"floor_reached":33,"playtime":1239,"items_purged":["Strike_R"],"score":381,"play_id":"f12b7061-307a-4e29-9f7e-bc575fcdfe54","local_time":"20180905193548","daily_mods":["Specialized","Lethality","Terminal"],"is_ascension_mode":false,"campfire_choices":[{"data":"Bash","floor":6,"key":"SMITH"},{"data":"Flex","floor":8,"key":"SMITH"},{"data":"Metallicize","floor":15,"key":"SMITH"},{"floor":25,"key":"REST"},{"data":"Double Tap","floor":32,"key":"SMITH"}],"neow_cost":"","seed_source_timestamp":0,"circlet_count":0,"master_deck":["Strike_R","Strike_R","Strike_R","Strike_R","Defend_R","Defend_R","Defend_R","Defend_R","Bash+1","Fiend Fire","Fiend Fire","Fiend Fire","Fiend Fire","Flex+1","Shrug It Off","Battle Trance","Shrug It Off","Metallicize+1","Iron Wave+1","Dark Embrace","Clothesline+1","Thunderclap+1","Infernal Blade+1","Double Tap+1","Pummel+1","Iron Wave+1","Flex"],"special_seed":17780,"relics":["Burning Blood","Torii","The Courier","Molten Egg 2","Letter Opener","Lantern","Golden Idol","White Beast Statue","Strange Spoon","MawBank","Bottled Lightning","Happy Flower","Darkstone Periapt"],"potions_floor_usage":[16,18,22,23,23,30,30,33,33],"damage_taken":[{"damage":0,"enemies":"Cultist","floor":1,"turns":2},{"damage":0,"enemies":"2 Louse","floor":2,"turns":2},{"damage":1,"enemies":"Small Slimes","floor":4,"turns":2},{"damage":8,"enemies":"Looter","floor":7,"turns":2},{"damage":0,"enemies":"Gremlin Nob","floor":10,"turns":2},{"damage":0,"enemies":"Exordium Thugs","floor":11,"turns":2},{"damage":7,"enemies":"3 Sentries","floor":12,"turns":4},{"damage":0,"enemies":"Blue Slaver","floor":14,"turns":2},{"damage":0,"enemies":"Slime Boss","floor":16,"turns":6},{"damage":8,"enemies":"2 Thieves","floor":18,"turns":2},{"damage":18,"enemies":"3 Byrds","floor":21,"turns":4},{"damage":8,"enemies":"Snecko","floor":22,"turns":3},{"damage":19,"enemies":"Book of Stabbing","floor":23,"turns":3},{"damage":0,"enemies":"Snake Plant","floor":24,"turns":2},{"damage":23,"enemies":"Chosen and Byrds","floor":27,"turns":4},{"damage":14,"enemies":"Centurion and Healer","floor":28,"turns":3},{"damage":10,"enemies":"Shelled Parasite and Fungi","floor":30,"turns":4},{"damage":56,"enemies":"Collector","floor":33,"turns":6}],"seed_played":"8761561677573513964","potions_obtained":[{"floor":4,"key":"PowerPotion"},{"floor":12,"key":"Weak Potion"},{"floor":14,"key":"Fire Potion"},{"floor":16,"key":"Strength Potion"},{"floor":18,"key":"EssenceOfSteel"},{"floor":22,"key":"SkillPotion"},{"floor":23,"key":"Regen Potion"},{"floor":24,"key":"Swift Potion"},{"floor":28,"key":"BloodPotion"},{"floor":30,"key":"BloodPotion"}],"is_trial":false,"path_per_floor":["M","M","?","M","?","R","M","R","T","E","M","E","?","M","R","B",null,"M","$","$","M","M","E","M","R","T","M","M","T","M","?","R"],"character_chosen":"IRONCLAD","items_purchased":["Strange Spoon","MawBank"],"campfire_rested":1,"item_purchase_floors":[20,20],"current_hp_per_floor":[78,77,74,75,74,73,71,71,70,69,68,67,66,65,64,63,62,60,60,59,47,45,32,38,54,53,36,28,28,38,38,38,0],"gold":390,"neow_bonus":"","is_prod":false,"is_daily":true,"chose_seed":false,"campfire_upgraded":4,"win_rate":0,"timestamp":1536201348,"path_taken":["M","?","?","M","?","R","?","R","T","E","M","E","?","M","R","BOSS","M","?","$","M","M","E","M","R","T","M","?","?","?","?","R","BOSS"],"build_version":"2018-08-30","purchased_purges":1,"victory":false,"max_hp_per_floor":[78,77,76,75,74,73,72,71,70,69,68,67,66,65,64,63,62,61,60,59,58,57,56,55,54,53,52,51,50,49,48,47,47],"card_choices":[{"not_picked":["Reckless Charge","Armaments"],"picked":"Flex","floor":1},{"not_picked":["Cleave","Havoc"],"picked":"Shrug It Off","floor":2},{"not_picked":["Fire Breathing","True Grit","Wild Strike"],"picked":"SKIP","floor":4},{"not_picked":["Immolate","Corruption"],"picked":"Battle Trance","floor":7},{"not_picked":["Thunderclap+1","Sever Soul+1"],"picked":"Shrug It Off","floor":10},{"not_picked":["Headbutt+1","True Grit","Corruption"],"picked":"SKIP","floor":11},{"not_picked":["True Grit","Corruption"],"picked":"Metallicize","floor":12},{"not_picked":["Clash+1","Thunderclap+1"],"picked":"Iron Wave+1","floor":14},{"not_picked":["Demon Form","Fiend Fire+1"],"picked":"Dark Embrace","floor":16},{"not_picked":["Cleave+1","True Grit"],"picked":"Clothesline+1","floor":18},{"not_picked":["Heavy Blade+1","Shrug It Off"],"picked":"Thunderclap+1","floor":21},{"not_picked":["Iron Wave+1","Burning Pact"],"picked":"Infernal Blade+1","floor":22},{"not_picked":["Shockwave","Perfected Strike+1"],"picked":"Double Tap","floor":23},{"not_picked":["Clothesline+1","Iron Wave+1"],"picked":"Pummel+1","floor":24},{"not_picked":["Havoc","Body Slam+1","Entrench"],"picked":"SKIP","floor":27},{"not_picked":["Combust","Armaments"],"picked":"Iron Wave+1","floor":28},{"not_picked":["Power Through","Immolate+1"],"picked":"Flex","floor":30}],"player_experience":466806,"relics_obtained":[{"floor":9,"key":"Molten Egg 2"},{"floor":10,"key":"Letter Opener"},{"floor":12,"key":"Lantern"},{"floor":23,"key":"Bottled Lightning"},{"floor":26,"key":"Happy Flower"},{"floor":29,"key":"Darkstone Periapt"}],"event_choices":[{"event_name":"Scrap Ooze","player_choice":"success","floor":3,"damage_taken":3},{"event_name":"WeMeetAgain","player_choice":"Card","floor":5,"damage_taken":0},{"event_name":"Golden Idol","player_choice":"Take Wound","floor":13,"damage_taken":0},{"event_name":"Purifier","player_choice":"One Purge","floor":31,"damage_taken":0}],"is_beta":false,"boss_relics":[{"not_picked":["Runic Pyramid","Runic Cube"],"picked":"White Beast Statue"}],"items_purged_floors":[20],"is_endless":false,"potions_floor_spawned":[4,12,14,16,18,21,22,23,24,27,28,30],"killed_by":"Collector","ascension_level":0}