{"gold_per_floor":[119,134,134,134,134,467,478,478,502,527,317,351,351,35,35,138,138,158,7,25,25,25,25],"floor_reached":23,"playtime":1271,"items_purged":["Strike_G"],"score":230,"play_id":"9bc91e05-37dc-43f2-87fe-c999eee971ad","local_time":"20190224031500","is_ascension_mode":false,"campfire_choices":[{"floor":8,"key":"REST"},{"floor":15,"key":"REST"}],"neow_cost":"NONE","seed_source_timestamp":73343492043337,"circlet_count":0,"master_deck":["Defend_G","Defend_G","Defend_G","Defend_G","Defend_G","Strike_G","Strike_G+1","Strike_G","Strike_G","Survivor","Neutralize+1","Calculated Gamble","Deadly Poison","Bouncing Flask","Setup+1","Poisoned Stab","Acrobatics","Leg Sweep+1","Well Laid Plans","Burst","Expertise","Thinking Ahead","Poisoned Stab","Underhanded Strike","Decay"],"relics":["Ring of the Snake","NeowsBlessing","Pen Nib","Old Coin","Art of War","Matryoshka","Snake Skull","Eternal Feather","War Paint"],"potions_floor_usage":[10,12,16,23],"damage_taken":[{"damage":0,"enemies":"Jaw Worm","floor":1,"turns":1},{"damage":0,"enemies":"Small Slimes","floor":2,"turns":1},{"damage":0,"enemies":"3 Sentries","floor":6,"turns":1},{"damage":2,"enemies":"2 Louse","floor":7,"turns":3},{"damage":5,"enemies":"Lagavulin","floor":10,"turns":5},{"damage":21,"enemies":"3 Sentries","floor":12,"turns":8},{"damage":7,"enemies":"Hexaghost","floor":16,"turns":7},{"damage":0,"enemies":"Chosen","floor":18,"turns":4},{"damage":24,"enemies":"2 Thieves","floor":20,"turns":5},{"damage":52,"enemies":"Gremlin Leader","floor":23,"turns":5}],"seed_played":"403885424007761644","potions_obtained":[{"floor":1,"key":"GamblersBrew"},{"floor":2,"key":"SkillPotion"},{"floor":6,"key":"GhostInAJar"},{"floor":20,"key":"Block Potion"}],"is_trial":false,"path_per_floor":["M","M","?","?","?","E","M","R","T","E","$","E","?","$","R","B",null,"M","$","M","?","$","E"],"character_chosen":"THE_SILENT","items_purchased":["Acrobatics","Leg Sweep","Well Laid Plans","Expertise","Thinking Ahead","War Paint"],"campfire_rested":2,"item_purchase_floors":[11,11,11,14,14,19],"current_hp_per_floor":[70,70,75,60,53,53,51,73,73,68,68,47,47,47,69,62,75,75,75,51,51,51,0],"gold":25,"neow_bonus":"THREE_ENEMY_KILL","is_prod":false,"is_daily":false,"chose_seed":false,"campfire_upgraded":0,"win_rate":0,"timestamp":1550978100,"path_taken":["M","M","?","?","?","E","M","R","T","E","?","E","?","$","R","BOSS","M","$","M","?","$","E"],"build_version":"2019-01-23","purchased_purges":1,"victory":false,"max_hp_per_floor":[70,70,75,75,75,75,75,75,75,75,75,75,75,75,75,75,75,75,75,75,75,75,75],"card_choices":[{"not_picked":["Masterful Stab","Endless Agony"],"picked":"Calculated Gamble","floor":1},{"not_picked":["Setup","Deflect"],"picked":"Deadly Poison","floor":2},{"not_picked":["Acrobatics","Blade Dance"],"picked":"Bouncing Flask","floor":6},{"not_picked":["Leg Sweep","Endless Agony"],"picked":"Setup","floor":7},{"not_picked":["Outmaneuver","Prepared"],"picked":"Poisoned Stab","floor":10},{"not_picked":["Blur","Dagger Throw"],"picked":"Burst","floor":12},{"not_picked":["Predator","Finisher"],"picked":"Poisoned Stab","floor":18},{"not_picked":["Dagger Throw","Leg Sweep"],"picked":"Underhanded Strike","floor":20}],"player_experience":178733,"relics_obtained":[{"floor":6,"key":"Old Coin"},{"floor":9,"key":"Art of War"},{"floor":10,"key":"Matryoshka"},{"floor":12,"key":"Snake Skull"}],"event_choices":[{"damage_healed":0,"gold_gain":0,"player_choice":"Donut","damage_taken":0,"max_hp_gain":5,"max_hp_loss":0,"event_name":"Big Fish","floor":3,"gold_loss":0},{"damage_healed":0,"gold_gain":0,"player_choice":"Entered Light","damage_taken":15,"max_hp_gain":0,"max_hp_loss":0,"event_name":"Shining Light","floor":4,"gold_loss":0,"cards_upgraded":["Strike_G","Neutralize"]},{"damage_healed":0,"gold_gain":0,"player_choice":"Success","damage_taken":7,"relics_obtained":["Pen Nib"],"max_hp_gain":0,"max_hp_loss":0,"event_name":"Scrap Ooze","floor":5,"gold_loss":0},{"damage_healed":0,"gold_gain":0,"player_choice":"Ignored","damage_taken":0,"max_hp_gain":0,"max_hp_loss":0,"event_name":"Golden Idol","floor":13,"gold_loss":0},{"damage_healed":0,"gold_gain":0,"player_choice":"Smashed Altar","damage_taken":0,"max_hp_gain":0,"max_hp_loss":0,"event_name":"Forgotten Altar","floor":21,"gold_loss":0,"cards_obtained":["Decay"]}],"is_beta":false,"boss_relics":[{"not_picked":["Busted Crown","Runic Dome"],"picked":"Eternal Feather"}],"items_purged_floors":[14],"is_endless":false,"potions_floor_spawned":[1,2,6,20],"killed_by":"Gremlin Leader","ascension_level":0}