{"gold_per_floor":[369,388,86,11,11,11,31,31,31,31,31,44,55,55,55,132,132,145,145,156,169,29,29,48,98,98,114,114],"floor_reached":28,"playtime":4044,"items_purged":["Pain","Strike_B"],"score":399,"play_id":"679f1eec-baeb-420b-b353-ab9cb04a377a","local_time":"20180924202927","is_ascension_mode":true,"campfire_choices":[{"floor":6,"key":"REST"},{"data":"Zap","floor":8,"key":"SMITH"},{"floor":11,"key":"REST"},{"floor":15,"key":"REST"},{"floor":23,"key":"REST"}],"neow_cost":"CURSE","seed_source_timestamp":802037024003523,"circlet_count":0,"master_deck":["Strike_B+1","Defend_B","Defend_B","Defend_B+1","Zap+1","Dualcast","AscendersBane","Streamline","Reinforced Body","Rip and Tear","Ball Lightning","Reboot","Self Repair","Coolheaded","Self Repair","Defragment"],"relics":["Cracked Core","Runic Capacitor","Mummified Hand","Sozu","Question Card"],"potions_floor_usage":[16],"damage_taken":[{"damage":12,"enemies":"Small Slimes","floor":1,"turns":4},{"damage":7,"enemies":"Jaw Worm","floor":2,"turns":2},{"damage":0,"enemies":"2 Louse","floor":7,"turns":2},{"damage":9,"enemies":"Red Slaver","floor":12,"turns":3},{"damage":33,"enemies":"Exordium Thugs","floor":13,"turns":6},{"damage":48,"enemies":"Hexaghost","floor":16,"turns":9},{"damage":15,"enemies":"Chosen","floor":18,"turns":4},{"damage":5,"enemies":"2 Thieves","floor":20,"turns":5},{"damage":10,"enemies":"Cultist and Chosen","floor":21,"turns":6},{"damage":21,"enemies":"Snake Plant","floor":24,"turns":5},{"damage":25,"enemies":"Snecko","floor":27,"turns":7},{"damage":33,"enemies":"Centurion and Healer","floor":28,"turns":11}],"seed_played":"-8165957444932806273","potions_obtained":[{"floor":1,"key":"FairyPotion"},{"floor":2,"key":"GamblersBrew"},{"floor":16,"key":"LiquidBronze"}],"is_trial":false,"path_per_floor":["M","M","$","?","$","R","M","R","T","?","R","M","M","?","R","B",null,"M","?","M","M","$","R","M","?","T","M"],"character_chosen":"DEFECT","items_purchased":["Runic Capacitor","Self Repair"],"campfire_rested":4,"item_purchase_floors":[3,22],"current_hp_per_floor":[52,45,45,45,45,66,66,66,66,45,66,57,24,24,45,7,55,40,40,42,39,39,60,39,39,39,28,0],"gold":114,"neow_bonus":"TWO_FIFTY_GOLD","is_prod":false,"is_daily":false,"chose_seed":false,"campfire_upgraded":1,"win_rate":0,"timestamp":1537813767,"path_taken":["M","M","$","?","$","R","M","R","T","?","R","M","M","?","R","BOSS","M","?","M","M","$","R","M","?","T","M","M"],"build_version":"2018-09-20","purchased_purges":2,"victory":false,"max_hp_per_floor":[71,71,71,71,71,71,71,71,71,71,71,71,71,71,71,71,71,71,71,71,71,71,71,71,71,71,71,71],"card_choices":[{"not_picked":["Leap","Hologram"],"picked":"Streamline","floor":1},{"not_picked":["Barrage","All For One","Double Energy"],"picked":"SKIP","floor":2},{"not_picked":["Steam Power","Hologram"],"picked":"Reinforced Body","floor":7},{"not_picked":["Compile Driver","Stack"],"picked":"Rip and Tear","floor":12},{"not_picked":["Stack","Cold Snap"],"picked":"Ball Lightning","floor":13},{"not_picked":["Meteor Strike","Creative AI"],"picked":"Reboot","floor":16},{"not_picked":["Beam Cell+1","Recycle"],"picked":"Self Repair","floor":18},{"not_picked":["Hello World","Gash","Go for the Eyes"],"picked":"SKIP","floor":20},{"not_picked":["Sweeping Beam","Stack"],"picked":"Coolheaded","floor":21},{"not_picked":["Streamline","Chaos","BootSequence"],"picked":"SKIP","floor":24},{"not_picked":["Stack","Beam Cell+1","Rip and Tear"],"picked":"Defragment","floor":27}],"player_experience":636161,"relics_obtained":[{"floor":9,"key":"Mummified Hand"},{"floor":26,"key":"Question Card"}],"event_choices":[{"event_name":"The Cleric","player_choice":"Card Removal","floor":4,"damage_taken":0},{"event_name":"Shining Light","player_choice":"Entered Light","floor":10,"damage_taken":0},{"event_name":"Bonfire Elementals","player_choice":"BASIC","floor":14,"damage_taken":0},{"event_name":"Purifier","player_choice":"One Purge","floor":19,"damage_taken":0},{"event_name":"Nest","player_choice":"Stole From Cult","floor":25,"damage_taken":0}],"is_beta":false,"boss_relics":[{"not_picked":["Runic Pyramid","Velvet Choker"],"picked":"Sozu"}],"items_purged_floors":[3,22],"is_endless":false,"potions_floor_spawned":[1,2,16],"killed_by":"Centurion and Healer","ascension_level":18}