{"path_per_floor":["M","?","M","M","M","?","R","M","T","E","?","M","M","?","R","B",null,"M","M","?","$","M","E","M","R","T","E","M","M","$","T","R","B",null,"M","M","$","M","?","E","R","?","T","E","M","M","M","M","R","B"],"character_chosen":"THE_SILENT","items_purchased":["Strawberry","Transmutation","Fire Potion","Whetstone","Anchor"],"gold_per_floor":[118,118,128,138,150,225,225,240,320,345,424,436,452,482,482,585,585,601,613,613,147,167,192,211,211,211,246,263,278,28,52,52,151,151,166,180,34,48,48,83,83,83,108,136,147,163,173,187,187,187],"floor_reached":51,"campfire_rested":3,"playtime":3216,"current_hp_per_floor":[70,70,67,67,63,52,52,52,52,38,38,26,26,26,47,20,70,59,54,54,61,45,34,34,57,57,69,61,35,35,35,58,48,77,77,61,61,63,63,44,44,44,44,45,47,49,51,53,53,44],"items_purged":["Slice","Strike_G"],"gold":187,"score":755,"play_id":"b9eefd6a-e4ab-4f71-a78c-9b88a345eb27","local_time":"20180429232420","is_prod":false,"is_daily":false,"chose_seed":false,"is_ascension_mode":false,"campfire_upgraded":3,"timestamp":1525037060,"path_taken":["M","?","M","M","M","?","R","M","T","E","?","M","?","?","R","BOSS","M","M","?","$","M","E","M","R","T","E","M","?","$","?","R","BOSS","M","M","$","M","?","E","R","?","T","E","?","M","M","M","R","BOSS"],"build_version":"2018-04-27v3","seed_source_timestamp":0,"purchased_purges":3,"victory":true,"master_deck":["Defend_G","Defend_G","Defend_G","Defend_G","Defend_G","Strike_G","Strike_G","Strike_G","Strike_G","Survivor","Neutralize","Predator+1","Well Laid Plans","Blur","Deadly Poison","Dash","Dash+1","Flying Knee","Die Die Die+1","Crippling Poison","Leg Sweep+1","Dodge and Roll+1","Doppelganger","Dash+1","PiercingWail+1","Dash+1","Blur","Parasite","Doppelganger","Noxious Fumes+1","Malaise+1","Dodge and Roll+1"],"max_hp_per_floor":[70,70,70,70,70,70,70,70,70,70,70,70,70,70,70,70,70,70,70,70,77,77,77,77,77,77,77,77,77,77,77,77,77,77,77,77,77,77,77,77,77,77,77,77,77,77,77,77,77,77],"relics":["Ring of the Snake","Calipers","Matryoshka","Bronze Scales","Snecko Eye","Strawberry","Happy Flower","Orichalcum","Molten Egg 2","Blood Vial","Whetstone","Lantern","Dream Catcher","Cursed Key","Anchor","Bag of Marbles","Vajra","Dodecahedron"],"card_choices":[{"not_picked":["All Out Attack","Expertise"],"picked":"Predator","floor":1.0},{"not_picked":["Blade Dance","Prepared"],"picked":"Well Laid Plans","floor":3.0},{"not_picked":["Quick Slash","Blade Dance"],"picked":"Blur","floor":4.0},{"not_picked":["Riddle With Holes","Reflex"],"picked":"Deadly Poison","floor":5.0},{"not_picked":["Flying Knee","Noxious Fumes"],"picked":"Slice","floor":8.0},{"not_picked":["Expertise","Dagger Throw"],"picked":"Dash","floor":10.0},{"not_picked":["Deadly Poison","Masterful Stab"],"picked":"Dash","floor":12.0},{"not_picked":["Underhanded Strike","Deflect"],"picked":"Flying Knee","floor":13.0},{"not_picked":["Phantasmal Killer","Glass Knife"],"picked":"Die Die Die","floor":16.0},{"not_picked":["Prepared","Phantasmal Killer"],"picked":"Crippling Poison","floor":22.0},{"not_picked":["Sucker Punch","Flying Knee"],"picked":"Leg Sweep","floor":27.0},{"not_picked":["Endless Agony","Well Laid Plans"],"picked":"Dodge and Roll","floor":29.0},{"not_picked":["Tools of the Trade","Die Die Die"],"picked":"Doppelganger","floor":33},{"not_picked":["Backflip","Dodge and Roll"],"picked":"Dash","floor":35},{"not_picked":["Slice","Noxious Fumes"],"picked":"PiercingWail","floor":38},{"not_picked":["Poisoned Stab","After Image"],"picked":"Blur","floor":40},{"not_picked":["Underhanded Strike","Outmaneuver"],"picked":"Doppelganger","floor":44},{"not_picked":["Acrobatics","Calculated Gamble"],"picked":"Noxious Fumes","floor":45},{"not_picked":["Envenom","PiercingWail"],"picked":"Malaise","floor":46},{"not_picked":["Outmaneuver","Poisoned Stab"],"picked":"Dodge and Roll","floor":48}],"player_experience":1703,"potions_floor_usage":[33,33,44,50,50,50],"damage_taken":[{"damage":0.0,"enemies":"Cultist","floor":1.0,"turns":4.0},{"damage":3.0,"enemies":"Small Slimes","floor":3.0,"turns":4.0},{"damage":0.0,"enemies":"2 Louse","floor":4.0,"turns":3.0},{"damage":4.0,"enemies":"Large Slime","floor":5.0,"turns":6.0},{"damage":0.0,"enemies":"Blue Slaver","floor":8.0,"turns":3.0},{"damage":14.0,"enemies":"Gremlin Nob","floor":10.0,"turns":4.0},{"damage":12.0,"enemies":"3 Louse","floor":12.0,"turns":2.0},{"damage":0.0,"enemies":"Lots of Slimes","floor":13.0,"turns":2.0},{"damage":27.0,"enemies":"Slime Boss","floor":16.0,"turns":10.0},{"damage":11.0,"enemies":"Chosen","floor":18.0,"turns":6.0},{"damage":5.0,"enemies":"3 Byrds","floor":19.0,"turns":2.0},{"damage":16.0,"enemies":"Snake Plant","floor":22.0,"turns":5.0},{"damage":11.0,"enemies":"Book of Stabbing","floor":23.0,"turns":5.0},{"damage":0.0,"enemies":"Centurion and Healer","floor":24.0,"turns":6.0},{"damage":3.0,"enemies":"Gremlin Leader","floor":27.0,"turns":8.0},{"damage":10.0,"enemies":"3 Cultists","floor":28.0,"turns":5.0},{"damage":28.0,"enemies":"Cultist and Chosen","floor":29.0,"turns":8.0},{"damage":12,"enemies":"Automaton","floor":33,"turns":13},{"damage":0,"enemies":"Flame Bruiser 1 Orb","floor":35,"turns":6},{"damage":16,"enemies":"3 Darklings","floor":36,"turns":5},{"damage":0,"enemies":"Spire Growth","floor":38,"turns":5},{"damage":21,"enemies":"Giant Head","floor":40,"turns":11},{"damage":1,"enemies":"2 Orb Walkers","floor":44,"turns":6},{"damage":0,"enemies":"Maw","floor":45,"turns":11},{"damage":0,"enemies":"Sphere and 2 Shapes","floor":46,"turns":4},{"damage":0,"enemies":"4 Shapes","floor":47,"turns":3},{"damage":0,"enemies":"3 Darklings","floor":48,"turns":3},{"damage":11,"enemies":"Donu and Deca","floor":50,"turns":11}],"event_choices":[{"event_name":"Big Fish","player_choice":"Box","floor":2.0,"damage_taken":0.0},{"event_name":"World of Goop","player_choice":"Gather Gold","floor":6.0,"damage_taken":0.0},{"event_name":"Golden Wing","player_choice":"Gained Gold","floor":11.0,"damage_taken":0.0},{"event_name":"Dead Adventurer","player_choice":"Searched \u00271\u0027 times","floor":14.0,"damage_taken":0.0},{"event_name":"Purifier","player_choice":"One Purge","floor":20.0,"damage_taken":0.0},{"event_name":"Duplicator","player_choice":"One dupe","floor":39,"damage_taken":0},{"event_name":"Purifier","player_choice":"One Purge","floor":42,"damage_taken":0}],"boss_relics":[{"not_picked":["Orrery","Philosopher\u0027s Stone"],"picked":"Cursed Key"}],"potions_floor_spawned":[1,4,8,12,13,19,22,23,27,29,38,40,45,46],"seed_played":"-2697181230566160117","ascension_level":0,"is_trial":false}