{"gold_per_floor":[113,113,93,103,115,115,131,158,182,38,38,54,54,73,73,174,174,194,294,308,308],"floor_reached":21,"playtime":1044,"items_purged":["Strike_G"],"score":226,"play_id":"e7915fd3-ad51-4ba5-afe1-91e32594a77f","local_time":"20180927123105","is_ascension_mode":true,"campfire_choices":[{"data":"Neutralize","floor":6,"key":"SMITH"},{"data":"Cloak And Dagger","floor":11,"key":"SMITH"},{"data":"Cloak And Dagger","floor":13,"key":"SMITH"},{"data":"Accuracy","floor":15,"key":"SMITH"}],"neow_cost":"PERCENT_DAMAGE","seed_source_timestamp":36850202965365,"circlet_count":0,"master_deck":["Defend_G","Defend_G","Defend_G","Defend_G","Defend_G","Strike_G","Strike_G","Strike_G","Strike_G","Survivor","Neutralize+1","Unload","Masterful Stab","Cloak And Dagger+1","Terror","Escape Plan","Blade Dance","Cloak And Dagger+1","Accuracy+1","Infinite Blades","Backflip","Burst","Blur","Backflip+1","Prepared+1"],"relics":["Ring of the Snake","Smiling Mask","Bag of Preparation","Runic Dome","Pocketwatch","Mercury Hourglass"],"potions_floor_usage":[8,16,16,19],"damage_taken":[{"damage":0,"enemies":"Small Slimes","floor":1,"turns":2},{"damage":0,"enemies":"Jaw Worm","floor":4,"turns":2},{"damage":0,"enemies":"2 Louse","floor":5,"turns":1},{"damage":1,"enemies":"Looter","floor":7,"turns":3},{"damage":10,"enemies":"Lagavulin","floor":8,"turns":7},{"damage":0,"enemies":"Red Slaver","floor":12,"turns":4},{"damage":0,"enemies":"Exordium Wildlife","floor":14,"turns":3},{"damage":5,"enemies":"Slime Boss","floor":16,"turns":8},{"damage":8,"enemies":"2 Thieves","floor":18,"turns":4},{"damage":0,"enemies":"Colosseum Slavers","floor":19,"turns":3},{"damage":42,"enemies":"Colosseum Nobs","floor":19,"turns":5},{"damage":0,"enemies":"3 Byrds","floor":20,"turns":4},{"damage":19,"enemies":"Sentry and Sphere","floor":21,"turns":3}],"seed_played":"-5434101781048864293","potions_obtained":[{"floor":1,"key":"Weak Potion"},{"floor":3,"key":"Dexterity Potion"},{"floor":4,"key":"SkillPotion"},{"floor":7,"key":"Explosive Potion"},{"floor":16,"key":"SpeedPotion"},{"floor":19,"key":"Poison Potion"},{"floor":20,"key":"Ancient Potion"}],"is_trial":false,"path_per_floor":["M","?","?","M","M","R","M","E","T","$","R","M","R","M","R","B",null,"M","?","M"],"character_chosen":"THE_SILENT","items_purchased":["Cloak And Dagger","Accuracy"],"campfire_rested":0,"item_purchase_floors":[10,10],"current_hp_per_floor":[49,70,70,70,70,70,69,59,59,59,59,59,59,59,59,54,66,58,16,16,0],"gold":308,"neow_bonus":"THREE_RARE_CARDS","is_prod":false,"is_daily":false,"chose_seed":false,"campfire_upgraded":4,"win_rate":0,"timestamp":1538044265,"path_taken":["M","?","?","M","M","R","M","E","T","$","R","?","R","M","R","BOSS","M","?","M","M"],"build_version":"2018-09-26v2","purchased_purges":1,"victory":false,"max_hp_per_floor":[70,70,70,70,70,70,70,70,70,70,70,70,70,70,70,70,70,70,70,70,70],"card_choices":[{"not_picked":["Envenom","A Thousand Cuts"],"picked":"Unload","floor":0},{"not_picked":["Bouncing Flask","Flying Knee"],"picked":"Masterful Stab","floor":1},{"not_picked":["Underhanded Strike","Dodge and Roll"],"picked":"Cloak And Dagger","floor":4},{"not_picked":["Quick Slash","Endless Agony"],"picked":"Terror","floor":5},{"not_picked":["Caltrops","Outmaneuver"],"picked":"Escape Plan","floor":7},{"not_picked":["Noxious Fumes","Envenom"],"picked":"Blade Dance","floor":8},{"not_picked":["Prepared","Bane"],"picked":"Infinite Blades","floor":12},{"not_picked":["Flying Knee","Tactician"],"picked":"Backflip","floor":14},{"not_picked":["Venomology","Wraith Form v2"],"picked":"Burst","floor":16},{"not_picked":["Flechettes","Underhanded Strike"],"picked":"Blur","floor":18},{"not_picked":["Calculated Gamble","Dodge and Roll"],"picked":"Backflip+1","floor":19},{"not_picked":["Eviscerate","Riddle With Holes"],"picked":"Prepared+1","floor":20}],"player_experience":158748,"relics_obtained":[{"floor":8,"key":"Smiling Mask"},{"floor":9,"key":"Bag of Preparation"},{"floor":19,"key":"Pocketwatch"},{"floor":19,"key":"Mercury Hourglass"}],"event_choices":[{"event_name":"Big Fish","player_choice":"Banana","floor":2,"damage_taken":0},{"event_name":"The Woman in Blue","player_choice":"Bought 1 Potion","floor":3,"damage_taken":0},{"event_name":"Colosseum","player_choice":"Fight","floor":19,"damage_taken":0},{"event_name":"Colosseum","player_choice":"Fought Nobs","floor":19,"damage_taken":0}],"is_beta":true,"boss_relics":[{"not_picked":["Fusion Hammer","HoveringKite"],"picked":"Runic Dome"}],"items_purged_floors":[10],"is_endless":false,"potions_floor_spawned":[1,4,5,7,16,19,20],"killed_by":"Sentry and Sphere","ascension_level":5}