{"gold_per_floor":[210,53,53,72,92,92,92,117,143,93,93,107,123,123,123,249,249,273,26,0,24,43,43,58,157,157,175,175,100,100],"floor_reached":30,"playtime":1838,"items_purged":["Strike_B","Defend_B","Strike_B"],"score":325,"play_id":"3f43cd46-759c-4d30-80fc-038c57f6499a","local_time":"20180916222425","is_ascension_mode":true,"campfire_choices":[{"floor":6,"key":"REST"},{"floor":15,"key":"REST"},{"floor":23,"key":"REST"},{"floor":28,"key":"REST"}],"neow_cost":"NONE","seed_source_timestamp":119933568078349,"circlet_count":0,"master_deck":["Strike_B","Strike_B","Defend_B","Zap+1","Dualcast","Go for the Eyes","Capacitor","Leap","Reinforced Body","Reinforced Body","Rebound","Buffer","Chrysalis","Doom and Gloom","Go for the Eyes+1","Melter","Tempest+1"],"relics":["Cracked Core","Golden Idol","Smiling Mask","Lizard Tail","Singing Bowl"],"potions_floor_usage":[7,16,22,22,24,27],"damage_taken":[{"damage":13,"enemies":"Small Slimes","floor":1,"turns":4},{"damage":7,"enemies":"Jaw Worm","floor":4,"turns":4},{"damage":1,"enemies":"Cultist","floor":5,"turns":4},{"damage":0,"enemies":"Lagavulin","floor":7,"turns":1},{"damage":1,"enemies":"2 Fungi Beasts","floor":8,"turns":3},{"damage":8,"enemies":"Large Slime","floor":12,"turns":6},{"damage":5,"enemies":"3 Louse","floor":13,"turns":4},{"damage":40,"enemies":"The Guardian","floor":16,"turns":16},{"damage":0,"enemies":"Chosen","floor":18,"turns":8},{"damage":24,"enemies":"Spheric Guardian","floor":21,"turns":10},{"damage":38,"enemies":"Snecko","floor":22,"turns":10},{"damage":22,"enemies":"Chosen and Byrds","floor":24,"turns":9},{"damage":12,"enemies":"Centurion and Healer","floor":27,"turns":8},{"damage":41,"enemies":"Cultist and Chosen","floor":30,"turns":4}],"seed_played":"-7516940210231160734","potions_obtained":[{"floor":5,"key":"SmokeBomb"},{"floor":12,"key":"AttackPotion"},{"floor":16,"key":"Energy Potion"},{"floor":18,"key":"EssenceOfSteel"},{"floor":22,"key":"Poison Potion"},{"floor":24,"key":"GamblersBrew"}],"is_trial":false,"path_per_floor":["M","$","?","M","M","R","E","M","T","$","?","M","M","?","R","B",null,"M","$","?","M","M","R","M","?","T","M","R","?"],"character_chosen":"DEFECT","items_purchased":["Capacitor","Chrysalis"],"campfire_rested":4,"item_purchase_floors":[2,19],"current_hp_per_floor":[55,55,55,48,47,67,67,66,66,66,59,51,46,46,66,26,58,58,58,58,34,34,54,32,32,32,20,40,40,0],"gold":100,"neow_bonus":"HUNDRED_GOLD","is_prod":false,"is_daily":false,"chose_seed":false,"campfire_upgraded":0,"win_rate":0,"timestamp":1537129465,"path_taken":["M","$","?","M","M","R","E","M","T","?","?","M","M","?","R","BOSS","M","$","?","M","?","R","M","?","T","M","R","?","M"],"build_version":"2018-09-06","purchased_purges":3,"victory":false,"max_hp_per_floor":[75,75,69,69,69,69,69,69,69,69,69,69,69,69,69,69,69,69,69,69,69,69,69,69,69,69,69,69,69,69],"card_choices":[{"not_picked":["Rebound","Scrape"],"picked":"Go for the Eyes","floor":1},{"not_picked":["Ball Lightning","Recycle"],"picked":"Leap","floor":4},{"not_picked":["Aggregate","Chill","Capacitor"],"picked":"SKIP","floor":5},{"not_picked":["Streamline","Steam"],"picked":"Reinforced Body","floor":8},{"not_picked":["Hologram","Stack"],"picked":"Reinforced Body","floor":12},{"not_picked":["Cold Snap","Compile Driver"],"picked":"Rebound","floor":13},{"not_picked":["Amplify","Reboot"],"picked":"Buffer","floor":16},{"not_picked":["Go for the Eyes","Stack+1","Turbo"],"picked":"SKIP","floor":18},{"not_picked":["Leap","Hologram"],"picked":"Doom and Gloom","floor":21},{"not_picked":["Beam Cell","Ball Lightning"],"picked":"Go for the Eyes+1","floor":22},{"not_picked":["Streamline","Hologram"],"picked":"Melter","floor":24},{"not_picked":["Rebound","Streamline+1"],"picked":"Tempest+1","floor":27}],"player_experience":254187,"relics_obtained":[{"floor":9,"key":"Smiling Mask"},{"floor":26,"key":"Singing Bowl"}],"event_choices":[{"event_name":"Golden Idol","player_choice":"Lose Max HP","floor":3,"damage_taken":0},{"event_name":"Golden Wing","player_choice":"Card Removal","floor":11,"damage_taken":0},{"event_name":"Upgrade Shrine","player_choice":"Upgraded","floor":14,"damage_taken":0},{"event_name":"Masked Bandits","player_choice":"Paid Fearfully","floor":20,"damage_taken":0},{"event_name":"Nest","player_choice":"Stole From Cult","floor":25,"damage_taken":0},{"event_name":"Beggar","player_choice":"Gave Gold","floor":29,"damage_taken":0}],"is_beta":false,"boss_relics":[{"not_picked":["Eternal Feather","Fusion Hammer"],"picked":"Lizard Tail"}],"items_purged_floors":[2,10,19],"is_endless":false,"potions_floor_spawned":[5,12,16,18,22,24],"killed_by":"Cultist and Chosen","ascension_level":8}