{"gold_per_floor":[117,135,154,304,304,304,330,342,379,426,438,470,501,564,576,664,676,688,719,751,40,40],"floor_reached":22,"playtime":788,"items_purged":["Strike_B"],"score":372,"play_id":"c906195e-24bd-4710-a396-0db3a6603a3f","local_time":"20181028200158","is_ascension_mode":true,"campfire_choices":[{"data":"Lockon","floor":6,"key":"SMITH"},{"floor":11,"key":"REST"},{"floor":15,"key":"REST"}],"neow_cost":"TEN_PERCENT_HP_LOSS","seed_source_timestamp":180806546213058,"circlet_count":0,"master_deck":["Strike_B","Strike_B","Defend_B+1","Defend_B","Defend_B","Zap","Dualcast","AscendersBane","Lockon+1","Doom and Gloom","Coolheaded","Conserve Battery+1","Cold Snap","Electrodynamics","Biased Cognition","Go for the Eyes","Conserve Battery"],"relics":["Cracked Core","MawBank","Potion Belt","War Paint","Velvet Choker","Omamori","Prayer Wheel"],"potions_floor_usage":[3,18],"damage_taken":[{"damage":4,"enemies":"Small Slimes","floor":1,"turns":3},{"damage":2,"enemies":"Jaw Worm","floor":2,"turns":3},{"damage":0,"enemies":"2 Louse","floor":3,"turns":3},{"damage":42,"enemies":"3 Sentries","floor":7,"turns":7},{"damage":14,"enemies":"Lagavulin","floor":10,"turns":6},{"damage":6,"enemies":"2 Fungi Beasts","floor":12,"turns":3},{"damage":4,"enemies":"Blue Slaver","floor":13,"turns":3},{"damage":27,"enemies":"The Guardian","floor":16,"turns":12},{"damage":0,"enemies":"2 Thieves","floor":18,"turns":1},{"damage":12,"enemies":"Chosen","floor":19,"turns":4},{"damage":11,"enemies":"Snake Plant","floor":20,"turns":3},{"damage":27,"enemies":"Centurion and Healer","floor":22,"turns":2}],"seed_played":"-3093371328767328796","potions_obtained":[{"floor":1,"key":"GamblersBrew"},{"floor":3,"key":"SmokeBomb"}],"is_trial":false,"path_per_floor":["M","M","M","?","?","R","E","?","T","E","R","M","M","?","R","B",null,"M","M","M","$"],"character_chosen":"DEFECT","items_purchased":["Omamori","Prayer Wheel","Explosive Potion","LiquidBronze","Conserve Battery"],"campfire_rested":2,"item_purchase_floors":[21,21,21,21,21],"current_hp_per_floor":[60,58,58,58,58,58,16,16,16,2,21,15,11,11,30,3,49,49,37,26,26,0],"gold":40,"neow_bonus":"REMOVE_TWO","is_prod":false,"is_daily":false,"chose_seed":false,"campfire_upgraded":1,"win_rate":0,"timestamp":1540753318,"path_taken":["M","M","M","?","?","R","E","?","T","E","R","M","M","?","R","BOSS","M","M","M","$","M"],"build_version":"2018-10-25v2","purchased_purges":1,"victory":false,"max_hp_per_floor":[64,64,64,64,64,64,64,64,64,64,64,64,64,64,64,64,64,64,64,64,64,64],"card_choices":[{"not_picked":["Stack","Undo"],"picked":"Lockon","floor":1},{"not_picked":["Barrage","Turbo"],"picked":"Doom and Gloom","floor":2},{"not_picked":["Hologram","Redo"],"picked":"Coolheaded","floor":3},{"not_picked":["Ball Lightning","Turbo"],"picked":"Conserve Battery","floor":7},{"not_picked":["Barrage","Skim","Stack"],"picked":"SKIP","floor":10},{"not_picked":["Hello World","Hologram"],"picked":"Cold Snap","floor":12},{"not_picked":["Stack","Chill"],"picked":"Electrodynamics","floor":13},{"not_picked":["Amplify","Reboot"],"picked":"Biased Cognition","floor":16},{"not_picked":["Stack","Rebound"],"picked":"Go for the Eyes","floor":19},{"not_picked":["Ball Lightning","Stack","Sweeping Beam"],"picked":"SKIP","floor":20}],"player_experience":273385,"relics_obtained":[{"floor":7,"key":"MawBank"},{"floor":9,"key":"Potion Belt"},{"floor":10,"key":"War Paint"}],"event_choices":[{"damage_healed":0,"gold_gain":150,"player_choice":"AGREE","damage_taken":0,"max_hp_gain":0,"max_hp_loss":0,"event_name":"Liars Game","floor":4,"gold_loss":0,"cards_obtained":["Doubt"]},{"damage_healed":0,"gold_gain":0,"player_choice":"Ignored","damage_taken":0,"max_hp_gain":0,"max_hp_loss":0,"event_name":"Shining Light","floor":5,"gold_loss":0},{"cards_removed":["Doubt"],"damage_healed":0,"gold_gain":0,"player_choice":"Purged","damage_taken":0,"max_hp_gain":0,"max_hp_loss":0,"event_name":"Purifier","floor":8,"gold_loss":0},{"damage_healed":0,"gold_gain":51,"player_choice":"Gained Gold","damage_taken":0,"max_hp_gain":0,"max_hp_loss":0,"event_name":"Golden Wing","floor":14,"gold_loss":0}],"is_beta":true,"boss_relics":[{"not_picked":["Runic Pyramid","Busted Crown"],"picked":"Velvet Choker"}],"items_purged_floors":[21],"is_endless":false,"potions_floor_spawned":[1,3],"killed_by":"Centurion and Healer","ascension_level":18}