{"gold_per_floor":[110,110,130,130,140,140,166,182,182,182,196,207,222,222,222,222],"floor_reached":16,"playtime":879,"items_purged":[],"score":166,"play_id":"76f9ec57-d79a-4c23-9a95-399f6a9c805a","local_time":"20181028203138","is_ascension_mode":true,"campfire_choices":[{"data":"Bash","floor":6,"key":"SMITH"},{"floor":10,"key":"REST"},{"floor":15,"key":"REST"}],"neow_cost":"NONE","seed_source_timestamp":182501180946350,"circlet_count":0,"master_deck":["Strike_R","Strike_R","Strike_R","Strike_R","Defend_R","Defend_R","Defend_R","Defend_R","Bash+1","AscendersBane","Sword Boomerang","Flame Barrier","Cleave","Reaper","Shrug It Off","Deep Breath"],"relics":["Burning Blood","Potion Belt","Nunchaku","Sundial"],"potions_floor_usage":[16],"damage_taken":[{"damage":8,"enemies":"Small Slimes","floor":1,"turns":6},{"damage":6,"enemies":"Cultist","floor":3,"turns":4},{"damage":2,"enemies":"2 Louse","floor":5,"turns":2},{"damage":50,"enemies":"Lagavulin","floor":7,"turns":10},{"damage":32,"enemies":"Exordium Thugs","floor":8,"turns":7},{"damage":25,"enemies":"Gremlin Gang","floor":11,"turns":5},{"damage":11,"enemies":"Large Slime","floor":12,"turns":8},{"damage":5,"enemies":"Lots of Slimes","floor":13,"turns":2},{"damage":44,"enemies":"Hexaghost","floor":16,"turns":12}],"seed_played":"-634168232374452241","potions_obtained":[{"floor":3,"key":"FearPotion"},{"floor":7,"key":"FearPotion"}],"is_trial":false,"path_per_floor":["M","?","M","T","M","R","E","M","T","R","M","M","M","?","R"],"character_chosen":"IRONCLAD","items_purchased":[],"campfire_rested":2,"item_purchase_floors":[],"current_hp_per_floor":[70,80,80,80,80,80,36,10,10,34,15,10,11,11,35,0],"gold":222,"neow_bonus":"REMOVE_CARD","is_prod":false,"is_daily":false,"chose_seed":false,"campfire_upgraded":1,"win_rate":0,"timestamp":1540755098,"path_taken":["M","?","M","?","M","R","E","M","T","R","M","?","M","?","R","BOSS"],"build_version":"2018-10-25v2","purchased_purges":0,"victory":false,"max_hp_per_floor":[80,80,80,80,80,80,80,80,80,80,80,80,80,80,80,80],"card_choices":[{"not_picked":["Warcry","Heavy Blade"],"picked":"Battle Trance","floor":1},{"not_picked":["Burning Pact","Perfected Strike"],"picked":"Sword Boomerang","floor":3},{"not_picked":["Shrug It Off","Pommel Strike"],"picked":"Flame Barrier","floor":5},{"not_picked":["True Grit","Perfected Strike"],"picked":"Cleave","floor":7},{"not_picked":["Iron Wave","Perfected Strike","Thunderclap"],"picked":"SKIP","floor":8},{"not_picked":["Warcry","Bloodletting","Twin Strike"],"picked":"SKIP","floor":11},{"not_picked":["Clothesline","Anger"],"picked":"Reaper","floor":12},{"not_picked":["Clash","Clothesline"],"picked":"Shrug It Off","floor":13}],"player_experience":275041,"relics_obtained":[{"floor":4,"key":"Potion Belt"},{"floor":7,"key":"Nunchaku"},{"floor":9,"key":"Sundial"}],"event_choices":[{"cards_removed":["Battle Trance"],"damage_healed":10,"gold_gain":0,"player_choice":"Offered Uncommon","damage_taken":0,"max_hp_gain":0,"max_hp_loss":0,"event_name":"Bonfire Elementals","floor":2,"gold_loss":0},{"damage_healed":0,"gold_gain":0,"player_choice":"1 cards matched","damage_taken":0,"max_hp_gain":0,"max_hp_loss":0,"event_name":"Match and Keep!","floor":14,"gold_loss":0,"cards_obtained":["Deep Breath"]}],"is_beta":true,"boss_relics":[],"items_purged_floors":[],"is_endless":false,"potions_floor_spawned":[3,7],"killed_by":"Hexaghost","ascension_level":12}