{"gold_per_floor":[114,128,128,139,154,154,213,488,562,562,597,609,63,77,77,182,182,196,206,58,58,333,333,347,347,372,382,382,382],"floor_reached":29,"playtime":1236,"items_purged":[],"score":225,"play_id":"f37a9b37-c9fe-41ce-bcc2-96659a5e4a61","local_time":"20190211164920","is_ascension_mode":false,"campfire_choices":[{"data":"Tools of the Trade","floor":6,"key":"SMITH"},{"data":"Skewer","floor":10,"key":"SMITH"},{"floor":15,"key":"REST"},{"data":"Bullet Time","floor":23,"key":"SMITH"},{"floor":25,"key":"REST"},{"floor":28,"key":"REST"}],"neow_cost":"NONE","seed_source_timestamp":178070781527708,"circlet_count":0,"master_deck":["Defend_G","Defend_G","Defend_G","Defend_G","Defend_G","Strike_G","Strike_G","Strike_G","Strike_G","Survivor+1","Neutralize+1","Well Laid Plans","Well Laid Plans","Tools of the Trade+1","Skewer+1","Quick Slash","Tactician","Caltrops","Swift Strike","Bullet Time+1","Reflex","Regret","Distraction"],"relics":["Ring of the Snake","Bag of Marbles","Matryoshka","Anchor","Snake Skull","TheAbacus","Empty Cage","Bronze Scales","Dodecahedron","PreservedInsect","Pen Nib"],"potions_floor_usage":[5,7,12,16,16,29],"damage_taken":[{"damage":0,"enemies":"Cultist","floor":1,"turns":3},{"damage":0,"enemies":"Jaw Worm","floor":2,"turns":5},{"damage":0,"enemies":"2 Louse","floor":4,"turns":3},{"damage":0,"enemies":"Lots of Slimes","floor":5,"turns":2},{"damage":27,"enemies":"Lagavulin Event","floor":7,"turns":11},{"damage":10,"enemies":"3 Sentries","floor":11,"turns":9},{"damage":4,"enemies":"3 Louse","floor":12,"turns":5},{"damage":0,"enemies":"Blue Slaver","floor":14,"turns":2},{"damage":31,"enemies":"The Guardian","floor":16,"turns":11},{"damage":11,"enemies":"Spheric Guardian","floor":18,"turns":5},{"damage":24,"enemies":"3 Byrds","floor":19,"turns":5},{"damage":24,"enemies":"Snake Plant","floor":24,"turns":4},{"damage":15,"enemies":"Shelled Parasite and Fungi","floor":27,"turns":6},{"damage":30,"enemies":"Centurion and Healer","floor":29,"turns":8}],"seed_played":"-4792322494870188110","potions_obtained":[{"floor":1,"key":"Block Potion"},{"floor":2,"key":"Explosive Potion"},{"floor":5,"key":"PowerPotion"},{"floor":12,"key":"Energy Potion"},{"floor":24,"key":"Explosive Potion"}],"is_trial":false,"path_per_floor":["M","M","?","M","M","R","?","?","T","R","E","M","$","M","R","B",null,"M","M","$","?","?","R","M","R","T","M","R","M"],"character_chosen":"THE_SILENT","items_purchased":["Snake Skull","Caltrops","Swift Strike","TheAbacus","Poison Potion","Bronze Scales"],"campfire_rested":3,"item_purchase_floors":[13,13,13,13,13,20],"current_hp_per_floor":[70,70,70,70,70,70,43,43,43,43,33,29,29,29,50,19,70,59,35,35,35,35,35,11,32,32,17,38,8],"gold":382,"neow_bonus":"UPGRADE_CARD","is_prod":false,"is_daily":false,"chose_seed":false,"campfire_upgraded":3,"win_rate":0,"timestamp":1549921760,"path_taken":["M","M","?","M","?","R","?","?","T","R","E","M","$","M","R","BOSS","M","M","?","?","?","R","M","R","T","M","R","M"],"build_version":"2019-01-23","purchased_purges":0,"victory":false,"max_hp_per_floor":[70,70,70,70,70,70,70,70,70,70,70,70,70,70,70,70,70,70,70,70,70,70,70,70,70,70,70,70,70],"card_choices":[{"not_picked":["Cloak And Dagger","Deadly Poison"],"picked":"Well Laid Plans","floor":1},{"not_picked":["Setup","Deflect"],"picked":"Well Laid Plans","floor":2},{"not_picked":["Deflect","Blade Dance"],"picked":"Tools of the Trade","floor":4},{"not_picked":["Dodge and Roll","Endless Agony","Finisher"],"picked":"SKIP","floor":5},{"not_picked":["Flying Knee","Sucker Punch"],"picked":"Skewer","floor":7},{"not_picked":["Cloak And Dagger","Prepared"],"picked":"Quick Slash","floor":11},{"not_picked":["Acrobatics","Sucker Punch"],"picked":"Tactician","floor":12},{"not_picked":["Accuracy","Blade Dance","Infinite Blades"],"picked":"SKIP","floor":14},{"not_picked":["Envenom","Grand Finale"],"picked":"Bullet Time","floor":16},{"not_picked":["Sucker Punch","Blade Dance+1"],"picked":"Reflex","floor":18},{"not_picked":["Deadly Poison","Infinite Blades","Underhanded Strike"],"picked":"SKIP","floor":19},{"not_picked":["Flying Knee","Blur"],"picked":"Distraction","floor":24},{"not_picked":["PiercingWail","Infinite Blades","Choke"],"picked":"SKIP","floor":27}],"player_experience":650461,"relics_obtained":[{"floor":7,"key":"Bag of Marbles"},{"floor":9,"key":"Matryoshka"},{"floor":11,"key":"Anchor"},{"floor":26,"key":"PreservedInsect"},{"floor":26,"key":"Pen Nib"}],"event_choices":[{"damage_healed":0,"gold_gain":0,"player_choice":"Forge","damage_taken":0,"max_hp_gain":0,"max_hp_loss":0,"event_name":"Accursed Blacksmith","floor":3,"gold_loss":0,"cards_upgraded":["Survivor"]},{"damage_healed":0,"gold_gain":0,"player_choice":"Searched \u00272\u0027 times","damage_taken":0,"max_hp_gain":0,"max_hp_loss":0,"event_name":"Dead Adventurer","floor":7,"gold_loss":0},{"damage_healed":0,"gold_gain":275,"player_choice":"Desecrate","damage_taken":0,"max_hp_gain":0,"max_hp_loss":0,"event_name":"Golden Shrine","floor":8,"gold_loss":0,"cards_obtained":["Regret"]},{"damage_healed":0,"gold_gain":0,"player_choice":"Opened","damage_taken":0,"relics_obtained":["Dodecahedron"],"max_hp_gain":0,"max_hp_loss":0,"event_name":"The Mausoleum","floor":21,"gold_loss":0},{"damage_healed":0,"gold_gain":275,"player_choice":"Desecrate","damage_taken":0,"max_hp_gain":0,"max_hp_loss":0,"event_name":"Golden Shrine","floor":22,"gold_loss":0,"cards_obtained":["Regret"]}],"is_beta":false,"boss_relics":[{"not_picked":["Lizard Tail","Calling Bell"],"picked":"Empty Cage"}],"items_purged_floors":[],"is_endless":false,"potions_floor_spawned":[1,2,5,12,24],"killed_by":"Centurion and Healer","ascension_level":0}