{"path_per_floor":["M","M","?","M","M","R","E","M","T","R","?","E","?","M","R","B",null,"M","M","M","?","M","$","E","M","T","?","R","E","M","M","R","B",null,"M","$","M","M","?","E","M","?","T","M","M","$","T","E","R","B"],"character_chosen":"THE_SILENT","items_purchased":["Escape Plan","A Thousand Cuts","Mummified Hand","Lantern","Escape Plan"],"gold_per_floor":[119,130,130,144,160,160,186,186,209,209,209,239,295,313,313,414,414,424,435,451,451,464,307,340,355,427,427,427,489,503,514,514,618,618,637,47,67,81,0,25,36,36,62,77,88,54,54,83,83,83],"floor_reached":51,"campfire_rested":2,"playtime":7919,"current_hp_per_floor":[70,68,68,68,68,68,57,57,57,57,57,45,44,44,65,63,70,57,46,45,45,45,45,45,36,36,36,56,56,50,49,49,36,67,65,65,65,57,57,67,66,66,66,66,66,66,66,72,72,58],"items_purged":["Decay","Dagger Spray"],"gold":83,"play_id":"7188b125-a840-48a8-8e0d-4136dc4915bc","is_prod":false,"is_daily":false,"campfire_rituals":0,"campfire_upgraded":4,"is_hardmode":false,"path_taken":["M","M","?","M","M","R","E","M","T","R","?","E","?","M","R","BOSS","M","M","M","?","?","$","E","M","T","?","R","E","M","M","R","BOSS","M","$","?","M","?","E","M","?","T","?","M","?","?","E","R","BOSS"],"build_version":"2018-01-04-PROD1","purchased_purges":2,"victory":true,"master_deck":["Defend_G","Defend_G","Defend_G","Defend_G","Defend_G","Strike_G","Strike_G","Strike_G","Strike_G","Strike_G","Survivor","Neutralize","Well Laid Plans","Backflip","Dodge and Roll","Slice","Prepared","Noxious Fumes","Caltrops","Acrobatics","Tools of the Trade","Backflip","Prepared","Deflect","Escape Plan","Prepared","Underhanded Strike","Flying Knee","Backstab","Underhanded Strike","After Image","Envenom","Deflect","Underhanded Strike","Underhanded Strike","Acrobatics","Quick Slash","Deflect","A Thousand Cuts","Underhanded Strike","Caltrops","Prepared","Tools of the Trade","Escape Plan","Finisher","Skewer"],"max_hp_per_floor":[70,70,70,70,70,70,70,70,70,70,70,70,70,70,70,70,70,70,70,70,70,70,70,70,70,70,67,67,67,67,67,67,67,67,67,67,67,67,67,77,77,77,77,77,77,77,77,84,84,84],"relics":["Ring of the Snake","Tingsha","Paper Crane","Happy Flower","Prayer Wheel","Thread and Needle","Sozu","Torii","Dodecahedron","Tiny Chest","Orrery","Mummified Hand","Lantern","Red Mask","Pear","Oddly Smooth Stone","Ice Cream","Strawberry"],"campfire_meditates":0,"card_choices":[{"not_picked":["PiercingWail","Crippling Poison"],"picked":"Dagger Spray"},{"not_picked":["Bane","Distraction"],"picked":"Well Laid Plans"},{"not_picked":["Backstab","Prepared"],"picked":"Backflip"},{"not_picked":["Riddle With Holes","Poisoned Stab"],"picked":"Dodge and Roll"},{"not_picked":["Wraith Form","Skewer"],"picked":"Slice"},{"not_picked":["Blur","Bouncing Flask"],"picked":"Prepared"},{"not_picked":["Dagger Spray","Predator"],"picked":"Noxious Fumes"},{"not_picked":["PiercingWail","Flying Knee"],"picked":"Caltrops"},{"not_picked":["Dagger Spray","Bullet Time"],"picked":"Acrobatics"},{"not_picked":["A Thousand Cuts","Die Die Die"],"picked":"Tools of the Trade"},{"not_picked":["Riddle With Holes","Cloak And Dagger"],"picked":"Backflip"},{"not_picked":["Heel Hook","Quick Slash"],"picked":"Prepared"},{"not_picked":["Dagger Spray","Underhanded Strike"],"picked":"Deflect"},{"not_picked":["Finisher","Dagger Spray"],"picked":"Prepared"},{"not_picked":["PiercingWail","Endless Agony"],"picked":"Underhanded Strike"},{"not_picked":["Quick Slash","Bane"],"picked":"Flying Knee"},{"not_picked":["Quick Slash","Finisher"],"picked":"Backstab"},{"not_picked":["Bouncing Flask","Calculated Gamble"],"picked":"Underhanded Strike"},{"not_picked":["Accuracy","Dagger Spray"],"picked":"After Image"},{"not_picked":["Die Die Die","Bullet Time"],"picked":"Envenom"},{"not_picked":["Eviscerate","Dagger Spray"],"picked":"Deflect"},{"not_picked":["Dagger Throw","Poisoned Stab"],"picked":"Underhanded Strike"},{"not_picked":["Dagger Throw","Deflect"],"picked":"Underhanded Strike"},{"not_picked":["Escape Plan","Prepared"],"picked":"Acrobatics"},{"not_picked":["Slice","Eviscerate"],"picked":"Quick Slash"},{"not_picked":["Dagger Throw","Dagger Spray"],"picked":"Deflect"},{"not_picked":["Corpse Explosion","Dodge and Roll"],"picked":"Underhanded Strike"},{"not_picked":["Deflect","Sucker Punch"],"picked":"Choke"},{"not_picked":["Escape Plan","Leg Sweep"],"picked":"Caltrops"},{"not_picked":["Dodge and Roll","Cloak And Dagger"],"picked":"Prepared"},{"not_picked":["Dagger Spray","Riddle With Holes"],"picked":"Tools of the Trade"},{"not_picked":["Masterful Stab","Dagger Throw"],"picked":"Finisher"},{"not_picked":["Cloak And Dagger","Phantasmal Killer"],"picked":"Skewer"}],"player_experience":65582,"potions_floor_usage":[7,13,16],"damage_taken":[{"damage":0,"enemies":"2 Louse","floor":1,"turns":3},{"damage":2,"enemies":"Cultist","floor":2,"turns":4},{"damage":0,"enemies":"Small Slimes","floor":4,"turns":4},{"damage":0,"enemies":"3 Louse","floor":5,"turns":4},{"damage":11,"enemies":"3 Sentries","floor":7,"turns":6},{"damage":0,"enemies":"Lots of Slimes","floor":8,"turns":3},{"damage":12,"enemies":"Lagavulin","floor":12,"turns":9},{"damage":1,"enemies":"3 Sentries","floor":13,"turns":5},{"damage":0,"enemies":"Large Slime","floor":14,"turns":6},{"damage":2,"enemies":"The Guardian","floor":16,"turns":11},{"damage":13,"enemies":"Chosen","floor":18,"turns":7},{"damage":11,"enemies":"3 Byrds","floor":19,"turns":4},{"damage":1,"enemies":"Snake Plant","floor":20,"turns":5},{"damage":0,"enemies":"Centurion and Healer","floor":22,"turns":8},{"damage":0,"enemies":"Gremlin Leader","floor":24,"turns":6},{"damage":9,"enemies":"Sentry and Sphere","floor":25,"turns":6},{"damage":0,"enemies":"Book of Stabbing","floor":29,"turns":4},{"damage":6,"enemies":"Chosen and Byrds","floor":30,"turns":5},{"damage":1,"enemies":"Centurion and Healer","floor":31,"turns":5},{"damage":13,"enemies":"Automaton","floor":33,"turns":11},{"damage":2,"enemies":"3 Shapes","floor":35,"turns":5},{"damage":0,"enemies":"Orb Walker","floor":37,"turns":3},{"damage":8,"enemies":"4 Shapes","floor":38,"turns":4},{"damage":0,"enemies":"Giant Head","floor":40,"turns":8},{"damage":1,"enemies":"Maw","floor":41,"turns":6},{"damage":0,"enemies":"3 Darklings","floor":44,"turns":4},{"damage":0,"enemies":"4 Shapes","floor":45,"turns":5},{"damage":1,"enemies":"2 Orb Walkers","floor":48,"turns":4},{"damage":14,"enemies":"Donu and Deca","floor":50,"turns":7}],"event_choices":[{"event_name":"Upgrade Shrine","player_choice":"Upgraded","floor":3,"damage_taken":0},{"event_name":"Wheel of Change","player_choice":"Curse","floor":11,"damage_taken":0},{"event_name":"Dead Adventurer","player_choice":"Searched \u00273\u0027 times","floor":13,"damage_taken":0},{"event_name":"Accursed Blacksmith","player_choice":"Forge","floor":21,"damage_taken":0},{"event_name":"Fountain of Cleansing","player_choice":"Removed Curse","floor":27,"damage_taken":0},{"event_name":"Tomb of Lord Red Mask","player_choice":"Paid","floor":39,"damage_taken":0}],"boss_relics":[{"not_picked":["Question Card","Philosopher\u0027s Stone"],"picked":"Sozu"},{"not_picked":["Tiny House","Lizard Tail"],"picked":"Orrery"}],"potions_floor_spawned":[2,4,5,13,14,18,20,25,29,31,40,44,45],"seed_played":"7389644497380837948","is_trial":false}