{"path_per_floor":["M","$","?","$","M","R","E","M","T","M","M","M","E","M","R","B",null,"M","?","?","$","?","E","R","E","T","M"],"character_chosen":"THE_SILENT","items_purchased":["Cloak And Dagger","Infinite Blades","Vajra","Cloak And Dagger"],"gold_per_floor":[115,69,19,19,39,39,68,86,110,123,133,143,171,186,186,288,288,307,307,307,36,36,66,66,66,66,77,77],"floor_reached":28,"campfire_rested":1,"playtime":1258,"item_purchase_floors":[2,21,21,21],"current_hp_per_floor":[70,70,70,70,70,70,70,70,70,66,67,68,46,38,59,24,70,58,58,58,58,58,43,43,12,12,9,0],"items_purged":[],"gold":77,"score":308,"play_id":"149814c2-9b59-4648-a1f4-1f6f1d030a60","local_time":"20180528090603","is_prod":false,"is_daily":false,"chose_seed":false,"is_ascension_mode":true,"campfire_upgraded":2,"win_rate":0,"timestamp":1527523563,"campfire_choices":[{"data":"Neutralize","floor":6,"key":"SMITH"},{"floor":15,"key":"REST"},{"data":"Envenom","floor":24,"key":"SMITH"}],"path_taken":["M","$","?","?","?","R","E","M","T","M","M","M","E","M","R","BOSS","M","?","?","$","?","E","R","E","T","?","M"],"build_version":"2018-05-27","seed_source_timestamp":362894492374,"purchased_purges":0,"victory":false,"master_deck":["Defend_G","Defend_G","Defend_G","Defend_G","Defend_G","Strike_G","Strike_G","Strike_G","Strike_G+1","Survivor","Neutralize+1","Poisoned Stab","Cloak And Dagger","Quick Slash","Dagger Spray","Flying Knee+1","Backflip","Escape Plan","Terror","Sucker Punch","Malaise","Envenom+1","Poisoned Stab+1","Writhe","Infinite Blades","Cloak And Dagger","Heel Hook","Deflect"],"max_hp_per_floor":[70,70,70,70,70,70,70,70,70,70,70,70,70,70,70,70,70,70,70,70,70,70,70,70,70,70,70,70],"relics":["Ring of the Snake","NeowsBlessing","Blood Vial","Ancient Tea Set","Gambling Chip","Sozu","Dream Catcher","Vajra","The Courier","Whetstone"],"card_choices":[{"not_picked":["Blur","Finisher"],"picked":"Poisoned Stab","floor":1},{"not_picked":["Dodge and Roll","Cloak And Dagger"],"picked":"Quick Slash","floor":5},{"not_picked":["Skewer","Bane"],"picked":"Dagger Spray","floor":7},{"not_picked":["Leg Sweep","PiercingWail"],"picked":"Flying Knee","floor":8},{"not_picked":["Blade Dance","Poisoned Stab"],"picked":"Backflip","floor":10},{"not_picked":["Malaise","Flechettes"],"picked":"Escape Plan","floor":11},{"not_picked":["Backflip","Dagger Spray"],"picked":"Terror","floor":12},{"not_picked":["Acrobatics","PiercingWail"],"picked":"Sucker Punch","floor":13},{"not_picked":["Heel Hook","Deadly Poison"],"picked":"Malaise","floor":14},{"not_picked":["Storm of Steel","Grand Finale"],"picked":"Envenom","floor":16},{"not_picked":["Dagger Throw","Finisher"],"picked":"Poisoned Stab+1","floor":18},{"not_picked":["Underhanded Strike","Cloak And Dagger"],"picked":"Heel Hook","floor":23},{"not_picked":["Flying Knee","Sucker Punch"],"picked":"Deflect","floor":27}],"player_experience":124706,"potions_floor_usage":[10,16,23,25],"damage_taken":[{"damage":0,"enemies":"Jaw Worm","floor":1,"turns":1},{"damage":0,"enemies":"2 Louse","floor":5,"turns":1},{"damage":0,"enemies":"Lagavulin","floor":7,"turns":1},{"damage":0,"enemies":"Cultist","floor":8,"turns":3},{"damage":4,"enemies":"Exordium Thugs","floor":10,"turns":4},{"damage":1,"enemies":"Blue Slaver","floor":11,"turns":4},{"damage":1,"enemies":"Exordium Wildlife","floor":12,"turns":3},{"damage":24,"enemies":"Gremlin Nob","floor":13,"turns":4},{"damage":10,"enemies":"Large Slime","floor":14,"turns":5},{"damage":37,"enemies":"Slime Boss","floor":16,"turns":12},{"damage":12,"enemies":"2 Thieves","floor":18,"turns":5},{"damage":17,"enemies":"Book of Stabbing","floor":23,"turns":5},{"damage":33,"enemies":"Slavers","floor":25,"turns":4},{"damage":5,"enemies":"Spheric Guardian","floor":27,"turns":3},{"damage":12,"enemies":"Slaver and Parasite","floor":28,"turns":1}],"relics_obtained":[{"floor":7,"key":"Blood Vial"},{"floor":9,"key":"Ancient Tea Set"},{"floor":13,"key":"Gambling Chip"},{"floor":23,"key":"The Courier"},{"floor":26,"key":"Whetstone"}],"event_choices":[{"event_name":"The Cleric","player_choice":"Card Removal","floor":3,"damage_taken":0},{"event_name":"Drug Dealer","player_choice":"Ignored","floor":19,"damage_taken":0},{"event_name":"The Mausoleum","player_choice":"Yes","floor":20,"damage_taken":0},{"event_name":"Beggar","player_choice":"Ignored","floor":22,"damage_taken":0}],"boss_relics":[{"not_picked":["Runic Dome","Philosopher\u0027s Stone"],"picked":"Sozu"}],"items_purged_floors":[],"potions_floor_spawned":[1,5,8,14,18,27],"seed_played":"-7399603766743432844","killed_by":"Slaver and Parasite","ascension_level":1,"potions_obtained":[{"floor":1,"key":"PowerPotion"},{"floor":5,"key":"Explosive Potion"},{"floor":8,"key":"SmokeBomb"},{"floor":14,"key":"Energy Potion"}],"is_trial":false}