{"path_per_floor":["M","?","$","?","M","E","M","R","T","$","?","E","M","M","R","B",null,"M","?","?","?","?","E","R","E","T","R","M","?","M","$","R"],"character_chosen":"DEFECT","items_purchased":["Axe Kick","Ball Lightning","Impulse","Skim","Bag of Preparation"],"gold_per_floor":[119,119,45,45,64,96,108,108,108,10,10,41,66,85,85,211,211,236,236,236,151,131,165,165,203,203,203,224,224,240,12,12,12],"floor_reached":33,"campfire_rested":4,"playtime":1530,"current_hp_per_floor":[75,60,60,60,60,41,41,41,41,41,41,35,23,23,43,20,69,55,55,55,55,55,19,39,5,5,25,25,25,14,14,34,0],"items_purged":["Strike_B"],"gold":12,"score":291,"play_id":"f14d9872-73bf-4432-8695-300a69b9b30b","local_time":"20180429235159","is_prod":false,"is_daily":false,"chose_seed":false,"is_ascension_mode":false,"campfire_upgraded":1,"timestamp":1525038719,"path_taken":["M","?","$","?","M","E","M","R","T","?","?","E","M","M","R","BOSS","M","?","?","?","?","E","R","E","T","R","?","?","M","$","R","BOSS"],"build_version":"2018-04-27v3","seed_source_timestamp":137117186664854,"purchased_purges":1,"victory":false,"master_deck":["Strike_B","Strike_B","Strike_B","Defend_B","Defend_B+1","Defend_B","Defend_B+1","Zap+1","Dualcast+1","Ball Lightning","Axe Kick","Ball Lightning","Darkness","Defragment","Leap+1","Impulse+1","Skim+1","Loop","Beam Cell","Chaos+1","Reboot+1","Axe Kick","Seek+1","Cold Snap","Axe Kick+1","Rainbow+1","Reinforced Body+1","Coolheaded+1","Go for the Eyes"],"max_hp_per_floor":[75,75,75,75,75,75,75,75,75,75,69,69,69,69,69,69,69,69,69,69,69,69,69,69,69,69,69,69,69,69,69,69,69],"relics":["Cracked Core","Toxic Egg 2","Bag of Marbles","Golden Idol","Centennial Puzzle","Inserter","Oddly Smooth Stone","Dream Catcher","Question Card","Gremlin Horn","Bag of Preparation"],"card_choices":[{"not_picked":["Coolheaded","Beam Cell"],"picked":"Ball Lightning","floor":1},{"not_picked":["Defragment","FTL"],"picked":"Darkness","floor":5},{"not_picked":["Sweeping Beam","Hologram"],"picked":"Defragment","floor":6},{"not_picked":["Genetic Algorithm","Aggregate"],"picked":"Leap","floor":7},{"not_picked":["Blizzard","Capacitor"],"picked":"Loop","floor":12},{"not_picked":["Skim","Axe Kick"],"picked":"Beam Cell","floor":13},{"not_picked":["Buffer","Go for the Eyes"],"picked":"Chaos","floor":14},{"not_picked":["Redo","Thunder Strike"],"picked":"Reboot","floor":16},{"not_picked":["Capacitor","Skim"],"picked":"Axe Kick","floor":18},{"not_picked":["Tempest","Streamline"],"picked":"Seek","floor":23},{"not_picked":["Defragment","Go for the Eyes"],"picked":"Cold Snap","floor":24},{"not_picked":["Rip and Tear","Impulse"],"picked":"Axe Kick","floor":25},{"not_picked":["Aggregate","Cold Snap","Ball Lightning"],"picked":"Rainbow","floor":27},{"not_picked":["Hologram","Coolheaded","Gash"],"picked":"Reinforced Body","floor":28},{"not_picked":["Axe Kick","Barrage","Flux Capacitor"],"picked":"Coolheaded","floor":30},{"not_picked":["Capacitor","Creative AI","Sweeping Beam"],"picked":"Go for the Eyes","floor":32}],"player_experience":4919,"potions_floor_usage":[18,23,23,30,33,33],"damage_taken":[{"damage":0,"enemies":"2 Louse","floor":1,"turns":2},{"damage":0,"enemies":"Jaw Worm","floor":5,"turns":1},{"damage":19,"enemies":"3 Sentries","floor":6,"turns":5},{"damage":0,"enemies":"Small Slimes","floor":7,"turns":2},{"damage":6,"enemies":"Gremlin Nob","floor":12,"turns":3},{"damage":12,"enemies":"2 Fungi Beasts","floor":13,"turns":2},{"damage":0,"enemies":"Large Slime","floor":14,"turns":3},{"damage":23,"enemies":"The Guardian","floor":16,"turns":7},{"damage":14,"enemies":"2 Thieves","floor":18,"turns":3},{"damage":36,"enemies":"Book of Stabbing","floor":23,"turns":6},{"damage":34,"enemies":"Gremlin Leader","floor":25,"turns":6},{"damage":0,"enemies":"Chosen","floor":28,"turns":4},{"damage":11,"enemies":"Snecko","floor":30,"turns":3},{"damage":56,"enemies":"Collector","floor":33,"turns":6}],"event_choices":[{"event_name":"Shining Light","player_choice":"Entered Light","floor":2,"damage_taken":0},{"event_name":"Living Wall","player_choice":"Grow","floor":4,"damage_taken":0},{"event_name":"Golden Idol","player_choice":"Lose Max HP","floor":11,"damage_taken":0},{"event_name":"Drug Dealer","player_choice":"Ignored","floor":19,"damage_taken":0},{"event_name":"Ghosts","player_choice":"Ignored","floor":20,"damage_taken":0},{"event_name":"Addict","player_choice":"Obtained Relic","floor":21,"damage_taken":0},{"event_name":"The Woman in Blue","player_choice":"Bought 1 Potion","floor":22,"damage_taken":0},{"event_name":"Cursed Tome","player_choice":"Ignored","floor":29,"damage_taken":0}],"boss_relics":[{"not_picked":["White Beast Statue","Philosopher\u0027s Stone"],"picked":"Inserter"}],"potions_floor_spawned":[5,7,14,23,28,30],"seed_played":"-1257072123853856165","killed_by":"Collector","ascension_level":0,"is_trial":false}