{"path_per_floor":["M","?","?","$","?","E","R","E","T","R","E","?","M","M","R","B",null,"M","$","?","?","?","R","E","R","T","?","?","M","?","M","R","B",null,"M","$","?","?","M","R","M","R","T","M","$","M","E","?","R","B"],"character_chosen":"DEFECT","items_purchased":["Rip and Tear","Block Potion","Bag of Marbles","Capacitor"],"gold_per_floor":[212,212,212,4,4,47,47,86,109,109,142,142,166,189,189,319,319,342,94,9,9,9,9,42,42,42,42,42,63,63,76,76,201,201,215,90,0,0,25,25,44,44,114,128,88,107,142,142,142,142],"floor_reached":51,"campfire_rested":2,"playtime":2154,"item_purchase_floors":[],"current_hp_per_floor":[68,61,61,61,61,52,52,27,27,47,47,69,69,69,69,67,69,69,69,69,69,69,69,71,71,71,71,71,73,73,70,70,47,67,61,61,61,61,61,61,53,53,59,56,56,41,18,44,69,42],"items_purged":["Strike_B","Strike_B","Writhe"],"gold":142,"score":934,"play_id":"5d7a88f0-4394-457a-bb40-f85cf3198527","local_time":"20180608093337","is_prod":false,"is_daily":false,"chose_seed":false,"is_ascension_mode":true,"campfire_upgraded":7,"win_rate":0,"timestamp":1528443217,"campfire_choices":[{"data":"Zap","floor":7.0,"key":"SMITH"},{"floor":10.0,"key":"REST"},{"data":"Go for the Eyes","floor":15.0,"key":"SMITH"},{"data":"Coolheaded","floor":23.0,"key":"SMITH"},{"data":"Rip and Tear","floor":25.0,"key":"SMITH"},{"data":"Loop","floor":32.0,"key":"SMITH"},{"data":"Reboot","floor":40,"key":"SMITH"},{"data":"Core Surge","floor":42,"key":"SMITH"},{"floor":49,"key":"REST"}],"path_taken":["M","?","?","$","?","E","R","E","T","R","E","?","M","M","R","BOSS","M","$","?","?","?","R","E","R","T","?","?","M","?","M","R","BOSS","M","$","?","?","M","R","M","R","T","M","?","M","E","?","R","BOSS"],"build_version":"2018-06-07","seed_source_timestamp":0,"purchased_purges":3,"victory":true,"master_deck":["Strike_B+1","Defend_B+1","Defend_B+1","Defend_B+1","Defend_B+1","Zap+1","Dualcast","Go for the Eyes+1","Rip and Tear+1","Coolheaded+1","Reboot+1","Auto Shields","Lockon","Echo Form","Melter","Loop+1","Core Surge+1","Coolheaded+1","Ball Lightning+1","Hologram+1","Writhe","Reboot","Capacitor","Static Discharge+1","Glacier+1","Writhe"],"max_hp_per_floor":[75,75,69,69,69,69,69,69,69,69,69,69,69,69,69,69,69,69,69,69,69,69,69,71,71,71,71,71,73,73,73,73,73,73,73,73,73,73,73,73,73,73,79,79,79,79,79,85,85,85],"relics":["Cracked Core","Vajra","Golden Idol","Ice Cream","Thread and Needle","Juzu Bracelet","Anchor","Sozu","Bag of Marbles","Potion Belt","Singing Bowl","Darkstone Periapt","Bottled Flame","Cursed Key","Red Mask","Dodecahedron","Mummified Hand"],"card_choices":[{"not_picked":["Tempest","Compile Driver"],"picked":"Go for the Eyes","floor":1.0},{"not_picked":["Streamline","Rebound","Stack"],"picked":"SKIP","floor":6.0},{"not_picked":["Go for the Eyes","Turbo"],"picked":"Coolheaded","floor":8.0},{"not_picked":["Doom and Gloom","Tempest"],"picked":"Reboot","floor":11.0},{"not_picked":["Genetic Algorithm","Sweeping Beam"],"picked":"Auto Shields","floor":13.0},{"not_picked":["Go for the Eyes","Barrage"],"picked":"Lockon","floor":14.0},{"not_picked":["Biased Cognition","Creative AI"],"picked":"Echo Form","floor":16.0},{"not_picked":["Sweeping Beam","Leap"],"picked":"Melter","floor":18.0},{"not_picked":["Blizzard+1","Rebound+1","Hologram"],"picked":"Singing Bowl","floor":24.0},{"not_picked":["Rebound","Streamline","Stack"],"picked":"Singing Bowl","floor":29.0},{"not_picked":["Self Repair","Compile Driver+1"],"picked":"Loop","floor":31.0},{"not_picked":["Hyperbeam","Rainbow"],"picked":"Core Surge","floor":33.0},{"not_picked":["Genetic Algorithm+1","Aggregate+1"],"picked":"Coolheaded+1","floor":35},{"not_picked":["Compile Driver","Cold Snap+1"],"picked":"Ball Lightning+1","floor":39},{"not_picked":["Streamline","Leap+1"],"picked":"Hologram+1","floor":41},{"not_picked":["Gash+1","Sweeping Beam+1"],"picked":"Reboot","floor":44},{"not_picked":["Conserve Battery","Beam Cell"],"picked":"Static Discharge+1","floor":46},{"not_picked":["Scrape+1","Ball Lightning+1"],"picked":"Glacier+1","floor":47}],"player_experience":356872,"potions_floor_usage":[50],"damage_taken":[{"damage":7.0,"enemies":"Small Slimes","floor":1.0,"turns":4.0},{"damage":9.0,"enemies":"Gremlin Nob","floor":6.0,"turns":3.0},{"damage":25.0,"enemies":"3 Sentries","floor":8.0,"turns":7.0},{"damage":0.0,"enemies":"Lagavulin","floor":11.0,"turns":6.0},{"damage":0.0,"enemies":"Jaw Worm","floor":13.0,"turns":2.0},{"damage":0.0,"enemies":"Cultist","floor":14.0,"turns":3.0},{"damage":2.0,"enemies":"The Guardian","floor":16.0,"turns":12.0},{"damage":0.0,"enemies":"3 Byrds","floor":18.0,"turns":4.0},{"damage":0.0,"enemies":"Book of Stabbing","floor":24.0,"turns":6.0},{"damage":0.0,"enemies":"Chosen","floor":29.0,"turns":3.0},{"damage":3.0,"enemies":"Centurion and Healer","floor":31.0,"turns":6.0},{"damage":23.0,"enemies":"Collector","floor":33.0,"turns":12.0},{"damage":6,"enemies":"3 Darklings","floor":35,"turns":6},{"damage":0,"enemies":"Orb Walker","floor":39,"turns":2},{"damage":8,"enemies":"4 Shapes","floor":41,"turns":6},{"damage":3,"enemies":"3 Darklings","floor":44,"turns":5},{"damage":15,"enemies":"Sphere and 2 Shapes","floor":46,"turns":6},{"damage":23,"enemies":"Nemesis","floor":47,"turns":7},{"damage":27,"enemies":"Donu and Deca","floor":50,"turns":14}],"relics_obtained":[{"floor":6.0,"key":"Ice Cream"},{"floor":8.0,"key":"Thread and Needle"},{"floor":9.0,"key":"Juzu Bracelet"},{"floor":11.0,"key":"Anchor"},{"floor":24.0,"key":"Darkstone Periapt"},{"floor":26.0,"key":"Bottled Flame"},{"floor":43,"key":"Dodecahedron"},{"floor":47,"key":"Mummified Hand"}],"event_choices":[{"event_name":"Scrap Ooze","player_choice":"success","floor":2.0,"damage_taken":7.0},{"event_name":"Golden Idol","player_choice":"Lose Max HP","floor":3.0,"damage_taken":0.0},{"event_name":"Bonfire Elementals","player_choice":"BASIC","floor":5.0,"damage_taken":0.0},{"event_name":"Big Fish","player_choice":"Banana","floor":12.0,"damage_taken":0.0},{"event_name":"Addict","player_choice":"Obtained Relic","floor":20.0,"damage_taken":0.0},{"event_name":"Back to Basics","player_choice":"Simplicity","floor":21.0,"damage_taken":0.0},{"event_name":"The Mausoleum","player_choice":"Yes","floor":22.0,"damage_taken":0.0},{"event_name":"Drug Dealer","player_choice":"Ignored","floor":27.0,"damage_taken":0.0},{"event_name":"Match and Keep!","player_choice":"0 cards matched","floor":28.0,"damage_taken":0.0},{"event_name":"Beggar","player_choice":"Ignored","floor":30.0,"damage_taken":0.0},{"event_name":"Tomb of Lord Red Mask","player_choice":"Paid","floor":37,"damage_taken":0},{"event_name":"Mysterious Sphere","player_choice":"Ignore","floor":38,"damage_taken":0},{"event_name":"Winding Halls","player_choice":"Writhe","floor":48,"damage_taken":0}],"boss_relics":[{"not_picked":["Philosopher\u0027s Stone","Nuclear Battery"],"picked":"Sozu"},{"not_picked":["Runic Pyramid","Snecko Eye"],"picked":"Cursed Key"}],"items_purged_floors":[],"potions_floor_spawned":[8,13,14,29,41,44,47],"seed_played":"-4110429835991021740","ascension_level":5,"potions_obtained":[{"floor":8.0,"key":"Weak Potion"},{"floor":13.0,"key":"Weak Potion"},{"floor":14.0,"key":"EssenceOfSteel"}],"is_trial":false}