{"gold_per_floor":[115,135,14,32,32,59,59,71,96,96],"floor_reached":10,"playtime":499,"items_purged":[],"score":68,"play_id":"9f80c876-7ccb-4a63-9781-56f3c9ecad5c","local_time":"20190215233355","is_ascension_mode":false,"campfire_choices":[{"data":"Slimebound:Split","floor":7,"key":"SMITH"}],"neow_cost":"","seed_source_timestamp":130473447020079,"circlet_count":0,"master_deck":["Slimebound:Strike_Slimebound","Slimebound:Strike_Slimebound","Slimebound:Strike_Slimebound","Slimebound:Tackle","Slimebound:Defend_Slimebound","Slimebound:Defend_Slimebound","Slimebound:Defend_Slimebound","Slimebound:Defend_Slimebound","Slimebound:Split+1","Slimebound:CorrosiveSpit","Slimebound:FormOfPuddle","Slimebound:GoopSpray","Slimebound:SlimeSpikes","Slimebound:MinionMaster","Regret","Slimebound:SplitLeeching"],"relics":["Slimebound:AbsorbEndCombat","Toolbox","SpikesRelics:DaevaFist","strawberrySpire:PoopsieRoll","Smiling Mask"],"potions_floor_usage":[6,6],"damage_taken":[{"damage":3,"enemies":"Small Slimes","floor":1,"turns":3},{"damage":13,"enemies":"Jaw Worm","floor":2,"turns":5},{"damage":6,"enemies":"Cultist","floor":4,"turns":5},{"damage":34,"enemies":"Gremlin Nob","floor":6,"turns":4},{"damage":18,"enemies":"Looter","floor":8,"turns":3},{"damage":8,"enemies":"Large Slime","floor":10,"turns":2}],"seed_played":"4001620069363460616","potions_obtained":[{"floor":4,"key":"Explosive Potion"},{"floor":8,"key":"SteroidPotion"}],"is_trial":false,"path_per_floor":["M","M","$","M","?","E","R","M","T","M"],"character_chosen":"SLIMEBOUND","items_purchased":["Slimebound:FormOfPuddle","Toolbox","Fire Potion","EssenceOfSteel"],"campfire_rested":0,"item_purchase_floors":[0,0,3,3],"current_hp_per_floor":[62,56,56,60,60,38,38,25,25,17],"gold":96,"neow_bonus":"","is_prod":false,"is_daily":false,"chose_seed":false,"campfire_upgraded":1,"win_rate":0,"timestamp":1550291635,"path_taken":["M","M","$","M","?","E","R","M","T","M"],"build_version":"2019-01-23","purchased_purges":0,"victory":false,"max_hp_per_floor":[70,70,70,70,70,70,70,70,70,70],"card_choices":[{"not_picked":["Slimebound:VenomTackle","Slimebound:SplitLeeching"],"picked":"Slimebound:GoopSpray","floor":1},{"not_picked":["Slimebound:ItLooksTasty","Slimebound:AcidGelatin"],"picked":"Slimebound:SlimeSpikes","floor":2},{"not_picked":["Slimebound:RejuvenatingLick","Slimebound:VenomTackle"],"picked":"Slimebound:MinionMaster","floor":4},{"not_picked":["Slimebound:FormOfPuddle","Slimebound:Prepare","Slimebound:SlimeBarrage"],"picked":"SKIP","floor":6},{"not_picked":["Slimebound:SlimeTap","Slimebound:PressTheAttack"],"picked":"Slimebound:SplitLeeching","floor":8}],"player_experience":709656,"relics_obtained":[{"floor":6,"key":"strawberrySpire:PoopsieRoll"},{"floor":9,"key":"Smiling Mask"}],"event_choices":[{"damage_healed":0,"gold_gain":0,"player_choice":"Box","damage_taken":0,"relics_obtained":["SpikesRelics:DaevaFist"],"max_hp_gain":0,"max_hp_loss":0,"event_name":"Big Fish","floor":5,"gold_loss":0,"cards_obtained":["Regret"]}],"is_beta":false,"boss_relics":[],"items_purged_floors":[],"is_endless":false,"potions_floor_spawned":[4,8],"killed_by":"Large Slime","ascension_level":0}