{"gold_per_floor":[116,17,17,17,17,17,29,29,84,116,133,143,143,143,143,143],"floor_reached":16,"playtime":888,"items_purged":[],"score":103,"play_id":"ca02ec70-ead9-4a81-b4aa-accddcb7ef33","local_time":"20180913005406","is_ascension_mode":true,"campfire_choices":[{"data":"Neutralize","floor":6,"key":"SMITH"},{"data":"Deflect","floor":8,"key":"SMITH"},{"floor":13,"key":"REST"},{"floor":15,"key":"REST"}],"neow_cost":"NONE","seed_source_timestamp":66636491873102,"circlet_count":0,"master_deck":["Defend_G","Defend_G","Defend_G","Defend_G","Defend_G","Strike_G+1","Strike_G","Strike_G+1","Strike_G","Strike_G","Survivor","Neutralize+1","Deflect+1","Endless Agony+1","Deflect","Reflex","Reflex","Slice","Tactician"],"relics":["HoveringKite","Gremlin Horn","Smiling Mask","Whetstone"],"potions_floor_usage":[12],"damage_taken":[{"damage":4,"enemies":"Jaw Worm","floor":1,"turns":5},{"damage":5,"enemies":"Small Slimes","floor":7,"turns":4},{"damage":45,"enemies":"3 Sentries","floor":10,"turns":15},{"damage":0,"enemies":"Cultist","floor":11,"turns":4},{"damage":10,"enemies":"Looter","floor":12,"turns":3},{"damage":48,"enemies":"Hexaghost","floor":16,"turns":11}],"seed_played":"3171676308534476065","potions_obtained":[{"floor":1,"key":"FearPotion"},{"floor":7,"key":"GamblersBrew"}],"is_trial":false,"path_per_floor":["M","$","?","?","T","R","M","R","T","E","M","M","R","?","R"],"character_chosen":"THE_SILENT","items_purchased":["Endless Agony","Deflect"],"campfire_rested":2,"item_purchase_floors":[2,2],"current_hp_per_floor":[66,66,66,66,66,66,61,61,61,16,16,6,27,27,48,0],"gold":143,"neow_bonus":"BOSS_RELIC","is_prod":false,"is_daily":false,"chose_seed":false,"campfire_upgraded":2,"win_rate":0,"timestamp":1536796446,"path_taken":["M","$","?","?","?","R","M","R","T","E","M","?","R","?","R","BOSS"],"build_version":"2018-09-06","purchased_purges":0,"victory":false,"max_hp_per_floor":[70,70,70,70,70,70,70,70,70,70,70,70,70,70,70,70],"card_choices":[{"not_picked":["Blur","Deadly Poison"],"picked":"Deflect","floor":1},{"not_picked":["Caltrops","Deflect"],"picked":"Reflex","floor":7},{"not_picked":["Accuracy","Dash"],"picked":"Reflex","floor":10},{"not_picked":["Catalyst","Well Laid Plans"],"picked":"Slice","floor":11},{"not_picked":["Flechettes","Expertise"],"picked":"Tactician","floor":12}],"player_experience":162667,"relics_obtained":[{"floor":5,"key":"Gremlin Horn"},{"floor":9,"key":"Smiling Mask"},{"floor":10,"key":"Whetstone"}],"event_choices":[{"event_name":"Golden Wing","player_choice":"Ignored","floor":3,"damage_taken":0},{"event_name":"Living Wall","player_choice":"Grow","floor":4,"damage_taken":0},{"event_name":"Golden Idol","player_choice":"Ignored","floor":14,"damage_taken":0}],"is_beta":false,"boss_relics":[],"items_purged_floors":[],"is_endless":false,"potions_floor_spawned":[1,7],"killed_by":"Hexaghost","ascension_level":1}