{"gold_per_floor":[110,128,147,147,167,167,197,208,208,224,224,235,510,530,530,530],"floor_reached":16,"playtime":1057,"items_purged":[],"score":111,"play_id":"4dec7406-b93b-46e3-b367-813ee95c038b","local_time":"20180905210004","is_ascension_mode":true,"campfire_choices":[{"data":"Blizzard","floor":6,"key":"SMITH"},{"data":"Static Discharge","floor":11,"key":"SMITH"},{"data":"Chill","floor":15,"key":"SMITH"}],"neow_cost":"","seed_source_timestamp":0,"circlet_count":0,"master_deck":["Strike_B","Strike_B","Strike_B","Defend_B","Defend_B","Defend_B","Defend_B","Zap","Dualcast","Ball Lightning","Sweeping Beam","Self Repair","Blizzard+1","Buffer","Static Discharge+1","Cold Snap","Chill+1","Regret"],"special_seed":0,"relics":["Cracked Core","Pear","Shovel"],"potions_floor_usage":[5,7,12],"damage_taken":[{"damage":3,"enemies":"Cultist","floor":1,"turns":5},{"damage":1,"enemies":"Jaw Worm","floor":2,"turns":2},{"damage":1,"enemies":"2 Louse","floor":3,"turns":2},{"damage":1,"enemies":"Exordium Thugs","floor":5,"turns":4},{"damage":26,"enemies":"Gremlin Nob","floor":7,"turns":4},{"damage":10,"enemies":"Looter","floor":8,"turns":3},{"damage":13,"enemies":"2 Fungi Beasts","floor":10,"turns":3},{"damage":6,"enemies":"3 Louse","floor":12,"turns":2},{"damage":19,"enemies":"Exordium Thugs","floor":14,"turns":4},{"damage":39,"enemies":"The Guardian","floor":16,"turns":7}],"seed_played":"-1452286461463579489","potions_obtained":[{"floor":2,"key":"Swift Potion"},{"floor":3,"key":"GamblersBrew"},{"floor":10,"key":"PowerPotion"}],"is_trial":false,"path_per_floor":["M","M","M","?","M","R","E","M","T","M","R","M","?","M","R"],"character_chosen":"DEFECT","items_purchased":[],"campfire_rested":0,"item_purchase_floors":[],"current_hp_per_floor":[72,71,70,70,75,75,59,56,56,43,43,51,51,39,39,0],"gold":530,"neow_bonus":"","is_prod":false,"is_daily":false,"chose_seed":false,"campfire_upgraded":3,"win_rate":0,"timestamp":1536174004,"path_taken":["M","?","M","?","M","R","E","M","T","M","R","M","?","M","R","BOSS"],"build_version":"2018-08-30","purchased_purges":0,"victory":false,"max_hp_per_floor":[75,75,75,75,75,75,85,85,85,85,85,85,85,85,85,85],"card_choices":[{"not_picked":["Steam","Reinforced Body"],"picked":"Ball Lightning","floor":1},{"not_picked":["Barrage","Genetic Algorithm"],"picked":"Sweeping Beam","floor":2},{"not_picked":["Auto Shields","Gash"],"picked":"Self Repair","floor":3},{"not_picked":["Chaos","Stack"],"picked":"Blizzard","floor":5},{"not_picked":["Compile Driver","Steam"],"picked":"Buffer","floor":7},{"not_picked":["Gash","Hologram"],"picked":"Static Discharge","floor":8},{"not_picked":["Ball Lightning","Doom and Gloom"],"picked":"Cold Snap","floor":10},{"not_picked":["White Noise","Leap"],"picked":"Chill","floor":12},{"not_picked":["Darkness","Skim","Streamline"],"picked":"SKIP","floor":14}],"player_experience":119234,"relics_obtained":[{"floor":7,"key":"Pear"},{"floor":9,"key":"Shovel"}],"event_choices":[{"event_name":"Wheel of Change","player_choice":"Card Removal","floor":4,"damage_taken":0},{"event_name":"Golden Shrine","player_choice":"Desecrate","floor":13,"damage_taken":0}],"is_beta":false,"boss_relics":[],"items_purged_floors":[],"is_endless":false,"potions_floor_spawned":[2,3,10],"killed_by":"The Guardian","ascension_level":1}