{"path_per_floor":["M","?","M","?","M","R","E","R","T","R","?","M","$","?","R","B",null,"M","?","M","M","M","R","E","M","T","R","?","?","?","T","R","B",null,"M","?","$","?","M","E","R","M","T","R","?","?","E","$","R","B"],"character_chosen":"IRONCLAD","items_purchased":["Ancient Tea Set","Toolbox","Ornamental Fan","Block Potion"],"gold_per_floor":[119,119,136,136,155,155,189,189,238,238,238,256,31,31,31,136,136,151,151,170,182,202,202,232,248,321,321,321,421,421,421,421,524,524,543,543,0,0,15,50,50,64,113,113,113,0,30,30,30,30],"floor_reached":51,"campfire_rested":4,"playtime":1388,"current_hp_per_floor":[69,74,78,78,70,70,44,44,44,44,27,36,36,36,62,58,81,79,63,64,50,44,74,50,49,49,79,79,79,79,93,93,70,105,102,102,102,102,84,70,70,69,69,105,105,105,91,91,91,22],"items_purged":["Strike_R"],"gold":30,"score":1239,"play_id":"0e20244b-48fa-43a4-9bce-789e87ef3357","local_time":"20180407201407","is_prod":false,"is_daily":false,"is_ascension_mode":true,"campfire_upgraded":6,"timestamp":1523124847,"path_taken":["M","?","M","?","M","R","E","R","T","R","?","M","?","?","R","BOSS","M","?","M","M","M","R","E","M","T","R","?","?","?","?","R","BOSS","M","?","$","?","M","E","R","M","T","R","?","?","E","?","R","BOSS"],"build_version":"2018-04-05v2","purchased_purges":1,"victory":true,"master_deck":["Strike_R+1","Strike_R+1","Defend_R+1","Defend_R+1","Bash+1","AscendersBane","Demon Form+1","Whirlwind+1","Feed","Offering","Shrug It Off+1","Hemokinesis+1","Offering","Havoc+1","Ghostly Armor","Twin Strike","True Grit+1","Impervious","Pommel Strike+1","Reaper+1","Immolate+1","Entrench+1","Flex+1","Armaments+1","Dark Shackles","Bash+1","Rampage+1","Spot Weakness+1","Body Slam+1","Wild Strike+1"],"max_hp_per_floor":[80,85,85,85,85,85,85,85,85,85,85,88,88,88,88,88,88,91,91,94,97,100,100,100,103,103,103,103,103,103,117,117,117,117,117,117,117,117,117,120,120,123,123,123,123,123,133,133,133,133],"relics":["Burning Blood","Bottled Tornado","Art of War","Ancient Tea Set","Runic Dome","Enchiridion","Molten Egg 2","Shuriken","Mango","Astrolabe","Toolbox","Ornamental Fan","Juzu Bracelet","Pen Nib","Red Mask","Pear"],"card_choices":[{"not_picked":["Cleave","Wild Strike"],"picked":"Whirlwind","floor":1},{"not_picked":["Heavy Blade","Body Slam"],"picked":"Feed","floor":3},{"not_picked":["Rampage","Body Slam"],"picked":"Shrug It Off","floor":5},{"not_picked":["Pommel Strike","Perfected Strike"],"picked":"Hemokinesis","floor":7},{"not_picked":["Impervious","Barricade"],"picked":"Offering","floor":16},{"not_picked":["Dropkick","Armaments"],"picked":"Havoc","floor":18},{"not_picked":["Headbutt","Body Slam"],"picked":"Ghostly Armor","floor":20},{"not_picked":["Anger","Clash"],"picked":"Twin Strike","floor":21},{"not_picked":["Flex","Havoc"],"picked":"True Grit","floor":22},{"not_picked":["Clash","Armaments"],"picked":"Impervious","floor":24},{"not_picked":["Entrench","Headbutt"],"picked":"Pommel Strike","floor":25},{"not_picked":["Barricade","Feed"],"picked":"Reaper","floor":33},{"not_picked":["Wild Strike","Reckless Charge"],"picked":"Flex","floor":35},{"not_picked":["Anger","Warcry"],"picked":"Rampage","floor":39},{"not_picked":["Iron Wave","Carnage"],"picked":"Spot Weakness","floor":40},{"not_picked":["True Grit","Power Through"],"picked":"Body Slam","floor":42},{"not_picked":["Armaments","Anger"],"picked":"Wild Strike","floor":47}],"player_experience":260738,"potions_floor_usage":[12,33,33,39,50],"damage_taken":[{"damage":9,"enemies":"Small Slimes","floor":1,"turns":6},{"damage":2,"enemies":"2 Louse","floor":3,"turns":2},{"damage":14,"enemies":"Cultist","floor":5,"turns":4},{"damage":32,"enemies":"Gremlin Nob","floor":7,"turns":4},{"damage":0,"enemies":"3 Louse","floor":12,"turns":1},{"damage":10,"enemies":"Slime Boss","floor":16,"turns":3},{"damage":11,"enemies":"Chosen","floor":18,"turns":3},{"damage":8,"enemies":"3 Byrds","floor":20,"turns":2},{"damage":23,"enemies":"Centurion and Healer","floor":21,"turns":4},{"damage":15,"enemies":"Cultist and Chosen","floor":22,"turns":3},{"damage":30,"enemies":"Gremlin Leader","floor":24,"turns":3},{"damage":10,"enemies":"Snecko","floor":25,"turns":3},{"damage":41,"enemies":"Collector","floor":33,"turns":5},{"damage":9,"enemies":"Orb Walker","floor":35,"turns":2},{"damage":24,"enemies":"3 Darklings","floor":39,"turns":4},{"damage":35,"enemies":"2 Orb Walkers","floor":40,"turns":4},{"damage":10,"enemies":"4 Shapes","floor":42,"turns":4},{"damage":31,"enemies":"Nemesis","floor":47,"turns":5},{"damage":75,"enemies":"Donu and Deca","floor":50,"turns":6}],"event_choices":[{"event_name":"Big Fish","player_choice":"Donut","floor":2,"damage_taken":0},{"event_name":"Transmorgrifier","player_choice":"Transform","floor":4,"damage_taken":0},{"event_name":"Shining Light","player_choice":"Entered Light","floor":11,"damage_taken":0},{"event_name":"Liars Game","player_choice":"disagreed","floor":14,"damage_taken":0},{"event_name":"Cursed Tome","player_choice":"Obtained Book","floor":19,"damage_taken":0},{"event_name":"Back to Basics","player_choice":"Simplicity","floor":28,"damage_taken":0},{"event_name":"Golden Shrine","player_choice":"Pray","floor":29,"damage_taken":0},{"event_name":"Accursed Blacksmith","player_choice":"Forge","floor":30,"damage_taken":0},{"event_name":"Match and Keep!","player_choice":"3 cards matched","floor":36,"damage_taken":0},{"event_name":"The Lab","player_choice":"Got Potions","floor":38,"damage_taken":0},{"event_name":"Tomb of Lord Red Mask","player_choice":"Paid","floor":46,"damage_taken":0}],"boss_relics":[{"not_picked":["Snecko Eye","Pandora\u0027s Box"],"picked":"Runic Dome"},{"not_picked":["Mark of Pain","Orrery"],"picked":"Astrolabe"}],"potions_floor_spawned":[3,7,16,18,22,25,39,42],"seed_played":"9125438766652041522","ascension_level":11,"is_trial":false}