{"gold_per_floor":[110,110,126,51,61,61,72,21,21,21,41,57,75,87,87,164,164,181,181,231],"floor_reached":20,"playtime":858,"items_purged":["Strike_B"],"score":311,"play_id":"cd07f253-c103-497a-875f-ea247fdb4cf3","local_time":"20180924015635","is_ascension_mode":true,"campfire_choices":[{"floor":6,"key":"REST"},{"floor":10,"key":"REST"},{"data":"Dualcast","floor":15,"key":"SMITH"}],"neow_cost":"NONE","seed_source_timestamp":738450307276857,"circlet_count":0,"master_deck":["Strike_B+1","Strike_B+1","Strike_B","Defend_B","Defend_B","Defend_B","Defend_B","Zap+1","Dualcast+1","AscendersBane","Ball Lightning","Glacier","Cold Snap","Self Repair","Melter","Biased Cognition","Ball Lightning"],"relics":["Cracked Core","Meat on the Bone","Black Star","SsserpentHead"],"potions_floor_usage":[11,12,13,16],"damage_taken":[{"damage":1,"enemies":"Cultist","floor":1,"turns":3},{"damage":7,"enemies":"Jaw Worm","floor":3,"turns":2},{"damage":0,"enemies":"Small Slimes","floor":5,"turns":3},{"damage":4,"enemies":"3 Louse","floor":7,"turns":3},{"damage":34,"enemies":"Gremlin Gang","floor":11,"turns":4},{"damage":13,"enemies":"Exordium Wildlife","floor":12,"turns":3},{"damage":1,"enemies":"Red Slaver","floor":13,"turns":3},{"damage":14,"enemies":"2 Fungi Beasts","floor":14,"turns":3},{"damage":32,"enemies":"The Guardian","floor":16,"turns":12},{"damage":15,"enemies":"3 Byrds","floor":18,"turns":6},{"damage":67,"enemies":"Masked Bandits","floor":20,"turns":3}],"seed_played":"5025987536930474950","potions_obtained":[{"floor":3,"key":"SpeedPotion"},{"floor":7,"key":"SkillPotion"},{"floor":11,"key":"Regen Potion"},{"floor":13,"key":"Fruit Juice"}],"is_trial":false,"path_per_floor":["M","?","M","$","M","R","M","?","T","R","M","M","M","M","R","B",null,"M","?"],"character_chosen":"DEFECT","items_purchased":[],"campfire_rested":2,"item_purchase_floors":[],"current_hp_per_floor":[63,42,35,35,35,56,52,52,52,71,37,45,49,54,54,41,67,59,59,0],"gold":231,"neow_bonus":"UPGRADE_CARD","is_prod":false,"is_daily":false,"chose_seed":false,"campfire_upgraded":1,"win_rate":0,"timestamp":1537746995,"path_taken":["M","?","?","?","M","R","M","?","T","R","M","M","M","M","R","BOSS","M","?","?"],"build_version":"2018-09-20","purchased_purges":1,"victory":false,"max_hp_per_floor":[71,71,71,71,71,71,71,71,71,71,71,71,76,76,76,76,76,76,76,76],"card_choices":[{"not_picked":["Go for the Eyes","Steam"],"picked":"Ball Lightning","floor":1},{"not_picked":["Barrage","Redo"],"picked":"Glacier","floor":3},{"not_picked":["Lockon","Multi-Cast","Turbo"],"picked":"SKIP","floor":5},{"not_picked":["Hologram","Steam","Genetic Algorithm"],"picked":"SKIP","floor":7},{"not_picked":["Sweeping Beam","Conserve Battery"],"picked":"Cold Snap","floor":11},{"not_picked":["Redo","Blizzard","Stack"],"picked":"SKIP","floor":12},{"not_picked":["Seek","Heatsinks"],"picked":"Self Repair","floor":13},{"not_picked":["Gash","Conserve Battery"],"picked":"Melter","floor":14},{"not_picked":["Fission","Amplify"],"picked":"Biased Cognition","floor":16},{"not_picked":["Barrage","Chill"],"picked":"Ball Lightning","floor":18}],"player_experience":609056,"relics_obtained":[{"floor":9,"key":"Meat on the Bone"}],"event_choices":[{"event_name":"Shining Light","player_choice":"Entered Light","floor":2,"damage_taken":0},{"event_name":"World of Goop","player_choice":"Left","floor":8,"damage_taken":0},{"event_name":"FaceTrader","player_choice":"Trade","floor":19,"damage_taken":0},{"event_name":"Masked Bandits","player_choice":"Fought Bandits","floor":20,"damage_taken":0}],"is_beta":false,"boss_relics":[{"not_picked":["Calling Bell","Philosopher\u0027s Stone"],"picked":"Black Star"}],"items_purged_floors":[4],"is_endless":false,"potions_floor_spawned":[3,7,11,13],"killed_by":"Masked Bandits","ascension_level":17}