{"path_per_floor":["M","M","?","M","M","R","?","M","T","R","E","M","M","?","R","B",null,"M","$","M","M","?","R","E","M","T","R","M","?","?","M","R","B",null,"M","?","?","$","M","R","?","M","T","M","R","?","$","M","R"],"character_chosen":"THE_SILENT","items_purchased":["Backflip","Master of Strategy","Block Potion"],"gold_per_floor":[113,128,128,139,155,155,176,189,189,189,214,232,245,245,245,345,345,345,10,10,10,10,10,10,10,10,10,10,10,10,10,10,10,10,10,10,10,10,10,10,10,10,10,10,10,10,10,10,10,10],"floor_reached":50,"campfire_rested":6,"playtime":3006,"current_hp_per_floor":[61,60,58,58,53,53,49,32,32,56,40,25,17,17,41,12,63,55,55,46,43,43,43,48,28,28,52,46,46,46,19,43,11,63,57,57,57,57,54,54,54,50,50,46,70,70,70,47,71,0],"items_purged":["Strike_G"],"gold":10,"score":701,"play_id":"6b56cabb-dc0d-4e6d-99e6-6a20e95de674","local_time":"20180408100712","is_prod":false,"is_daily":false,"is_ascension_mode":true,"campfire_upgraded":2,"timestamp":1523174832,"path_taken":["M","M","?","M","?","R","?","M","T","R","E","M","?","?","R","BOSS","M","$","M","M","?","R","E","M","T","R","M","?","?","M","R","BOSS","M","?","?","?","?","R","?","?","T","M","R","?","$","M","R","BOSS"],"build_version":"2018-04-05v2","purchased_purges":1,"victory":false,"master_deck":["Defend_G","Defend_G","Defend_G","Defend_G","Defend_G","Strike_G","Survivor","Neutralize+1","Deadly Poison","Dagger Spray","Reflex","Tools of the Trade","Deadly Poison","Sucker Punch","Underhanded Strike","Noxious Fumes","Doppelganger","Envenom+1","Quick Slash+1","Backflip","Master of Strategy","Cloak And Dagger","Underhanded Strike+1","Neutralize+1","PiercingWail","Quick Slash","Poisoned Stab+1","Tactician","Dash+1","Concentrate","Cloak And Dagger+1","Panache","Acrobatics+1","Underhanded Strike+1"],"max_hp_per_floor":[70,70,80,80,80,80,80,80,80,80,80,80,80,80,80,80,80,80,80,80,80,80,80,80,80,80,80,80,80,80,80,80,80,80,80,80,80,80,80,80,80,80,80,80,80,80,80,80,80,80],"relics":["Runic Pyramid","Pear","Odd Mushroom","The Specimen","Peace Pipe","Ectoplasm","Centennial Puzzle","Thread and Needle","Lizard Tail","Tingsha"],"card_choices":[{"not_picked":["Prepared","Expertise"],"picked":"Deadly Poison","floor":1},{"not_picked":["Deflect","Calculated Gamble"],"picked":"Dagger Spray","floor":2},{"not_picked":["Deflect","Dodge and Roll"],"picked":"Reflex","floor":4},{"not_picked":["Eviscerate","Slice"],"picked":"Tools of the Trade","floor":5},{"not_picked":["Outmaneuver","Underhanded Strike"],"picked":"Deadly Poison","floor":7},{"not_picked":["Deflect","Bullet Time"],"picked":"Sucker Punch","floor":8},{"not_picked":["Slice","Acrobatics"],"picked":"Underhanded Strike","floor":11},{"not_picked":["Outmaneuver","Sucker Punch"],"picked":"Noxious Fumes","floor":12},{"not_picked":["Deadly Poison","Endless Agony"],"picked":"Doppelganger","floor":13},{"not_picked":["Grand Finale","Storm of Steel"],"picked":"Envenom","floor":16},{"not_picked":["Sucker Punch","Well Laid Plans"],"picked":"Quick Slash","floor":18},{"not_picked":["Choke","Calculated Gamble"],"picked":"Cloak And Dagger","floor":20},{"not_picked":["Slice","Malaise"],"picked":"Underhanded Strike","floor":21},{"not_picked":["Noxious Fumes","All Out Attack"],"picked":"PiercingWail","floor":24},{"not_picked":["All Out Attack","Backstab"],"picked":"Quick Slash","floor":25},{"not_picked":["Backstab","Prepared"],"picked":"Poisoned Stab","floor":28},{"not_picked":["Doppelganger","A Thousand Cuts"],"picked":"Tactician","floor":33},{"not_picked":["All Out Attack","Dodge and Roll"],"picked":"Dash","floor":35},{"not_picked":["Infinite Blades","Dash"],"picked":"Cloak And Dagger","floor":39},{"not_picked":["Deep Breath","Good Instincts"],"picked":"Panache","floor":41},{"not_picked":["Poisoned Stab","Endless Agony"],"picked":"Acrobatics","floor":44},{"not_picked":["Deflect","Sucker Punch"],"picked":"Underhanded Strike","floor":48}],"player_experience":262126,"potions_floor_usage":[7,16,21,24,24,33,42,50,50,50],"damage_taken":[{"damage":2,"enemies":"Jaw Worm","floor":1,"turns":6},{"damage":1,"enemies":"Cultist","floor":2,"turns":5},{"damage":0,"enemies":"2 Louse","floor":4,"turns":3},{"damage":5,"enemies":"Exordium Wildlife","floor":5,"turns":5},{"damage":4,"enemies":"The Mushroom Lair","floor":7,"turns":4},{"damage":17,"enemies":"Red Slaver","floor":8,"turns":4},{"damage":16,"enemies":"Lagavulin","floor":11,"turns":7},{"damage":15,"enemies":"Large Slime","floor":12,"turns":6},{"damage":8,"enemies":"3 Louse","floor":13,"turns":4},{"damage":29,"enemies":"Hexaghost","floor":16,"turns":11},{"damage":8,"enemies":"Shell Parasite","floor":18,"turns":5},{"damage":9,"enemies":"Chosen","floor":20,"turns":6},{"damage":3,"enemies":"Snecko","floor":21,"turns":6},{"damage":10,"enemies":"Gremlin Leader","floor":24,"turns":7},{"damage":20,"enemies":"Snake Plant","floor":25,"turns":6},{"damage":6,"enemies":"3 Cultists","floor":28,"turns":5},{"damage":27,"enemies":"Cultist and Chosen","floor":31,"turns":8},{"damage":32,"enemies":"Automaton","floor":33,"turns":11},{"damage":6,"enemies":"3 Shapes","floor":35,"turns":3},{"damage":3,"enemies":"Orb Walker","floor":39,"turns":4},{"damage":4,"enemies":"3 Darklings","floor":42,"turns":4},{"damage":4,"enemies":"Maw","floor":44,"turns":7},{"damage":23,"enemies":"4 Shapes","floor":48,"turns":5},{"damage":119,"enemies":"Awakened One","floor":50,"turns":10}],"event_choices":[{"event_name":"Scrap Ooze","player_choice":"success","floor":3,"damage_taken":12},{"event_name":"Mushrooms","player_choice":"Fought Mushrooms","floor":7,"damage_taken":0},{"event_name":"Golden Idol","player_choice":"Ignored","floor":14,"damage_taken":0},{"event_name":"Duplicator","player_choice":"One dupe","floor":22,"damage_taken":0},{"event_name":"Forgotten Altar","player_choice":"Smashed Altar","floor":29,"damage_taken":0},{"event_name":"N\u0027loth","player_choice":"Ignored","floor":30,"damage_taken":0},{"event_name":"Transmorgrifier","player_choice":"Transform","floor":36,"damage_taken":0},{"event_name":"Fountain of Cleansing","player_choice":"Removed Curse","floor":37,"damage_taken":0},{"event_name":"SensoryStone","player_choice":"Memory 1","floor":41,"damage_taken":0},{"event_name":"Purifier","player_choice":"One Purge","floor":46,"damage_taken":0}],"boss_relics":[{"not_picked":["Astrolabe","Eternal Feather"],"picked":"Ectoplasm"},{"not_picked":["White Beast Statue","Tiny House"],"picked":"Lizard Tail"}],"potions_floor_spawned":[4,11,13,16,18,24,25,33,35,48],"seed_played":"-5632778407951010223","killed_by":"Awakened One","ascension_level":9,"is_trial":false}