{"gold_per_floor":[114,114,114,129,129,159,159,174,174,174,174,204,177,207,207,307,307,322,322,337,262,277,307,307,307,307,337,16,16,66,96,96,96],"floor_reached":33,"playtime":1715,"items_purged":["Defend_B"],"score":367,"play_id":"2955ff20-f1ce-4989-9a7b-2c9e2837d188","local_time":"20180626214310","daily_mods":["Diverse","Elite Swarm","Night Terrors"],"is_ascension_mode":false,"campfire_choices":[{"data":"Burst","floor":7,"key":"SMITH"},{"data":"Zap","floor":10,"key":"SMITH"},{"floor":15,"key":"REST"},{"floor":24,"key":"REST"},{"data":"Electrodynamics","floor":29,"key":"SMITH"},{"floor":32,"key":"DIG"}],"neow_cost":"","seed_source_timestamp":0,"circlet_count":0,"master_deck":["Strike_B","Strike_B","Strike_B","Defend_B","Defend_B+1","Zap+1","Dualcast+1","Heavy Blade","Burst+1","Slice","Coolheaded","Machine Learning+1","Coolheaded+1","Electrodynamics+1","Double Tap","Self Repair","Bludgeon+1"],"special_seed":17709,"relics":["Cracked Core","Anchor","Dodecahedron","Pen Nib","Thread and Needle","Black Star","Molten Egg 2","Mummified Hand","Gremlin Horn","Blood Vial","War Paint","Pear","Ancient Tea Set","Shovel","Ginger","Toxic Egg 2"],"potions_floor_usage":[12,23],"damage_taken":[{"damage":3,"enemies":"Jaw Worm","floor":1,"turns":4},{"damage":0,"enemies":"2 Louse","floor":4,"turns":1},{"damage":15,"enemies":"Gremlin Nob","floor":6,"turns":4},{"damage":0,"enemies":"Small Slimes","floor":8,"turns":2},{"damage":21,"enemies":"Lagavulin","floor":12,"turns":5},{"damage":23,"enemies":"3 Sentries","floor":14,"turns":8},{"damage":11,"enemies":"The Guardian","floor":16,"turns":11},{"damage":8,"enemies":"Chosen","floor":18,"turns":5},{"damage":0,"enemies":"3 Byrds","floor":20,"turns":5},{"damage":28,"enemies":"Cultist and Chosen","floor":22,"turns":8},{"damage":37,"enemies":"Book of Stabbing","floor":23,"turns":6},{"damage":0,"enemies":"Gremlin Leader","floor":27,"turns":6},{"damage":0,"enemies":"Book of Stabbing","floor":31,"turns":4},{"damage":93,"enemies":"Champ","floor":33,"turns":9}],"seed_played":"2115079789110549664","potions_obtained":[{"floor":6,"key":"Weak Potion"},{"floor":8,"key":"FearPotion"},{"floor":23,"key":"Fire Potion"},{"floor":31,"key":"Energy Potion"}],"is_trial":false,"path_per_floor":["M","?","?","M","?","E","R","M","T","R","?","E","$","E","R","B",null,"M","?","M","$","M","E","R","?","T","E","$","R","T","E","R"],"character_chosen":"DEFECT","items_purchased":["Coolheaded","Pear","Self Repair"],"campfire_rested":2,"item_purchase_floors":[13,28,28],"current_hp_per_floor":[72,77,77,77,77,62,62,62,62,62,62,41,41,18,75,64,75,67,67,67,67,39,2,70,70,70,70,80,80,80,80,80,0],"gold":96,"neow_bonus":"","is_prod":false,"is_daily":true,"chose_seed":false,"campfire_upgraded":3,"win_rate":0,"timestamp":1530074590,"path_taken":["M","?","?","M","?","E","R","M","T","R","?","E","$","E","R","BOSS","M","?","M","$","M","E","R","?","T","E","?","R","?","E","R","BOSS"],"build_version":"2018-06-21v2","purchased_purges":1,"victory":false,"max_hp_per_floor":[75,80,80,80,80,80,80,80,80,80,80,80,80,80,75,75,75,75,75,75,75,75,75,70,70,70,70,80,80,80,80,80,80],"card_choices":[{"not_picked":["Body Slam","Steam","Redo"],"picked":"SKIP","floor":1},{"not_picked":["Consume","Clothesline","Genetic Algorithm"],"picked":"SKIP","floor":4},{"not_picked":["Night Terror","Creative AI"],"picked":"Burst","floor":6},{"not_picked":["All Out Attack","Dodge and Roll"],"picked":"Slice","floor":8},{"not_picked":["Corpse Explosion","Echo Form","Electrodynamics"],"picked":"SKIP","floor":12},{"not_picked":["Wraith Form v2","Echo Form","Unload"],"picked":"SKIP","floor":14},{"not_picked":["After Image","Unload"],"picked":"Machine Learning","floor":16},{"not_picked":["Clothesline","Predator","Intimidate"],"picked":"SKIP","floor":18},{"not_picked":["Underhanded Strike+1","Doom and Gloom+1","Shockwave"],"picked":"SKIP","floor":20},{"not_picked":["Wild Strike+1","Barrage"],"picked":"Coolheaded","floor":22},{"not_picked":["Exhume","Buffer"],"picked":"Electrodynamics","floor":23},{"not_picked":["Tools of the Trade","Envenom"],"picked":"Double Tap","floor":27},{"not_picked":["Phantasmal Killer","Fiend Fire+1"],"picked":"Bludgeon+1","floor":31}],"player_experience":327609,"relics_obtained":[{"floor":6,"key":"Anchor"},{"floor":9,"key":"Dodecahedron"},{"floor":12,"key":"Pen Nib"},{"floor":14,"key":"Thread and Needle"},{"floor":23,"key":"Molten Egg 2"},{"floor":23,"key":"Mummified Hand"},{"floor":26,"key":"Gremlin Horn"},{"floor":27,"key":"Blood Vial"},{"floor":27,"key":"War Paint"},{"floor":30,"key":"Ancient Tea Set"},{"floor":31,"key":"Shovel"},{"floor":31,"key":"Ginger"},{"floor":32,"key":"Toxic Egg 2"}],"event_choices":[{"event_name":"Big Fish","player_choice":"Donut","floor":2,"damage_taken":0},{"event_name":"Bonfire Elementals","player_choice":"BASIC","floor":3,"damage_taken":0},{"event_name":"Transmorgrifier","player_choice":"Transform","floor":5,"damage_taken":0},{"event_name":"Upgrade Shrine","player_choice":"Upgraded","floor":11,"damage_taken":0},{"event_name":"Upgrade Shrine","player_choice":"Upgraded","floor":19,"damage_taken":0},{"event_name":"Drug Dealer","player_choice":"Ignored","floor":25,"damage_taken":0}],"boss_relics":[{"not_picked":["Runic Dome","Busted Crown"],"picked":"Black Star"}],"items_purged_floors":[21],"is_endless":false,"potions_floor_spawned":[6,8,23,31],"killed_by":"Champ","ascension_level":0}