{"gold_per_floor":[114,129,129,82,157,157,187,202,227,81,81,96,96,111,111,211,261,276,201,201,216,141,171,186,186,216,231,246,10,10,25,25,25],"floor_reached":33,"playtime":1641,"items_purged":["Strike_G"],"score":292,"play_id":"45dd2ecc-29a8-4144-aeb3-ba4eed4c5895","local_time":"20181030180458","daily_mods":["Chimera","Red Cards","Careless"],"is_ascension_mode":false,"campfire_choices":[{"data":"Beam Cell","floor":6,"key":"SMITH"},{"data":"Rampage","floor":11,"key":"SMITH"},{"data":"Metallicize","floor":13,"key":"SMITH"},{"floor":15,"key":"REST"},{"floor":25,"key":"REST"},{"floor":30,"key":"REST"},{"floor":32,"key":"REST"}],"neow_cost":"","seed_source_timestamp":0,"circlet_count":0,"master_deck":["Bash","Survivor","Zap","Strike_B","Defend_R+1","Defend_G","Defend_B","Metallicize+1","Rampage+1","Beam Cell+1","Conserve Battery","Feed","Immolate","Hologram","Hologram","Auto Shields+1","Iron Wave+1","Bandage Up"],"special_seed":17835,"relics":["Cracked Core","Ginger","Blood Vial","Tiny House","Pen Nib","Tiny Chest","Centennial Puzzle"],"potions_floor_usage":[7,16,24,28,31],"damage_taken":[{"damage":1,"enemies":"Cultist","floor":1,"turns":3},{"damage":3,"enemies":"Jaw Worm","floor":2,"turns":4},{"damage":18,"enemies":"3 Sentries","floor":7,"turns":8},{"damage":0,"enemies":"2 Louse","floor":8,"turns":2},{"damage":0,"enemies":"2 Fungi Beasts","floor":12,"turns":3},{"damage":1,"enemies":"Blue Slaver","floor":14,"turns":3},{"damage":38,"enemies":"Hexaghost","floor":16,"turns":9},{"damage":15,"enemies":"2 Thieves","floor":18,"turns":5},{"damage":21,"enemies":"Shell Parasite","floor":21,"turns":5},{"damage":46,"enemies":"Gremlin Leader","floor":23,"turns":5},{"damage":8,"enemies":"Sentry and Sphere","floor":24,"turns":5},{"damage":2,"enemies":"Cultist and Chosen","floor":27,"turns":6},{"damage":16,"enemies":"Shelled Parasite and Fungi","floor":28,"turns":5},{"damage":0,"enemies":"3 Cultists","floor":31,"turns":2},{"damage":93,"enemies":"Automaton","floor":33,"turns":10}],"seed_played":"6220949458261519383","potions_obtained":[{"floor":1,"key":"Block Potion"},{"floor":8,"key":"Ancient Potion"},{"floor":14,"key":"AttackPotion"},{"floor":17,"key":"SpeedPotion"},{"floor":21,"key":"FearPotion"},{"floor":23,"key":"Energy Potion"},{"floor":24,"key":"Explosive Potion"}],"is_trial":false,"path_per_floor":["M","M","?","$","?","R","E","M","T","$","R","M","R","M","R","B",null,"M","$","?","M","?","E","M","R","T","M","M","$","R","M","R"],"character_chosen":"DEFECT","items_purchased":["Beam Cell","Feed","Bandage Up","Centennial Puzzle"],"campfire_rested":4,"item_purchase_floors":[4,10,29,29],"current_hp_per_floor":[74,71,76,76,65,65,47,47,47,47,47,52,52,56,81,45,91,76,76,76,57,57,13,7,34,34,34,20,20,47,53,80,0],"gold":25,"neow_bonus":"","is_prod":false,"is_daily":true,"chose_seed":false,"campfire_upgraded":3,"win_rate":0,"timestamp":1540947898,"path_taken":["M","M","?","$","?","R","E","M","T","?","R","M","R","M","R","BOSS","M","$","?","M","?","E","?","R","T","M","M","?","R","M","R","BOSS"],"build_version":"2018-10-25v2","purchased_purges":1,"victory":false,"max_hp_per_floor":[75,75,80,80,80,80,80,80,80,80,80,83,83,86,86,86,91,91,91,91,91,91,91,91,91,91,91,91,91,91,91,91,91],"card_choices":[{"not_picked":["Rampage","Hello World"],"picked":"Metallicize","floor":1},{"not_picked":["Double Energy","Rebound"],"picked":"Rampage","floor":2},{"not_picked":["Perfected Strike","Leap"],"picked":"Conserve Battery","floor":7},{"not_picked":["Wild Strike","Rampage","Combust"],"picked":"SKIP","floor":8},{"not_picked":["Thunderclap","Redo","Scrape"],"picked":"SKIP","floor":12},{"not_picked":["Pummel","Carnage","Intimidate"],"picked":"SKIP","floor":14},{"not_picked":["Demon Form","Exhume"],"picked":"Immolate","floor":16},{"not_picked":["Ball Lightning","Darkness"],"picked":"Hologram","floor":17},{"not_picked":["True Grit","Steam","Power Through"],"picked":"SKIP","floor":18},{"not_picked":["Buffer","Flex+1"],"picked":"Auto Shields+1","floor":21},{"not_picked":["Turbo","Melter","Coolheaded"],"picked":"SKIP","floor":23},{"not_picked":["Corruption+1","Wild Strike","Rebound"],"picked":"SKIP","floor":24},{"not_picked":["Combust","Cleave","Evolve"],"picked":"SKIP","floor":27},{"not_picked":["Compile Driver+1","Entrench"],"picked":"Iron Wave+1","floor":28},{"not_picked":["Darkness","Pommel Strike","Second Wind"],"picked":"SKIP","floor":31}],"player_experience":522496,"relics_obtained":[{"floor":7,"key":"Ginger"},{"floor":9,"key":"Blood Vial"},{"floor":23,"key":"Pen Nib"},{"floor":26,"key":"Tiny Chest"}],"event_choices":[{"damage_healed":0,"gold_gain":0,"player_choice":"Donut","damage_taken":0,"max_hp_gain":5,"max_hp_loss":0,"event_name":"Big Fish","floor":3,"gold_loss":0},{"damage_healed":0,"gold_gain":75,"player_choice":"Gather Gold","damage_taken":11,"max_hp_gain":0,"max_hp_loss":0,"event_name":"World of Goop","floor":5,"gold_loss":0},{"damage_healed":0,"gold_gain":0,"player_choice":"Read","damage_taken":0,"max_hp_gain":0,"max_hp_loss":0,"event_name":"The Library","floor":20,"gold_loss":0,"cards_obtained":["Hologram"]},{"cards_removed":["Strike_R"],"damage_healed":0,"gold_gain":0,"player_choice":"Gave Gold","damage_taken":0,"max_hp_gain":0,"max_hp_loss":0,"event_name":"Beggar","floor":22,"gold_loss":75}],"is_beta":false,"boss_relics":[{"not_picked":["Runic Dome","Astrolabe"],"picked":"Tiny House"}],"items_purged_floors":[19],"is_endless":false,"potions_floor_spawned":[1,8,14,21,23,24],"killed_by":"Automaton","ascension_level":0}