{"gold_per_floor":[117,129,30,30,47,47,47,77,100,129,129,146,173,192,192,287,287,301,321,321,331,350,380,380,399,399,414,433,465,465,465,465,564,564,582,492,492,195,211,211,240,251,251,251,265,79,114,114,114,114],"floor_reached":51,"playtime":7295,"items_purged":["Strike_R","Strike_R"],"score":866,"play_id":"f9d3ce0e-d1d4-4caa-8414-35a6423646a6","local_time":"20181027113222","is_ascension_mode":true,"campfire_choices":[{"data":"Shockwave","floor":6.0,"key":"SMITH"},{"data":"Bash","floor":11.0,"key":"SMITH"},{"data":"Metallicize","floor":15.0,"key":"SMITH"},{"floor":32,"key":"REST"},{"floor":40,"key":"REST"},{"floor":49,"key":"REST"}],"neow_cost":"","seed_source_timestamp":0,"circlet_count":0,"master_deck":["Defend_R+1","Defend_R+1","Defend_R+1","Defend_R+1","Bash+1","Shockwave+1","True Grit+1","Iron Wave+1","Metallicize+1","Heavy Blade+1","Offering+1","Clothesline+1","Feed+1","Inflame+1","Shrug It Off+1","Exhume+1","Spot Weakness+1","Limit Break+1","Combust+1","Ghostly Armor+1","Pommel Strike+1","Reaper+1","Clothesline+1","Shrug It Off+1","Body Slam+1","Good Instincts+1","Impatience+1","Carnage+1","Apotheosis+1"],"special_seed":0,"relics":["Burning Blood","Bronze Scales","Pen Nib","Meat on the Bone","Magic Flower","Fusion Hammer","Regal Pillow","Mercury Hourglass","Dodecahedron","Dream Catcher","Juzu Bracelet","Runic Cube","Vajra","Paper Frog","Question Card","Bag of Marbles","Mark of the Bloom"],"potions_floor_usage":[29,29,33,35,41,41,50],"damage_taken":[{"damage":2.0,"enemies":"Small Slimes","floor":1.0,"turns":4.0},{"damage":9.0,"enemies":"2 Louse","floor":2.0,"turns":2.0},{"damage":4.0,"enemies":"Cultist","floor":5.0,"turns":4.0},{"damage":20.0,"enemies":"Lagavulin","floor":8.0,"turns":7.0},{"damage":13.0,"enemies":"Gremlin Nob","floor":10.0,"turns":5.0},{"damage":1.0,"enemies":"Blue Slaver","floor":12.0,"turns":4.0},{"damage":10.0,"enemies":"3 Sentries","floor":13.0,"turns":8.0},{"damage":10.0,"enemies":"Looter","floor":14.0,"turns":2.0},{"damage":23.0,"enemies":"The Guardian","floor":16.0,"turns":11.0},{"damage":17,"enemies":"Shell Parasite","floor":18,"turns":5},{"damage":16,"enemies":"Spheric Guardian","floor":19,"turns":5},{"damage":15,"enemies":"Snake Plant","floor":21,"turns":4},{"damage":17,"enemies":"Centurion and Healer","floor":22,"turns":5},{"damage":40,"enemies":"Slavers","floor":23,"turns":5},{"damage":6,"enemies":"3 Cultists","floor":25,"turns":5},{"damage":13,"enemies":"Snake Plant","floor":27,"turns":4},{"damage":7,"enemies":"Snecko","floor":28,"turns":5},{"damage":11,"enemies":"Book of Stabbing","floor":29,"turns":4},{"damage":50,"enemies":"Collector","floor":33,"turns":8},{"damage":0,"enemies":"Orb Walker","floor":35,"turns":2},{"damage":23,"enemies":"3 Shapes","floor":39,"turns":3},{"damage":16,"enemies":"Giant Head","floor":41,"turns":6},{"damage":18,"enemies":"Sphere and 2 Shapes","floor":42,"turns":4},{"damage":26,"enemies":"Jaw Worm Horde","floor":45,"turns":5},{"damage":10,"enemies":"Reptomancer","floor":47,"turns":4},{"damage":55,"enemies":"Donu and Deca","floor":50,"turns":7}],"seed_played":"5490570157725451657","potions_obtained":[{"floor":1.0,"key":"Energy Potion"},{"floor":2.0,"key":"Block Potion"},{"floor":10.0,"key":"Regen Potion"},{"floor":13.0,"key":"Block Potion"},{"floor":18,"key":"Regen Potion"},{"floor":21,"key":"Block Potion"},{"floor":28,"key":"SteroidPotion"},{"floor":33,"key":"SkillPotion"},{"floor":35,"key":"SkillPotion"},{"floor":39,"key":"Swift Potion"},{"floor":47,"key":"LiquidBronze"}],"is_trial":false,"path_per_floor":["M","M","$","?","M","R","?","E","T","E","R","M","E","M","R","B",null,"M","M","?","M","M","E","?","M","T","M","M","E","?","?","R","B",null,"M","?","?","$","M","R","E","M","T","?","M","$","E","?","R","B"],"character_chosen":"IRONCLAD","items_purchased":["True Grit","Shrug It Off","Vajra","Apotheosis"],"campfire_rested":3,"item_purchase_floors":[3,38,38,46],"current_hp_per_floor":[80,77,77,77,79,79,63,49,49,42,42,47,55,54,54,64,80,77,75,75,69,71,68,48,69,69,65,72,89,89,89,106,65,106,106,106,106,106,92,106,99,100,100,95,112,112,112,112,112,57],"gold":114,"neow_bonus":"","is_prod":false,"is_daily":false,"chose_seed":false,"campfire_upgraded":3,"win_rate":0,"timestamp":1540654342,"path_taken":["M","M","$","?","M","R","?","E","T","E","R","?","E","M","R","BOSS","M","?","?","M","M","E","?","?","T","M","M","E","?","?","R","BOSS","M","?","?","$","M","R","E","M","T","?","M","$","E","?","R","BOSS"],"build_version":"2018-10-25v2","purchased_purges":2,"victory":true,"max_hp_per_floor":[80,80,80,80,80,80,80,80,80,80,80,80,80,80,80,80,80,83,86,86,86,92,98,103,103,103,103,106,106,106,106,106,106,106,106,106,106,106,106,106,106,109,109,109,112,112,112,112,112,112],"card_choices":[{"not_picked":["Thunderclap","Intimidate"],"picked":"Shockwave","floor":1.0},{"not_picked":["Perfected Strike","Body Slam","Berserk"],"picked":"SKIP","floor":2.0},{"not_picked":["Body Slam","Power Through"],"picked":"Iron Wave","floor":5.0},{"not_picked":["Hemokinesis","Body Slam","Wild Strike"],"picked":"SKIP","floor":8.0},{"not_picked":["Armaments","Body Slam"],"picked":"Metallicize","floor":10.0},{"not_picked":["Twin Strike","Fire Breathing"],"picked":"Heavy Blade","floor":12.0},{"not_picked":["Inflame","Hemokinesis"],"picked":"Offering","floor":13.0},{"not_picked":["Perfected Strike","Rampage"],"picked":"Clothesline","floor":14.0},{"not_picked":["Juggernaut","Dark Embrace"],"picked":"Feed","floor":16.0},{"not_picked":["Pommel Strike","Twin Strike"],"picked":"Inflame","floor":18},{"not_picked":["Clothesline","Anger"],"picked":"Shrug It Off+1","floor":19},{"not_picked":["Anger","Shockwave"],"picked":"Exhume","floor":21},{"not_picked":["Iron Wave+1","Perfected Strike","Sword Boomerang"],"picked":"SKIP","floor":22},{"not_picked":["Wild Strike","Pummel+1"],"picked":"Spot Weakness","floor":23},{"not_picked":["Headbutt","Infernal Blade","Twin Strike+1"],"picked":"SKIP","floor":25},{"not_picked":["Whirlwind","Heavy Blade"],"picked":"Limit Break","floor":27},{"not_picked":["Rampage","Sword Boomerang+1"],"picked":"Combust","floor":28},{"not_picked":["Shockwave","Clash"],"picked":"Ghostly Armor+1","floor":29},{"not_picked":["Flex","Iron Wave+1"],"picked":"Pommel Strike","floor":32},{"not_picked":["Feed","Dark Embrace"],"picked":"Reaper","floor":33},{"not_picked":["Havoc","Disarm+1"],"picked":"Clothesline","floor":35},{"not_picked":["Havoc","Iron Wave+1","Headbutt+1"],"picked":"SKIP","floor":39},{"not_picked":["Pommel Strike","Dropkick+1"],"picked":"Body Slam+1","floor":40},{"not_picked":["Rupture+1","Clothesline","Spot Weakness"],"picked":"SKIP","floor":41},{"not_picked":["Perfected Strike+1","Entrench","Headbutt+1"],"picked":"SKIP","floor":42},{"not_picked":["Deep Breath","Discovery","Jack Of All Trades"],"picked":"Good Instincts","floor":44},{"not_picked":["Transmutation","Swift Strike","Sadistic Nature"],"picked":"Impatience","floor":44},{"not_picked":["Flex","Second Wind","Shockwave+1"],"picked":"Carnage+1","floor":45},{"not_picked":["Sword Boomerang+1","Metallicize","Clothesline+1","Rupture"],"picked":"SKIP","floor":47}],"player_experience":123959,"relics_obtained":[{"floor":8.0,"key":"Bronze Scales"},{"floor":9.0,"key":"Pen Nib"},{"floor":10.0,"key":"Meat on the Bone"},{"floor":13.0,"key":"Magic Flower"},{"floor":23,"key":"Mercury Hourglass"},{"floor":26,"key":"Dodecahedron"},{"floor":29,"key":"Dream Catcher"},{"floor":41,"key":"Paper Frog"},{"floor":43,"key":"Question Card"},{"floor":47,"key":"Bag of Marbles"}],"event_choices":[{"event_name":"Living Wall","player_choice":"Forget","floor":4.0,"damage_taken":0.0},{"event_name":"Shining Light","player_choice":"Entered Light","floor":7.0,"damage_taken":0.0},{"damage_healed":0,"gold_gain":0,"player_choice":"Gave Potion","damage_taken":0,"relics_obtained":["Regal Pillow"],"max_hp_gain":0,"max_hp_loss":0,"event_name":"WeMeetAgain","floor":20,"gold_loss":0},{"damage_healed":0,"gold_gain":0,"player_choice":"Shed Blood","damage_taken":25,"max_hp_gain":5,"max_hp_loss":0,"event_name":"Forgotten Altar","floor":24,"gold_loss":0},{"damage_healed":0,"gold_gain":0,"player_choice":"Ignored","damage_taken":0,"max_hp_gain":0,"max_hp_loss":0,"event_name":"Ghosts","floor":30,"gold_loss":0},{"damage_healed":0,"gold_gain":0,"player_choice":"Opened","damage_taken":0,"relics_obtained":["Juzu Bracelet"],"max_hp_gain":0,"max_hp_loss":0,"event_name":"The Mausoleum","floor":31,"gold_loss":0},{"cards_removed":["Strike_R"],"damage_healed":0,"gold_gain":0,"player_choice":"Upgrade and Remove","damage_taken":0,"max_hp_gain":0,"max_hp_loss":0,"event_name":"Designer","floor":36,"gold_loss":90,"cards_upgraded":["Heavy Blade"]},{"cards_removed":["Strike_R"],"damage_healed":0,"gold_gain":0,"player_choice":"Removed Attack","damage_taken":0,"max_hp_gain":0,"max_hp_loss":0,"event_name":"Falling","floor":37,"gold_loss":0},{"damage_healed":0,"gold_gain":0,"player_choice":"Memory 2","damage_taken":5,"max_hp_gain":0,"max_hp_loss":0,"event_name":"SensoryStone","floor":44,"gold_loss":0},{"damage_healed":0,"gold_gain":0,"player_choice":"Upgrade","damage_taken":0,"relics_obtained":["Mark of the Bloom"],"max_hp_gain":0,"max_hp_loss":0,"event_name":"MindBloom","floor":48,"gold_loss":0,"cards_upgraded":["Defend_R","Defend_R","True Grit","Iron Wave","Offering","Clothesline","Feed","Inflame","Exhume","Spot Weakness","Limit Break","Combust","Pommel Strike","Reaper","Clothesline","Shrug It Off","Good Instincts","Impatience","Apotheosis"]}],"is_beta":false,"boss_relics":[{"not_picked":["Orrery","Lizard Tail"],"picked":"Fusion Hammer"},{"not_picked":["Calling Bell","Philosopher\u0027s Stone"],"picked":"Runic Cube"}],"items_purged_floors":[3,38],"is_endless":false,"potions_floor_spawned":[1,2,10,13,18,21,28,33,35,39,47],"ascension_level":2}