{"path_per_floor":["M","?","?","M","M","E","R","E","T","R","?","M","E","?","R","B",null,"M","$","?","M","M","R","E","R","T"],"character_chosen":"DEFECT","items_purchased":["Letter Opener"],"gold_per_floor":[117,117,117,133,150,175,175,202,202,202,232,251,283,283,283,381,381,395,76,76,96,110,110,142,142,142,142],"floor_reached":27,"campfire_rested":1,"playtime":896,"item_purchase_floors":[19],"current_hp_per_floor":[74,59,59,59,59,41,41,28,28,28,16,10,5,5,42,30,75,65,65,65,46,46,46,25,25,25,0],"items_purged":["Defend_B"],"gold":142,"score":274,"play_id":"5f58dfc3-9c98-45f4-801d-49eb086ec9c7","local_time":"20180530231052","is_prod":false,"is_daily":false,"chose_seed":false,"is_ascension_mode":true,"campfire_upgraded":4,"win_rate":0,"timestamp":1527736252,"campfire_choices":[{"data":"Static Discharge","floor":7,"key":"SMITH"},{"data":"Loop","floor":10,"key":"SMITH"},{"floor":15,"key":"REST"},{"data":"Echo Form","floor":23,"key":"SMITH"},{"data":"Dualcast","floor":25,"key":"SMITH"}],"path_taken":["M","?","?","?","M","E","R","E","T","R","?","M","E","?","R","BOSS","M","$","?","M","M","R","E","R","T","E"],"build_version":"2018-05-30","seed_source_timestamp":207039279554013,"purchased_purges":1,"victory":false,"master_deck":["Strike_B+1","Strike_B","Strike_B","Defend_B","Defend_B","Defend_B+1","Zap+1","Dualcast+1","Beam Cell","Streamline","Auto Shields","Static Discharge+1","Loop+1","Steam+1","Redo+1","Multi-Cast+1","Echo Form+1","Tempest+1","Force Field+1"],"max_hp_per_floor":[75,75,75,75,75,75,75,75,75,75,75,75,75,75,75,75,75,75,75,75,75,75,75,75,75,75,75],"relics":["Cracked Core","Mercury Hourglass","Toxic Egg 2","Blue Candle","Odd Mushroom","Lantern","Regal Pillow","Runic Dome","Letter Opener","Mummified Hand","Gambling Chip"],"card_choices":[{"not_picked":["Compile Driver","Cold Snap"],"picked":"Beam Cell","floor":1},{"not_picked":["Aggregate","Stack"],"picked":"Streamline","floor":4},{"not_picked":["Conserve Battery","Sweeping Beam"],"picked":"Auto Shields","floor":5},{"not_picked":["Steam","Rebound"],"picked":"Static Discharge","floor":6},{"not_picked":["Steam Power","Reinforced Body"],"picked":"Loop","floor":8},{"not_picked":["Cold Snap","Coolheaded+1"],"picked":"Steam+1","floor":11},{"not_picked":["Stack+1","Cold Snap"],"picked":"Redo+1","floor":12},{"not_picked":["Turbo+1","Reprogram+1"],"picked":"Multi-Cast+1","floor":13},{"not_picked":["Seek+1","Biased Cognition"],"picked":"Echo Form","floor":16},{"not_picked":["Steam+1","Redo+1"],"picked":"Tempest+1","floor":18},{"not_picked":["Gash","Loop"],"picked":"Force Field+1","floor":21},{"not_picked":["Cold Snap","Compile Driver","Rebound"],"picked":"SKIP","floor":22},{"not_picked":["Auto Shields+1","Coolheaded+1","Stack+1"],"picked":"SKIP","floor":24}],"player_experience":216367,"potions_floor_usage":[13,13,24,27,27],"damage_taken":[{"damage":1,"enemies":"2 Louse","floor":1,"turns":2},{"damage":0,"enemies":"Small Slimes","floor":4,"turns":2},{"damage":0,"enemies":"Cultist","floor":5,"turns":2},{"damage":18,"enemies":"Lagavulin","floor":6,"turns":5},{"damage":13,"enemies":"3 Sentries","floor":8,"turns":4},{"damage":12,"enemies":"The Mushroom Lair","floor":11,"turns":3},{"damage":6,"enemies":"Looter","floor":12,"turns":2},{"damage":5,"enemies":"Lagavulin","floor":13,"turns":4},{"damage":12,"enemies":"Hexaghost","floor":16,"turns":7},{"damage":10,"enemies":"Shell Parasite","floor":18,"turns":5},{"damage":19,"enemies":"3 Byrds","floor":21,"turns":4},{"damage":0,"enemies":"Centurion and Healer","floor":22,"turns":5},{"damage":21,"enemies":"Book of Stabbing","floor":24,"turns":4},{"damage":30,"enemies":"Slavers","floor":27,"turns":3}],"relics_obtained":[{"floor":6,"key":"Mercury Hourglass"},{"floor":8,"key":"Toxic Egg 2"},{"floor":9,"key":"Blue Candle"},{"floor":11,"key":"Odd Mushroom"},{"floor":13,"key":"Lantern"},{"floor":24,"key":"Mummified Hand"},{"floor":26,"key":"Gambling Chip"}],"event_choices":[{"event_name":"Shining Light","player_choice":"Entered Light","floor":2,"damage_taken":0},{"event_name":"Purifier","player_choice":"One Purge","floor":3,"damage_taken":0},{"event_name":"Mushrooms","player_choice":"Fought Mushrooms","floor":11,"damage_taken":0},{"event_name":"Dead Adventurer","player_choice":"Searched \u00271\u0027 times","floor":14,"damage_taken":0},{"event_name":"Addict","player_choice":"Ignored","floor":20,"damage_taken":0}],"boss_relics":[{"not_picked":["Nuclear Battery","Lizard Tail"],"picked":"Runic Dome"}],"items_purged_floors":[19],"potions_floor_spawned":[6,8,11,12,21,22],"seed_played":"-7217447753462550855","killed_by":"Slavers","ascension_level":2,"potions_obtained":[{"floor":6,"key":"Dexterity Potion"},{"floor":8,"key":"Explosive Potion"},{"floor":11,"key":"Strength Potion"},{"floor":12,"key":"Weak Potion"},{"floor":21,"key":"EssenceOfSteel"},{"floor":22,"key":"PowerPotion"}],"is_trial":false}