{"path_per_floor":["M","M","?","?","?","E","M","E","T"],"character_chosen":"DEFECT","items_purchased":[],"gold_per_floor":[11,25,25,25,100,133,143,178,205,205],"floor_reached":10,"campfire_rested":0,"playtime":394,"item_purchase_floors":[],"current_hp_per_floor":[75,74,74,59,48,37,36,31,31,0],"items_purged":[],"gold":205,"score":84,"play_id":"0a2b06b1-f18c-444e-a564-21574d703076","local_time":"20180530152819","is_prod":false,"is_daily":false,"chose_seed":false,"is_ascension_mode":true,"campfire_upgraded":0,"win_rate":0,"timestamp":1527708499,"campfire_choices":[],"path_taken":["M","M","?","?","?","E","M","E","T","E"],"build_version":"2018-05-29","seed_source_timestamp":179787474919530,"purchased_purges":0,"victory":false,"master_deck":["Strike_B+1","Strike_B","Strike_B","Defend_B","Defend_B","Defend_B","Defend_B","Zap","Dualcast","Fusion+1","Beam Cell","Turbo","Reprogram"],"max_hp_per_floor":[75,75,75,75,75,75,75,75,75,75],"relics":["Cracked Core","Unceasing Top","Bag of Marbles","Art of War","Dream Catcher"],"card_choices":[{"not_picked":["Genetic Algorithm","Steam"],"picked":"Fusion","floor":1},{"not_picked":["Steam","Glacier","Blizzard"],"picked":"SKIP","floor":2},{"not_picked":["Storm","Compile Driver"],"picked":"Beam Cell","floor":6},{"not_picked":["Beam Cell","Conserve Battery"],"picked":"Turbo","floor":7},{"not_picked":["Tempest","Turbo"],"picked":"Reprogram","floor":8}],"player_experience":206029,"potions_floor_usage":[6,8,8],"damage_taken":[{"damage":0,"enemies":"Small Slimes","floor":1,"turns":3},{"damage":1,"enemies":"Cultist","floor":2,"turns":4},{"damage":11,"enemies":"Lagavulin","floor":6,"turns":7},{"damage":1,"enemies":"2 Louse","floor":7,"turns":2},{"damage":17,"enemies":"Gremlin Nob","floor":8,"turns":4},{"damage":33,"enemies":"3 Sentries","floor":10,"turns":6}],"relics_obtained":[{"floor":6,"key":"Bag of Marbles"},{"floor":8,"key":"Art of War"},{"floor":9,"key":"Dream Catcher"}],"event_choices":[{"event_name":"Bonfire Elementals","player_choice":"BASIC","floor":3,"damage_taken":0},{"event_name":"Shining Light","player_choice":"Entered Light","floor":4,"damage_taken":0},{"event_name":"World of Goop","player_choice":"Gather Gold","floor":5,"damage_taken":0}],"boss_relics":[],"items_purged_floors":[],"potions_floor_spawned":[1,6,7,8],"seed_played":"5149043682302866211","killed_by":"3 Sentries","ascension_level":2,"potions_obtained":[{"floor":1,"key":"Fire Potion"},{"floor":6,"key":"Strength Potion"},{"floor":7,"key":"Regen Potion"},{"floor":8,"key":"FearPotion"}],"is_trial":false}