{"gold_per_floor":[20,20,20,40,108,108,171,181,181,255,305,318,318,388,388,483,483,503,553,603,302,302],"floor_reached":22,"playtime":576,"items_purged":["Regret"],"score":230,"play_id":"565699de-9360-40a7-9470-a80d5f2ab8e6","local_time":"20181202081727","is_ascension_mode":true,"campfire_choices":[{"data":"Zap","floor":6,"key":"SMITH"},{"floor":13,"key":"REST"},{"floor":15,"key":"REST"}],"neow_cost":"NO_GOLD","seed_source_timestamp":1354487883797199,"circlet_count":0,"master_deck":["Strike_B","Strike_B+1","Strike_B+1","Strike_B","Defend_B","Defend_B","Defend_B","Defend_B","Zap+1","Dualcast","Lockon","Storm","Loop","Core Surge","Heatsinks","Zap","Auto Shields","Capacitor","Electrodynamics","Injury","Decay","Thunder Strike","Loop"],"relics":["Cracked Core","SsserpentHead","Tiny Chest","Bag of Marbles","Regal Pillow","Calling Bell","Potion Belt","Question Card","Ginger","MutagenicStrength","Whetstone"],"potions_floor_usage":[12,18,18,20],"damage_taken":[{"damage":5,"enemies":"Small Slimes","floor":1,"turns":3},{"damage":1,"enemies":"Cultist","floor":4,"turns":3},{"damage":4,"enemies":"Jaw Worm","floor":5,"turns":4},{"damage":32,"enemies":"Gremlin Nob","floor":7,"turns":4},{"damage":12,"enemies":"2 Fungi Beasts","floor":8,"turns":2},{"damage":30,"enemies":"Gremlin Gang","floor":12,"turns":3},{"damage":12,"enemies":"Looter","floor":14,"turns":3},{"damage":52,"enemies":"The Guardian","floor":16,"turns":11},{"damage":67,"enemies":"Shell Parasite","floor":18,"turns":7},{"damage":0,"enemies":"Masked Bandits","floor":20,"turns":1},{"damage":0,"enemies":"3 Byrds","floor":22,"turns":1}],"seed_played":"3528579383703853553","potions_obtained":[{"floor":5,"key":"SpeedPotion"},{"floor":7,"key":"Poison Potion"},{"floor":8,"key":"SteroidPotion"},{"floor":12,"key":"Swift Potion"},{"floor":18,"key":"SmokeBomb"}],"is_trial":false,"path_per_floor":["M","?","?","M","M","R","E","M","T","T","?","M","R","M","R","B",null,"M","?","?","$","M"],"character_chosen":"DEFECT","items_purchased":["Loop","Whetstone"],"campfire_rested":2,"item_purchase_floors":[21,21],"current_hp_per_floor":[84,84,84,83,79,79,47,35,35,35,35,5,46,34,75,23,73,6,6,6,6,6],"gold":302,"neow_bonus":"TWENTY_PERCENT_HP_BONUS","is_prod":false,"is_daily":false,"chose_seed":false,"campfire_upgraded":1,"win_rate":0,"timestamp":1543735047,"path_taken":["M","?","?","M","?","R","E","M","T","?","?","M","R","?","R","BOSS","M","?","?","$","M"],"build_version":"2018-11-15","purchased_purges":1,"victory":false,"max_hp_per_floor":[89,89,89,89,89,89,89,89,89,89,89,89,89,89,89,89,89,89,89,89,89,89],"card_choices":[{"not_picked":["Leap","Scrape"],"picked":"Lockon","floor":1},{"not_picked":["Darkness","Steam Power"],"picked":"Storm","floor":4},{"not_picked":["Chill","Go for the Eyes"],"picked":"Loop","floor":5},{"not_picked":["Reinforced Body","Beam Cell"],"picked":"Core Surge","floor":7},{"not_picked":["Stack","White Noise"],"picked":"Heatsinks","floor":8},{"not_picked":["Turbo","Conserve Battery"],"picked":"Auto Shields","floor":12},{"not_picked":["Hologram","Gash"],"picked":"Capacitor","floor":14},{"not_picked":["Hyperbeam","Rainbow"],"picked":"Electrodynamics","floor":16},{"not_picked":["Barrage","Rebound+1","Coolheaded"],"picked":"Thunder Strike","floor":18}],"player_experience":389121,"relics_obtained":[{"floor":7,"key":"Tiny Chest"},{"floor":9,"key":"Bag of Marbles"},{"floor":10,"key":"Regal Pillow"},{"floor":17,"key":"Potion Belt"},{"floor":17,"key":"Question Card"},{"floor":17,"key":"Ginger"}],"event_choices":[{"damage_healed":0,"gold_gain":0,"player_choice":"Leave","damage_taken":0,"max_hp_gain":0,"max_hp_loss":0,"event_name":"The Cleric","floor":2,"gold_loss":0},{"damage_healed":0,"gold_gain":0,"player_choice":"Trade","damage_taken":0,"relics_obtained":["SsserpentHead"],"max_hp_gain":0,"max_hp_loss":0,"event_name":"FaceTrader","floor":3,"gold_loss":0},{"damage_healed":0,"gold_gain":0,"player_choice":"1 cards matched","damage_taken":0,"max_hp_gain":0,"max_hp_loss":0,"event_name":"Match and Keep!","floor":11,"gold_loss":0,"cards_obtained":["Zap"]},{"damage_healed":0,"gold_gain":0,"player_choice":"Inject Mutagens","damage_taken":0,"relics_obtained":["MutagenicStrength"],"max_hp_gain":0,"max_hp_loss":0,"event_name":"Drug Dealer","floor":19,"gold_loss":0},{"damage_healed":0,"gold_gain":0,"player_choice":"Fought Bandits","damage_taken":0,"max_hp_gain":0,"max_hp_loss":0,"event_name":"Masked Bandits","floor":20,"gold_loss":0}],"is_beta":false,"boss_relics":[{"not_picked":["Orrery","Nuclear Battery"],"picked":"Calling Bell"}],"items_purged_floors":[21],"is_endless":false,"potions_floor_spawned":[5,7,8,12,18,20],"killed_by":"3 Byrds","ascension_level":5}