{"path_per_floor":["M","?","M","$","?","R","E","R","T","E","T","M","M","?","R","B",null,"M","?","M","$","?","E","M","R","T","$","M","E","?","M","R","B",null,"M","?","M","M","?","E","R","T","T","M","M","M","M","$","R","B"],"character_chosen":"DEFECT","items_purchased":["Leap","Pear","Bottled Tornado","Gambling Chip"],"gold_per_floor":[119,119,129,6,6,6,49,49,73,113,113,128,147,147,147,277,277,292,292,310,60,60,94,108,108,108,8,26,61,99,123,123,253,253,269,269,292,315,415,453,453,527,527,542,566,586,605,37,37,37],"floor_reached":51,"campfire_rested":2,"playtime":5708,"item_purchase_floors":[4,21,48,48],"current_hp_per_floor":[65,62,55,55,55,55,30,30,30,12,12,12,11,34,34,32,60,60,60,60,70,54,51,50,50,50,50,50,48,28,27,50,44,73,73,73,73,73,73,56,56,56,56,51,47,47,45,45,83,57],"items_purged":["Strike_B","Zap+1"],"gold":37,"score":1074,"play_id":"bf7f9f93-9df1-42a5-b3a3-886e3a0069df","local_time":"20180529132656","is_prod":false,"is_daily":false,"chose_seed":false,"is_ascension_mode":true,"campfire_upgraded":5,"win_rate":0,"timestamp":1527593216,"campfire_choices":[{"data":"Zap","floor":6,"key":"SMITH"},{"data":"Leap","floor":8,"key":"SMITH"},{"data":"Echo Form","floor":15,"key":"SMITH"},{"data":"Streamline","floor":25,"key":"SMITH"},{"floor":32,"key":"REST"},{"data":"Machine Learning","floor":41,"key":"SMITH"},{"floor":49,"key":"REST"}],"path_taken":["M","?","M","?","?","R","E","R","T","E","?","?","M","?","R","BOSS","M","?","M","$","?","E","?","R","T","?","M","E","?","M","R","BOSS","M","?","M","M","?","E","R","?","T","?","?","M","?","$","R","BOSS"],"build_version":"2018-05-28","seed_source_timestamp":0,"purchased_purges":2,"victory":true,"master_deck":["Strike_B+1","Strike_B+1","Strike_B+1","Defend_B+1","Defend_B+1","Defend_B+1","Defend_B+1","Dualcast","AscendersBane","Doom and Gloom","Genetic Algorithm","Leap+1","Echo Form+1","Ball Lightning","Chill","Machine Learning","Reinforced Body+1","Fusion+1","Streamline+1","Undo","Streamline+1","Streamline+1","Machine Learning+1","Secret Technique","Reinforced Body+1","Hologram+1","Rainbow","Leap+1","Rainbow","Leap+1"],"max_hp_per_floor":[75,75,75,75,69,69,69,69,69,69,69,69,69,69,69,69,69,69,69,69,79,79,79,79,79,79,79,79,79,79,79,79,83,83,83,83,83,83,83,83,83,83,83,83,83,83,83,83,83,83],"relics":["Cracked Core","Lantern","Golden Idol","Letter Opener","Whetstone","Boot","DataDisk","Snecko Eye","Pear","Ornamental Fan","Molten Egg 2","Dream Catcher","Red Mask","Nuclear Battery","Regal Pillow","Question Card","Gremlin Horn","Bottled Tornado","Gambling Chip"],"card_choices":[{"not_picked":["Streamline","Go for the Eyes"],"picked":"Doom and Gloom","floor":1},{"not_picked":["Cold Snap","Skim"],"picked":"Genetic Algorithm","floor":3},{"not_picked":["Scrape","Force Field"],"picked":"Echo Form","floor":7},{"not_picked":["Gash","Streamline","Consume"],"picked":"SKIP","floor":10},{"not_picked":["Steam","Rebound"],"picked":"Ball Lightning","floor":12},{"not_picked":["Turbo","Tempest"],"picked":"Chill","floor":13},{"not_picked":["Thunder Strike","Reboot"],"picked":"Machine Learning","floor":16},{"not_picked":["Go for the Eyes","Auto Shields"],"picked":"Reinforced Body+1","floor":18},{"not_picked":["Steam Power","Melter"],"picked":"Fusion+1","floor":20},{"not_picked":["Barrage","Darkness","Reprogram+1"],"picked":"SKIP","floor":23},{"not_picked":["Auto Shields","White Noise+1"],"picked":"Streamline","floor":24},{"not_picked":["Beam Cell+1","Barrage+1"],"picked":"Undo","floor":28},{"not_picked":["Chill+1","Hologram"],"picked":"Streamline+1","floor":29},{"not_picked":["Auto Shields","Go for the Eyes+1","Cold Snap+1"],"picked":"SKIP","floor":31},{"not_picked":["Ball Lightning+1","Hologram"],"picked":"Streamline+1","floor":32},{"not_picked":["Biased Cognition","Creative AI"],"picked":"Machine Learning","floor":33},{"not_picked":["Redo+1","Go for the Eyes+1","Turbo+1"],"picked":"SKIP","floor":35},{"not_picked":["Coolheaded","Hologram"],"picked":"Reinforced Body+1","floor":37},{"not_picked":["Compile Driver+1","Stack"],"picked":"Hologram+1","floor":38},{"not_picked":["Compile Driver+1","Force Field","Chaos"],"picked":"SKIP","floor":40},{"not_picked":["Cold Snap+1","Rebound+1","Melter+1"],"picked":"Rainbow","floor":44},{"not_picked":["BootSequence","Turbo","Sweeping Beam+1"],"picked":"Leap+1","floor":45},{"not_picked":["Scrape+1","Hologram+1","Barrage+1"],"picked":"Rainbow","floor":46},{"not_picked":["Hologram","Scrape+1","Electrodynamics"],"picked":"Leap+1","floor":47}],"player_experience":130774,"potions_floor_usage":[10,23,29,33,33,50],"damage_taken":[{"damage":3,"enemies":"Jaw Worm","floor":1,"turns":4},{"damage":7,"enemies":"Small Slimes","floor":3,"turns":3},{"damage":25,"enemies":"Gremlin Nob","floor":7,"turns":4},{"damage":18,"enemies":"3 Sentries","floor":10,"turns":5},{"damage":0,"enemies":"Cultist","floor":12,"turns":3},{"damage":1,"enemies":"2 Fungi Beasts","floor":13,"turns":3},{"damage":2,"enemies":"Hexaghost","floor":16,"turns":8},{"damage":0,"enemies":"3 Byrds","floor":18,"turns":5},{"damage":0,"enemies":"Chosen","floor":20,"turns":4},{"damage":3,"enemies":"Book of Stabbing","floor":23,"turns":7},{"damage":1,"enemies":"Snake Plant","floor":24,"turns":4},{"damage":0,"enemies":"3 Cultists","floor":28,"turns":5},{"damage":2,"enemies":"Slavers","floor":29,"turns":6},{"damage":20,"enemies":"Masked Bandits","floor":30,"turns":5},{"damage":1,"enemies":"Cultist and Chosen","floor":31,"turns":7},{"damage":10,"enemies":"Champ","floor":33,"turns":11},{"damage":0,"enemies":"Orb Walker","floor":35,"turns":4},{"damage":0,"enemies":"3 Shapes","floor":37,"turns":5},{"damage":0,"enemies":"Flame Bruiser 2 Orb","floor":38,"turns":5},{"damage":17,"enemies":"2 Orb Walkers","floor":40,"turns":6},{"damage":5,"enemies":"Transient","floor":44,"turns":5},{"damage":4,"enemies":"3 Darklings","floor":45,"turns":5},{"damage":0,"enemies":"Sphere and 2 Shapes","floor":46,"turns":4},{"damage":2,"enemies":"Spire Growth","floor":47,"turns":6},{"damage":26,"enemies":"Donu and Deca","floor":50,"turns":9}],"relics_obtained":[{"floor":7,"key":"Letter Opener"},{"floor":9,"key":"Whetstone"},{"floor":10,"key":"Boot"},{"floor":11,"key":"DataDisk"},{"floor":23,"key":"Ornamental Fan"},{"floor":26,"key":"Molten Egg 2"},{"floor":29,"key":"Dream Catcher"},{"floor":30,"key":"Red Mask"},{"floor":40,"key":"Regal Pillow"},{"floor":42,"key":"Question Card"},{"floor":43,"key":"Gremlin Horn"}],"event_choices":[{"event_name":"Scrap Ooze","player_choice":"success","floor":2,"damage_taken":3},{"event_name":"Golden Idol","player_choice":"Lose Max HP","floor":5,"damage_taken":0},{"event_name":"Big Fish","player_choice":"Banana","floor":14,"damage_taken":0},{"event_name":"Back to Basics","player_choice":"Simplicity","floor":19,"damage_taken":0},{"event_name":"Knowing Skull","player_choice":"CARD ","floor":22,"damage_taken":0},{"event_name":"Masked Bandits","player_choice":"Fought over 61 gold","floor":30,"damage_taken":0},{"event_name":"Transmorgrifier","player_choice":"Transform","floor":36,"damage_taken":0},{"event_name":"Golden Shrine","player_choice":"Pray","floor":39,"damage_taken":0}],"boss_relics":[{"not_picked":["Astrolabe","Runic Dome"],"picked":"Snecko Eye"},{"not_picked":["Cursed Key","Lizard Tail"],"picked":"Nuclear Battery"}],"items_purged_floors":[4,27],"potions_floor_spawned":[3,7,16,18,28,31,37,44,47],"seed_played":"-2648495394419567501","ascension_level":11,"potions_obtained":[{"floor":3,"key":"EssenceOfSteel"},{"floor":7,"key":"AttackPotion"},{"floor":16,"key":"Ancient Potion"},{"floor":18,"key":"PowerPotion"},{"floor":28,"key":"Swift Potion"},{"floor":31,"key":"Fruit Juice"},{"floor":37,"key":"Fire Potion"},{"floor":44,"key":"SpeedPotion"},{"floor":47,"key":"FearPotion"}],"is_trial":false}