{"gold_per_floor":[116,116,116,116,134,134,148,148,196,196,215,215,100,100,100,100],"floor_reached":16,"playtime":886,"items_purged":["Strike_B"],"score":145,"play_id":"8a696ddb-470e-471c-afd5-da7620226a1e","local_time":"20180920034142","is_ascension_mode":true,"campfire_choices":[{"data":"Zap","floor":6,"key":"SMITH"},{"data":"Reprogram","floor":8,"key":"SMITH"},{"floor":10,"key":"REST"},{"data":"Melter","floor":12,"key":"SMITH"},{"data":"Capacitor","floor":15,"key":"SMITH"}],"neow_cost":"","seed_source_timestamp":399126210726459,"circlet_count":0,"master_deck":["Strike_B","Strike_B","Defend_B","Defend_B","Defend_B","Defend_B","Zap+1","Dualcast+1","AscendersBane","Reprogram+1","Melter+1","Capacitor+1"],"relics":["Cracked Core","DataDisk"],"potions_floor_usage":[11,11,16],"damage_taken":[{"damage":5,"enemies":"2 Louse","floor":1,"turns":3},{"damage":2,"enemies":"Jaw Worm","floor":5,"turns":4},{"damage":7,"enemies":"Small Slimes","floor":7,"turns":3},{"damage":11,"enemies":"Exordium Thugs","floor":11,"turns":7},{"damage":67,"enemies":"Hexaghost","floor":16,"turns":9}],"seed_played":"3845607134485115385","potions_obtained":[{"floor":1,"key":"Dexterity Potion"},{"floor":7,"key":"PowerPotion"},{"floor":11,"key":"Poison Potion"}],"is_trial":false,"path_per_floor":["M","?","?","?","M","R","M","R","T","R","M","R","$","?","R"],"character_chosen":"DEFECT","items_purchased":["Capacitor"],"campfire_rested":1,"item_purchase_floors":[13],"current_hp_per_floor":[63,63,63,56,54,54,47,47,47,69,58,58,58,63,63,0],"gold":100,"neow_bonus":"","is_prod":false,"is_daily":false,"chose_seed":false,"campfire_upgraded":4,"win_rate":0,"timestamp":1537407702,"path_taken":["M","?","?","?","M","R","M","R","T","R","M","R","$","?","R","BOSS"],"build_version":"2018-09-06","purchased_purges":1,"victory":false,"max_hp_per_floor":[75,75,75,75,75,75,75,75,75,75,75,75,75,80,80,80],"card_choices":[{"not_picked":["Coolheaded","Scrape"],"picked":"Reprogram","floor":1},{"not_picked":["Go for the Eyes","Double Energy","Turbo"],"picked":"SKIP","floor":5},{"not_picked":["Recycle","Compile Driver","Go for the Eyes"],"picked":"SKIP","floor":7},{"not_picked":["Double Energy","Rebound"],"picked":"Melter","floor":11}],"player_experience":440338,"relics_obtained":[{"floor":9,"key":"DataDisk"}],"event_choices":[{"event_name":"Liars Game","player_choice":"disagreed","floor":2,"damage_taken":0},{"event_name":"Living Wall","player_choice":"Grow","floor":3,"damage_taken":0},{"event_name":"Golden Wing","player_choice":"Card Removal","floor":4,"damage_taken":0},{"event_name":"Big Fish","player_choice":"Donut","floor":14,"damage_taken":0}],"is_beta":false,"boss_relics":[],"items_purged_floors":[13],"is_endless":false,"potions_floor_spawned":[1,7,11],"killed_by":"Hexaghost","ascension_level":13}