{"path_per_floor":["M","$","$","M","?","R","E","M","T","M","R","E","R","E","R","B",null,"M","$","?","M","M","R","M","?","T","M","M","E","R","?","R","B",null,"M","$","M","?","?","E","$","M","T","R","M","M","R","E","R","B"],"character_chosen":"THE_SILENT","items_purchased":["Noxious Fumes","Blur","Sadistic Nature","Oddly Smooth Stone"],"gold_per_floor":[116,45,45,55,55,55,90,100,100,115,115,142,142,170,170,266,266,278,203,203,215,228,228,248,248,325,337,357,382,382,382,382,482,482,494,394,412,412,412,444,40,51,51,51,65,77,77,105,105,105],"floor_reached":51,"campfire_rested":7,"playtime":6370,"current_hp_per_floor":[66,66,66,65,65,65,47,45,45,13,34,25,46,25,46,42,70,70,70,80,74,57,80,56,56,56,50,45,28,52,52,52,32,80,80,80,80,80,72,37,37,27,27,51,41,45,69,65,65,37],"items_purged":["Strike_G","Masterful Stab"],"gold":105,"play_id":"1bda88ce-c320-4c09-b81a-8c0304b4bf36","is_prod":false,"is_daily":false,"campfire_rituals":0,"campfire_upgraded":3,"is_hardmode":false,"path_taken":["M","?","$","M","?","R","E","M","T","M","R","E","R","E","R","BOSS","M","$","?","M","M","R","M","?","T","M","M","E","R","?","R","BOSS","M","$","M","?","?","E","$","M","T","R","M","M","R","E","R","BOSS"],"build_version":"2018-01-04-PROD1","purchased_purges":3,"victory":true,"master_deck":["Defend_G","Defend_G","Defend_G","Defend_G","Defend_G","Strike_G","Strike_G","Strike_G","Survivor","Neutralize","Backflip","Noxious Fumes","Backflip","Prepared","Deflect","Escape Plan","Dodge and Roll","Adrenaline","Poisoned Stab","Deadly Poison","Footwork","Sucker Punch","Noxious Fumes","Bouncing Flask","Envenom","Prepared","Dodge and Roll","Dodge and Roll","Blur","Sadistic Nature","Acrobatics","Deflect","Deadly Poison"],"max_hp_per_floor":[70,70,70,70,70,70,70,70,70,70,70,70,70,70,70,70,70,70,70,80,80,80,80,80,80,80,80,80,80,80,80,80,80,80,80,80,80,80,80,80,80,80,80,80,80,80,80,80,80,80],"relics":["Ring of the Snake","Omamori","Tough Bandages","Juzu Bracelet","Matryoshka","The Specimen","Pear","Darkstone Periapt","Mummified Hand","Toolbox","Happy Flower","Question Card","Ginger","Oddly Smooth Stone","Bronze Scales","Ancient Tea Set","Lantern"],"campfire_meditates":0,"card_choices":[{"not_picked":["Dagger Throw","Backstab"],"picked":"Backflip"},{"not_picked":["Quick Slash","Sucker Punch"],"picked":"Backflip"},{"not_picked":["Blade Dance","PiercingWail"],"picked":"Prepared"},{"not_picked":["Flying Knee","Prepared"],"picked":"Deflect"},{"not_picked":["Sucker Punch","Backflip"],"picked":"Escape Plan"},{"not_picked":["Outmaneuver","Predator"],"picked":"Dodge and Roll"},{"not_picked":["Phantasmal Killer","Corpse Explosion"],"picked":"Adrenaline"},{"not_picked":["Deflect","Terror"],"picked":"Poisoned Stab"},{"not_picked":["Flying Knee","Choke"],"picked":"Deadly Poison"},{"not_picked":["Slice","Backflip"],"picked":"Footwork"},{"not_picked":["Dagger Spray","Slice"],"picked":"Sucker Punch"},{"not_picked":["Die Die Die","Outmaneuver"],"picked":"Noxious Fumes"},{"not_picked":["Outmaneuver","Catalyst"],"picked":"Bouncing Flask"},{"not_picked":["Doppelganger","Venomology"],"picked":"Envenom"},{"not_picked":["Slice","Skewer","Dagger Throw"],"picked":"Prepared"},{"not_picked":["Poisoned Stab","Sucker Punch","Leg Sweep"],"picked":"Dodge and Roll"},{"not_picked":["Flying Knee","Noxious Fumes","Glass Knife"],"picked":"Dodge and Roll"},{"not_picked":["Backflip","Endless Agony","Bane"],"picked":"Acrobatics"},{"not_picked":["Poisoned Stab","Endless Agony","Sucker Punch"],"picked":"Deflect"},{"not_picked":["Dagger Spray","PiercingWail","Slice"],"picked":"Deadly Poison"}],"player_experience":35367,"potions_floor_usage":[48,50,50],"damage_taken":[{"damage":4.0,"enemies":"Blue Slaver","floor":1.0,"turns":7.0},{"damage":1.0,"enemies":"Cultist","floor":4.0,"turns":4.0},{"damage":18.0,"enemies":"Gremlin Nob","floor":7.0,"turns":4.0},{"damage":2.0,"enemies":"Small Slimes","floor":8.0,"turns":5.0},{"damage":32.0,"enemies":"Exordium Thugs","floor":10.0,"turns":7.0},{"damage":9.0,"enemies":"Lagavulin","floor":12.0,"turns":6.0},{"damage":21.0,"enemies":"3 Sentries","floor":14.0,"turns":8.0},{"damage":4.0,"enemies":"The Guardian","floor":16.0,"turns":14.0},{"damage":0.0,"enemies":"Shell Parasite","floor":18.0,"turns":8.0},{"damage":6.0,"enemies":"Spheric Guardian","floor":21.0,"turns":7.0},{"damage":17.0,"enemies":"Snecko","floor":22.0,"turns":7.0},{"damage":24.0,"enemies":"3 Cultists","floor":24.0,"turns":7.0},{"damage":6.0,"enemies":"Snake Plant","floor":27.0,"turns":6.0},{"damage":5.0,"enemies":"Centurion and Healer","floor":28.0,"turns":5.0},{"damage":17.0,"enemies":"Gremlin Leader","floor":29.0,"turns":7.0},{"damage":20.0,"enemies":"Collector","floor":33.0,"turns":8.0},{"damage":0.0,"enemies":"3 Shapes","floor":35.0,"turns":6.0},{"damage":0,"enemies":"Orb Walker","floor":37,"turns":4},{"damage":35,"enemies":"Nemesis","floor":40,"turns":10},{"damage":10,"enemies":"4 Shapes","floor":42,"turns":3},{"damage":10,"enemies":"3 Darklings","floor":45,"turns":5},{"damage":0,"enemies":"Maw","floor":46,"turns":7},{"damage":4,"enemies":"Giant Head","floor":48,"turns":9},{"damage":28,"enemies":"Donu and Deca","floor":50,"turns":9}],"event_choices":[{"event_name":"Match and Keep!","player_choice":"1 cards matched","floor":5.0,"damage_taken":0.0},{"event_name":"The Mausoleum","player_choice":"Yes","floor":20.0,"damage_taken":0.0},{"event_name":"Accursed Blacksmith","player_choice":"Rummage","floor":25.0,"damage_taken":0.0},{"event_name":"The Lab","player_choice":"Got Potions","floor":31.0,"damage_taken":0.0},{"event_name":"Tomb of Lord Red Mask","player_choice":"Ignored","floor":38,"damage_taken":0},{"event_name":"Wheel of Change","player_choice":"Damage","floor":39,"damage_taken":0}],"boss_relics":[],"potions_floor_spawned":[4,8,10,14,24,28,35,40,45,48],"seed_played":"-4471681984935951236","is_trial":false}