{"gold_per_floor":[115,131,149,149,324,324,324],"floor_reached":7,"playtime":383,"items_purged":[],"score":41,"play_id":"6950ed52-78bb-40bb-a13b-a076b22c0a6d","local_time":"20190215225321","is_ascension_mode":false,"campfire_choices":[{"data":"Slimebound:MassFeed","floor":6,"key":"SMITH"}],"neow_cost":"","seed_source_timestamp":128153839846134,"circlet_count":0,"master_deck":["Slimebound:Strike_Slimebound","Slimebound:Strike_Slimebound","Slimebound:Strike_Slimebound","Slimebound:Tackle","Slimebound:Defend_Slimebound","Slimebound:Defend_Slimebound","Slimebound:Defend_Slimebound","Slimebound:Defend_Slimebound","Slimebound:Split","Slimebound:CorrosiveSpit","Dark Shackles","Slimebound:Prepare","All Out Attack","Slimebound:MassFeed+1","Injury","Doubt"],"relics":["Slimebound:AbsorbEndCombat","hubris:DisguiseKit","Golden Idol"],"potions_floor_usage":[7],"damage_taken":[{"damage":3,"enemies":"2 Louse","floor":1,"turns":3},{"damage":6,"enemies":"Cultist","floor":2,"turns":4},{"damage":6,"enemies":"Jaw Worm","floor":3,"turns":4},{"damage":49,"enemies":"3 Sentries","floor":7,"turns":7}],"seed_played":"-9132589889282933368","potions_obtained":[{"floor":2,"key":"PowerPotion"}],"is_trial":false,"path_per_floor":["M","M","M","?","?","R","E"],"character_chosen":"SLIMEBOUND","items_purchased":["Dark Shackles","Slimebound:Prepare","hubris:DisguiseKit"],"campfire_rested":0,"item_purchase_floors":[0,0,0],"current_hp_per_floor":[54,54,58,58,58,58,9],"gold":324,"neow_bonus":"","is_prod":false,"is_daily":false,"chose_seed":false,"campfire_upgraded":1,"win_rate":0,"timestamp":1550289201,"path_taken":["M","M","M","?","?","R","E"],"build_version":"2019-01-23","purchased_purges":0,"victory":false,"max_hp_per_floor":[70,70,70,70,70,70,70],"card_choices":[{"not_picked":["Slimebound:HauntingLick","Slimebound:DivideAndConquer","Slimebound:ViciousTackle"],"picked":"All Out Attack","floor":1},{"not_picked":["Slimebound:GoopSpray","Slimebound:PressTheAttack","Slimebound:SlimeSpikes","Deflect"],"picked":"SKIP","floor":2},{"not_picked":["Slimebound:DisruptingSlam","Slimebound:ViciousTackle","Infinite Blades"],"picked":"Slimebound:MassFeed","floor":3}],"player_experience":707451,"relics_obtained":[],"event_choices":[{"damage_healed":0,"gold_gain":0,"player_choice":"Take Wound","damage_taken":0,"relics_obtained":["Golden Idol"],"max_hp_gain":0,"max_hp_loss":0,"event_name":"Golden Idol","floor":4,"gold_loss":0,"cards_obtained":["Injury"]},{"damage_healed":0,"gold_gain":175,"player_choice":"AGREE","damage_taken":0,"max_hp_gain":0,"max_hp_loss":0,"event_name":"Liars Game","floor":5,"gold_loss":0,"cards_obtained":["Doubt"]}],"is_beta":false,"boss_relics":[],"items_purged_floors":[],"is_endless":false,"potions_floor_spawned":[2],"killed_by":"3 Sentries","ascension_level":0}