{"gold_per_floor":[109,126,126,126,48,48,83,83,83,127,302,317,317,338,338,461,461,474,88,107,107,125,125,148,148,172,192,208,208,239,199,199,199],"floor_reached":33,"playtime":1757,"items_purged":["Doubt"],"score":345,"play_id":"43dc7a0c-d150-4634-b7c7-3e9be9242c35","local_time":"20180915082414","is_ascension_mode":true,"campfire_choices":[{"floor":6,"key":"REST"},{"floor":8,"key":"REST"},{"floor":13,"key":"REST"},{"floor":15,"key":"REST"},{"data":"Storm","floor":23,"key":"SMITH"},{"floor":25,"key":"REST"},{"floor":29,"key":"REST"},{"floor":32,"key":"REST"}],"neow_cost":"NONE","seed_source_timestamp":63542081065382,"circlet_count":0,"master_deck":["Strike_B","Strike_B","Strike_B","Strike_B","Defend_B","Defend_B","Defend_B","Defend_B","Zap","Dualcast","Creative AI","Blizzard","Glacier","Hologram","Ball Lightning+1","Beam Cell","Loop+1","Sweeping Beam+1","Static Discharge","Biased Cognition","Cold Snap+1","Storm+1","Hyperbeam+1","Steam+1","Conserve Battery+1","Turbo+1","Steam+1"],"relics":["Cracked Core","Golden Idol","Mango","Odd Mushroom","Pantograph","Matryoshka","Nuclear Battery","Enchiridion","Omamori","Smiling Mask","Whetstone"],"potions_floor_usage":[7,20,20,27,30],"damage_taken":[{"damage":9,"enemies":"Jaw Worm","floor":1,"turns":6},{"damage":8,"enemies":"Small Slimes","floor":2,"turns":4},{"damage":17,"enemies":"The Mushroom Lair","floor":7,"turns":5},{"damage":38,"enemies":"3 Sentries","floor":10,"turns":9},{"damage":8,"enemies":"2 Louse","floor":12,"turns":3},{"damage":27,"enemies":"Exordium Thugs","floor":14,"turns":5},{"damage":51,"enemies":"Hexaghost","floor":16,"turns":8},{"damage":7,"enemies":"Spheric Guardian","floor":18,"turns":5},{"damage":7,"enemies":"Chosen","floor":20,"turns":3},{"damage":0,"enemies":"Snecko","floor":22,"turns":4},{"damage":16,"enemies":"Snake Plant","floor":24,"turns":3},{"damage":8,"enemies":"Centurion and Healer","floor":27,"turns":6},{"damage":6,"enemies":"Chosen and Byrds","floor":28,"turns":4},{"damage":39,"enemies":"Gremlin Leader","floor":30,"turns":7},{"damage":92,"enemies":"Automaton","floor":33,"turns":6}],"seed_played":"-4418462926060995336","potions_obtained":[{"floor":1,"key":"Poison Potion"},{"floor":16,"key":"Ancient Potion"},{"floor":20,"key":"FocusPotion"},{"floor":22,"key":"SpeedPotion"}],"is_trial":false,"path_per_floor":["M","M","?","?","$","R","?","R","T","E","?","M","R","M","R","B",null,"M","$","M","?","M","R","M","R","T","M","M","R","E","?","R"],"character_chosen":"DEFECT","items_purchased":["Hologram","Ball Lightning","Storm","Regen Potion","Hyperbeam"],"campfire_rested":7,"item_purchase_floors":[5,5,19,19,19],"current_hp_per_floor":[59,51,33,40,40,66,49,75,75,37,37,29,55,28,54,28,74,67,67,69,53,53,53,37,63,63,55,49,75,36,36,62,0],"gold":199,"neow_bonus":"ONE_RANDOM_RARE_CARD","is_prod":false,"is_daily":false,"chose_seed":false,"campfire_upgraded":1,"win_rate":0,"timestamp":1536992654,"path_taken":["M","M","?","?","?","R","?","R","T","E","?","M","R","M","R","BOSS","M","$","M","?","M","R","M","R","T","M","M","R","E","?","R","BOSS"],"build_version":"2018-09-06","purchased_purges":1,"victory":false,"max_hp_per_floor":[75,75,75,89,89,89,89,89,89,89,89,89,89,89,89,89,89,89,89,89,89,89,89,89,89,89,89,89,89,89,89,89,89],"card_choices":[{"not_picked":["Redo","Streamline"],"picked":"Blizzard","floor":1},{"not_picked":["Fusion","Lockon"],"picked":"Glacier","floor":2},{"not_picked":["Genetic Algorithm","Turbo"],"picked":"Beam Cell","floor":7},{"not_picked":["Gash","Rebound"],"picked":"Loop","floor":10},{"not_picked":["Chaos","Auto Shields"],"picked":"Sweeping Beam","floor":12},{"not_picked":["Reinforced Body","Sweeping Beam"],"picked":"Static Discharge","floor":14},{"not_picked":["Rainbow","Amplify"],"picked":"Biased Cognition","floor":16},{"not_picked":["Gash","Force Field+1"],"picked":"Cold Snap+1","floor":18},{"not_picked":["Ball Lightning","Stack"],"picked":"Steam+1","floor":20},{"not_picked":["Reinforced Body","Hologram","Steam"],"picked":"SKIP","floor":22},{"not_picked":["Stack+1","Fusion","Genetic Algorithm+1"],"picked":"SKIP","floor":24},{"not_picked":["Lockon","Reinforced Body"],"picked":"Conserve Battery+1","floor":27},{"not_picked":["Aggregate+1","Double Energy"],"picked":"Turbo+1","floor":28},{"not_picked":["Gash+1","Streamline+1"],"picked":"Steam+1","floor":30}],"player_experience":186622,"relics_obtained":[{"floor":7,"key":"Odd Mushroom"},{"floor":9,"key":"Pantograph"},{"floor":10,"key":"Matryoshka"},{"floor":21,"key":"Enchiridion"},{"floor":26,"key":"Omamori"},{"floor":26,"key":"Smiling Mask"},{"floor":30,"key":"Whetstone"}],"event_choices":[{"event_name":"Golden Idol","player_choice":"Take Damage","floor":3,"damage_taken":0},{"event_name":"Scrap Ooze","player_choice":"success","floor":4,"damage_taken":7},{"event_name":"Mushrooms","player_choice":"Fought Mushrooms","floor":7,"damage_taken":0},{"event_name":"Liars Game","player_choice":"agreed","floor":11,"damage_taken":0},{"event_name":"Cursed Tome","player_choice":"Obtained Book","floor":21,"damage_taken":0},{"event_name":"Designer","player_choice":"Upgrade 2 Random Cards","floor":31,"damage_taken":0}],"is_beta":false,"boss_relics":[{"not_picked":["Calling Bell","Runic Dome"],"picked":"Nuclear Battery"}],"items_purged_floors":[19],"is_endless":false,"potions_floor_spawned":[1,16,20,22],"killed_by":"Automaton","ascension_level":6}