{"path_per_floor":["M","?","M","T","$","R","M","R","T","R","M","M","?","E","R","B",null,"M","M","?","M","M","E"],"character_chosen":"THE_SILENT","items_purchased":["Infinite Blades"],"gold_per_floor":[113,113,129,129,57,57,73,73,99,99,115,125,200,226,226,327,327,342,354,354,367,385,414],"floor_reached":24,"campfire_rested":0,"playtime":2256,"current_hp_per_floor":[66,63,63,63,63,63,63,63,63,63,63,63,52,51,51,21,70,60,60,60,44,35,1],"items_purged":[],"gold":414,"play_id":"884034db-0c2c-4e83-b627-842a379d4fbe","is_prod":false,"is_daily":false,"is_ascension_mode":false,"campfire_upgraded":4,"path_taken":["M","?","M","?","$","R","M","R","T","R","M","?","?","E","R","BOSS","M","M","?","M","M","E","?"],"build_version":"2018-01-25-PROD3","purchased_purges":0,"victory":false,"master_deck":["Defend_G","Defend_G","Defend_G","Defend_G","Defend_G","Strike_G","Strike_G","Survivor+1","Neutralize+1","Backstab","Infinite Blades+1","Flying Knee+1","Sucker Punch+1","Well Laid Plans","Backflip","Tools of the Trade","Flechettes+1","Finisher+1","Terror+1","Dagger Spray+1","Calculated Gamble","Slice+1","Leg Sweep+1"],"max_hp_per_floor":[70,70,70,70,70,70,70,70,70,70,70,70,70,70,70,70,70,70,70,70,70,70,70],"relics":["Ring of the Snake","Oddly Smooth Stone","Unceasing Top","Toxic Egg","Darkstone Periapt","Astrolabe","Letter Opener"],"card_choices":[{"not_picked":["Endless Agony","Dagger Throw"],"picked":"Backstab"},{"not_picked":["Venomology","Dodge and Roll"],"picked":"Flying Knee"},{"not_picked":["Skewer","Outmaneuver"],"picked":"Sucker Punch"},{"not_picked":["Dagger Throw","Footwork"],"picked":"Well Laid Plans"},{"not_picked":["Deadly Poison","Malaise"],"picked":"Backflip"},{"not_picked":["Glass Knife","Doppelganger"],"picked":"Tools of the Trade"},{"not_picked":["Dagger Throw","Predator"],"picked":"Dagger Spray"},{"not_picked":["Footwork","Deadly Poison"],"picked":"Calculated Gamble"},{"not_picked":["Predator","Outmaneuver"],"picked":"Slice"},{"not_picked":["Acrobatics","Dodge and Roll"],"picked":"Leg Sweep"}],"player_experience":25201,"potions_floor_usage":[21,21,21],"damage_taken":[{"damage":4,"enemies":"Cultist","floor":1,"turns":5},{"damage":0,"enemies":"Jaw Worm","floor":3,"turns":5},{"damage":0,"enemies":"Small Slimes","floor":7,"turns":4},{"damage":0,"enemies":"Exordium Wildlife","floor":11,"turns":2},{"damage":0,"enemies":"3 Louse","floor":12,"turns":3},{"damage":1,"enemies":"Lagavulin","floor":14,"turns":8},{"damage":30,"enemies":"The Guardian","floor":16,"turns":13},{"damage":10,"enemies":"Chosen","floor":18,"turns":3},{"damage":0,"enemies":"3 Byrds","floor":19,"turns":4},{"damage":16,"enemies":"Slaver and Parasite","floor":21,"turns":6},{"damage":9,"enemies":"3 Cultists","floor":22,"turns":5},{"damage":34,"enemies":"Gremlin Leader","floor":23,"turns":4},{"damage":8,"enemies":"Centurion and Healer","floor":24,"turns":3}],"event_choices":[{"event_name":"Scrap Ooze","player_choice":"success","floor":2,"damage_taken":3},{"event_name":"World of Goop","player_choice":"Gather Gold","floor":13,"damage_taken":0},{"event_name":"The Woman in Blue","player_choice":"Bought 0 Potions","floor":20,"damage_taken":0}],"boss_relics":[{"not_picked":["Runic Pyramid","Eternal Feather"],"picked":"Astrolabe"}],"potions_floor_spawned":[1,12,14,18,19],"seed_played":"975569997706072814","killed_by":"Centurion and Healer","ascension_level":0,"is_trial":false}