{"gold_per_floor":[114,129,79,94,94,124,124,56,111,111,111,126,141,156,156,256,256,271,271,286,286,301,301,331,331,356,371,386,401,416,16,16,116,116,131,151,0,15,30,30,30,30,30,30],"floor_reached":44,"playtime":2074,"items_purged":[],"score":632,"play_id":"f81765fb-2954-4d0a-b117-e4b7cc8089d1","local_time":"20190213145611","daily_mods":["Cursed Run","Uncertain Future","Night Terrors"],"is_ascension_mode":false,"campfire_choices":[{"data":"Headbutt","floor":7,"key":"SMITH"},{"data":"Inflame","floor":10,"key":"SMITH"},{"data":"Whirlwind","floor":15,"key":"SMITH"},{"data":"Limit Break","floor":23,"key":"SMITH"},{"floor":25,"key":"REST"},{"floor":32,"key":"REST"},{"data":"Searing Blow+1","floor":42,"key":"SMITH"}],"neow_cost":"","seed_source_timestamp":0,"circlet_count":0,"master_deck":["Strike_R+1","Strike_R+1","Strike_R+1","Strike_R","Defend_R","Defend_R","Defend_R+1","Bash","Headbutt+1","Inflame+1","Doubt","Whirlwind+1","Shame","Limit Break+1","Body Slam+1","Reaper","J.A.X.","Writhe","Shrug It Off+1","Searing Blow+2","Second Wind+1","Normality","Exhume","Headbutt+1","Seeing Red+1","Normality","Regret"],"special_seed":17940,"relics":["Cursed Key","Darkstone Periapt","Du-Vu Doll","Matryoshka","Vajra","Eternal Feather","Nloth\u0027s Gift","The Courier","Whetstone","Dream Catcher","Chemical X","Strawberry","Happy Flower","Coffee Dripper","Calipers","Red Mask","Blood Vial","Bag of Marbles"],"potions_floor_usage":[12,14,16,18,24,24,29,33,38,39],"damage_taken":[{"damage":1,"enemies":"Jaw Worm","floor":1,"turns":3},{"damage":0,"enemies":"Small Slimes","floor":2,"turns":3},{"damage":2,"enemies":"2 Louse","floor":4,"turns":3},{"damage":6,"enemies":"Gremlin Nob","floor":6,"turns":3},{"damage":0,"enemies":"Lots of Slimes","floor":12,"turns":2},{"damage":0,"enemies":"2 Fungi Beasts","floor":13,"turns":3},{"damage":0,"enemies":"Blue Slaver","floor":14,"turns":2},{"damage":3,"enemies":"Slime Boss","floor":16,"turns":6},{"damage":10,"enemies":"2 Thieves","floor":18,"turns":3},{"damage":10,"enemies":"Spheric Guardian","floor":20,"turns":3},{"damage":27,"enemies":"Centurion and Healer","floor":22,"turns":4},{"damage":48,"enemies":"Book of Stabbing","floor":24,"turns":4},{"damage":34,"enemies":"Shelled Parasite and Fungi","floor":27,"turns":3},{"damage":36,"enemies":"Snake Plant","floor":28,"turns":4},{"damage":11,"enemies":"Snecko","floor":29,"turns":5},{"damage":32,"enemies":"3 Cultists","floor":30,"turns":5},{"damage":21,"enemies":"Automaton","floor":33,"turns":6},{"damage":0,"enemies":"3 Darklings","floor":35,"turns":1},{"damage":23,"enemies":"2 Orb Walkers","floor":36,"turns":2},{"damage":18,"enemies":"3 Shapes","floor":38,"turns":4},{"damage":15,"enemies":"Sphere and 2 Shapes","floor":39,"turns":4},{"damage":109,"enemies":"Nemesis","floor":44,"turns":5}],"seed_played":"420993889476971038","potions_obtained":[{"floor":1,"key":"Explosive Potion"},{"floor":2,"key":"Dexterity Potion"},{"floor":14,"key":"PowerPotion"},{"floor":16,"key":"Block Potion"},{"floor":20,"key":"SteroidPotion"},{"floor":22,"key":"Poison Potion"},{"floor":28,"key":"Weak Potion"},{"floor":30,"key":"SpeedPotion"},{"floor":36,"key":"AttackPotion"},{"floor":38,"key":"EssenceOfSteel"}],"is_trial":false,"path_per_floor":["M","M","?","M","?","E","R","$","T","R","?","M","M","M","R","B",null,"M","?","M","?","M","R","E","R","T","M","M","M","M","$","R","B",null,"M","?","?","M","M","$","T","R","T","E"],"character_chosen":"IRONCLAD","items_purchased":["Inflame","Chemical X","Strawberry","Happy Flower"],"campfire_rested":2,"item_purchase_floors":[8,31,31,31],"current_hp_per_floor":[79,79,79,77,70,64,64,64,70,70,53,53,53,53,53,56,92,82,82,72,72,57,66,18,87,93,59,26,24,21,28,95,84,101,101,81,81,80,65,65,71,86,92,0],"gold":30,"neow_bonus":"","is_prod":false,"is_daily":true,"chose_seed":false,"campfire_upgraded":5,"win_rate":0,"timestamp":1550087771,"path_taken":["M","M","?","M","?","E","R","$","T","R","?","M","M","M","R","BOSS","M","?","?","?","M","R","E","R","T","M","M","M","M","$","R","BOSS","M","?","?","M","M","$","?","R","T","E"],"build_version":"2019-01-23","purchased_purges":0,"victory":false,"max_hp_per_floor":[80,80,80,80,80,80,80,80,86,86,86,86,86,86,86,92,92,92,92,92,92,92,92,92,87,93,93,93,93,93,100,95,101,101,101,101,101,101,101,101,107,107,113,113],"card_choices":[{"not_picked":["Evolve","Pummel","Warcry"],"picked":"SKIP","floor":1},{"not_picked":["Evolve","Heavy Blade"],"picked":"Headbutt","floor":2},{"not_picked":["Clothesline","Flex","Pummel"],"picked":"SKIP","floor":4},{"not_picked":["Iron Wave","Flame Barrier","Cleave"],"picked":"SKIP","floor":6},{"not_picked":["Barricade","Flex","Anger"],"picked":"SKIP","floor":12},{"not_picked":["Flame Barrier","Iron Wave","Seeing Red"],"picked":"SKIP","floor":13},{"not_picked":["Sword Boomerang","Warcry"],"picked":"Whirlwind","floor":14},{"not_picked":["Exhume","Berserk"],"picked":"Limit Break","floor":16},{"not_picked":["Clash","Sword Boomerang+1"],"picked":"Body Slam+1","floor":18},{"not_picked":["Cleave+1","Clothesline"],"picked":"Reaper","floor":20},{"not_picked":["Searing Blow","Perfected Strike","Thunderclap"],"picked":"SKIP","floor":22},{"not_picked":["Inflame","Pommel Strike","Offering"],"picked":"SKIP","floor":24},{"not_picked":["Reckless Charge","Iron Wave"],"picked":"Shrug It Off+1","floor":27},{"not_picked":["Wild Strike","Anger"],"picked":"Searing Blow+1","floor":28},{"not_picked":["Juggernaut","True Grit","Anger"],"picked":"SKIP","floor":29},{"not_picked":["Feel No Pain","Headbutt","Warcry"],"picked":"SKIP","floor":30},{"not_picked":["Entrench","Seeing Red"],"picked":"Second Wind+1","floor":32},{"not_picked":["Immolate","Offering"],"picked":"Exhume","floor":33},{"not_picked":["Clash","Anger+1","Havoc"],"picked":"SKIP","floor":35},{"not_picked":["Whirlwind","Dual Wield"],"picked":"Headbutt+1","floor":36},{"not_picked":["Iron Wave+1","Twin Strike+1","Thunderclap"],"picked":"SKIP","floor":38},{"not_picked":["Disarm+1","Sever Soul+1"],"picked":"Seeing Red+1","floor":39}],"player_experience":671639,"relics_obtained":[{"floor":6,"key":"Matryoshka"},{"floor":9,"key":"Tiny Chest"},{"floor":9,"key":"Vajra"},{"floor":24,"key":"The Courier"},{"floor":26,"key":"Whetstone"},{"floor":26,"key":"Dream Catcher"},{"floor":36,"key":"Calipers"},{"floor":41,"key":"Blood Vial"},{"floor":43,"key":"Bag of Marbles"}],"event_choices":[{"cards_removed":["Strike_R"],"damage_healed":0,"gold_gain":0,"player_choice":"Card Removal","damage_taken":0,"max_hp_gain":0,"max_hp_loss":0,"event_name":"The Cleric","floor":3,"gold_loss":50},{"cards_removed":["Defend_R"],"damage_healed":0,"gold_gain":0,"player_choice":"Card Removal","damage_taken":7,"max_hp_gain":0,"max_hp_loss":0,"event_name":"Golden Wing","floor":5,"gold_loss":0},{"damage_healed":0,"gold_gain":0,"player_choice":"Entered Light","damage_taken":17,"max_hp_gain":0,"max_hp_loss":0,"event_name":"Shining Light","floor":11,"gold_loss":0,"cards_upgraded":["Strike_R","Defend_R"]},{"damage_healed":0,"gold_gain":0,"player_choice":"Traded Relic","damage_taken":0,"relics_obtained":["Nloth\u0027s Gift"],"max_hp_gain":0,"max_hp_loss":0,"event_name":"N\u0027loth","floor":19,"relics_lost":["Tiny Chest"],"gold_loss":0},{"damage_healed":0,"gold_gain":0,"player_choice":"Obtain J.A.X.","damage_taken":0,"max_hp_gain":0,"max_hp_loss":0,"event_name":"Drug Dealer","floor":21,"gold_loss":0,"cards_obtained":["J.A.X."]},{"damage_healed":0,"gold_gain":0,"player_choice":"Fight","damage_taken":0,"max_hp_gain":0,"max_hp_loss":0,"event_name":"Mysterious Sphere","floor":36,"gold_loss":0},{"damage_healed":0,"gold_gain":0,"player_choice":"Paid","damage_taken":0,"relics_obtained":["Red Mask"],"max_hp_gain":0,"max_hp_loss":0,"event_name":"Tomb of Lord Red Mask","floor":37,"gold_loss":151}],"is_beta":false,"boss_relics":[{"not_picked":["Velvet Choker","Astrolabe"],"picked":"Eternal Feather"},{"not_picked":["Black Star","Fusion Hammer"],"picked":"Coffee Dripper"}],"items_purged_floors":[],"is_endless":false,"potions_floor_spawned":[1,2,14,16,20,22,28,30,36,38],"killed_by":"Nemesis","ascension_level":0}