{"path_per_floor":["M","?","?","M","M","R","E","M","T","M","E","$","M","T","R","B",null,"M","M","?"],"character_chosen":"DEFECT","items_purchased":["Multi-Cast","Oddly Smooth Stone"],"gold_per_floor":[114,189,189,206,225,225,259,276,349,365,399,40,59,59,59,159,159,172,172,172,172],"floor_reached":21,"campfire_rested":2,"playtime":686,"item_purchase_floors":[12,12],"current_hp_per_floor":[62,51,37,37,36,56,43,35,35,37,24,24,28,28,48,21,56,57,59,59,26],"items_purged":["Strike_B"],"gold":172,"score":277,"play_id":"0fada58f-291d-4445-adc3-330e2c758743","local_time":"20180520122957","is_prod":false,"is_daily":false,"chose_seed":false,"is_ascension_mode":true,"campfire_upgraded":0,"timestamp":1526812197,"campfire_choices":[{"floor":6,"key":"REST"},{"floor":15,"key":"REST"}],"path_taken":["M","?","?","?","M","R","E","M","T","M","E","$","M","?","R","BOSS","M","M","?","M"],"build_version":"2018-05-18","seed_source_timestamp":941634510067,"purchased_purges":1,"victory":false,"master_deck":["Strike_B","Strike_B","Strike_B+1","Defend_B","Defend_B+1","Defend_B","Defend_B","Zap","Dualcast","Darkness","Defragment","Steam","Melter","Machine Learning","Axe Kick","Multi-Cast","Stack","Capacitor","Defragment"],"max_hp_per_floor":[68,68,68,68,68,68,68,68,68,68,68,68,68,68,68,68,68,68,68,68,68],"relics":["Cracked Core","Torii","Bird Faced Urn","Bottled Tornado","Lantern","Oddly Smooth Stone","Prayer Wheel","Snecko Eye"],"card_choices":[{"not_picked":["Double Energy","Hello World"],"picked":"Darkness","floor":1},{"not_picked":["Cold Snap","Go for the Eyes"],"picked":"Defragment","floor":4},{"not_picked":["Ball Lightning","Redo"],"picked":"Steam","floor":5},{"not_picked":["Heatsinks","Storm"],"picked":"Melter","floor":7},{"not_picked":["Cold Snap","Recycle"],"picked":"Machine Learning","floor":8},{"not_picked":["Stack","Aggregate"],"picked":"Axe Kick","floor":10},{"not_picked":["Cold Snap","Rainbow","Skim"],"picked":"SKIP","floor":11},{"not_picked":["Aggregate","Tempest","Barrage"],"picked":"SKIP","floor":13},{"not_picked":["Go for the Eyes","Steam"],"picked":"Stack","floor":18},{"not_picked":["Ball Lightning","Chill"],"picked":"Capacitor","floor":18}],"player_experience":97398,"potions_floor_usage":[11,11,19],"damage_taken":[{"damage":6,"enemies":"Cultist","floor":1,"turns":4},{"damage":0,"enemies":"2 Louse","floor":4,"turns":2},{"damage":1,"enemies":"Jaw Worm","floor":5,"turns":3},{"damage":13,"enemies":"3 Sentries","floor":7,"turns":7},{"damage":10,"enemies":"2 Fungi Beasts","floor":8,"turns":3},{"damage":2,"enemies":"Looter","floor":10,"turns":3},{"damage":17,"enemies":"Lagavulin","floor":11,"turns":6},{"damage":0,"enemies":"Exordium Thugs","floor":13,"turns":3},{"damage":31,"enemies":"Slime Boss","floor":16,"turns":6},{"damage":1,"enemies":"Spheric Guardian","floor":18,"turns":3},{"damage":0,"enemies":"2 Thieves","floor":19,"turns":1},{"damage":39,"enemies":"Slaver and Parasite","floor":21,"turns":4}],"relics_obtained":[{"floor":7,"key":"Bird Faced Urn"},{"floor":9,"key":"Bottled Tornado"},{"floor":11,"key":"Lantern"},{"floor":14,"key":"Prayer Wheel"}],"event_choices":[{"event_name":"World of Goop","player_choice":"Gather Gold","floor":2,"damage_taken":0},{"event_name":"Shining Light","player_choice":"Entered Light","floor":3,"damage_taken":0},{"event_name":"Duplicator","player_choice":"One dupe","floor":20,"damage_taken":0}],"boss_relics":[{"not_picked":["White Beast Statue","Velvet Choker"],"picked":"Snecko Eye"}],"items_purged_floors":[12],"potions_floor_spawned":[1,4,8,16,18],"seed_played":"4727249978551457178","killed_by":"Slaver and Parasite","ascension_level":9,"potions_obtained":[{"floor":1,"key":"SteroidPotion"},{"floor":4,"key":"SmokeBomb"},{"floor":8,"key":"Explosive Potion"},{"floor":16,"key":"Poison Potion"},{"floor":18,"key":"SmokeBomb"}],"is_trial":false}