{"gold_per_floor":[117,137,150,150,150,150,166,177,202,218,32,32,45,75,75,171,171,183,202,202,202,220,220,220],"floor_reached":24,"playtime":1270,"items_purged":[],"score":215,"play_id":"82336720-849e-40ab-b9e5-051766f55165","local_time":"20180722013031","is_ascension_mode":false,"campfire_choices":[{"data":"Normality","floor":6,"key":"PURGE"},{"floor":12,"key":"REST"},{"floor":15,"key":"REST"},{"floor":23,"key":"REST"}],"neow_cost":"CURSE","seed_source_timestamp":954200393289859,"circlet_count":0,"master_deck":["Defend_G","Defend_G","Defend_G","Defend_G","Defend_G","Survivor","Neutralize","Backstab","Bouncing Flask","Backflip","Deadly Poison","Infinite Blades","Endless Agony","Accuracy","Bullet Time","Distraction","Night Terror","Poisoned Stab","Accuracy+1","Bite","Bite","Bite","Bite","Bite","Blade Dance"],"relics":["Ring of the Serpent","Peace Pipe","Oddly Smooth Stone","Bag of Preparation","Tiny Chest","Dead Branch"],"potions_floor_usage":[7,16,16,16,19],"damage_taken":[{"damage":16,"enemies":"Jaw Worm","floor":1,"turns":4},{"damage":4,"enemies":"Cultist","floor":2,"turns":4},{"damage":3,"enemies":"Small Slimes","floor":3,"turns":3},{"damage":2,"enemies":"Looter","floor":7,"turns":3},{"damage":4,"enemies":"Exordium Wildlife","floor":8,"turns":3},{"damage":0,"enemies":"Blue Slaver","floor":10,"turns":3},{"damage":0,"enemies":"Looter","floor":13,"turns":3},{"damage":39,"enemies":"The Guardian","floor":16,"turns":9},{"damage":14,"enemies":"2 Thieves","floor":18,"turns":4},{"damage":16,"enemies":"Spheric Guardian","floor":19,"turns":4},{"damage":11,"enemies":"Snake Plant","floor":22,"turns":4},{"damage":56,"enemies":"Slavers","floor":24,"turns":3}],"seed_played":"-1508960466726873376","potions_obtained":[{"floor":2,"key":"FearPotion"},{"floor":3,"key":"Weak Potion"},{"floor":7,"key":"Dexterity Potion"},{"floor":13,"key":"FearPotion"},{"floor":18,"key":"PowerPotion"}],"is_trial":false,"path_per_floor":["M","M","M","?","?","R","M","M","T","M","$","R","M","?","R","B",null,"M","M","?","T","M","R"],"character_chosen":"THE_SILENT","items_purchased":["Accuracy","Bullet Time"],"campfire_rested":3,"item_purchase_floors":[11,11],"current_hp_per_floor":[54,50,47,47,40,40,38,34,34,34,34,55,55,52,70,31,70,56,40,40,40,33,47,0],"gold":220,"neow_bonus":"ONE_RARE_RELIC","is_prod":false,"is_daily":false,"chose_seed":false,"campfire_upgraded":0,"win_rate":0,"timestamp":1532215831,"path_taken":["M","M","M","?","?","R","M","M","T","M","?","R","M","?","R","BOSS","M","?","?","?","M","R","E"],"build_version":"2018-07-19v2","purchased_purges":0,"victory":false,"max_hp_per_floor":[70,70,70,70,70,70,70,70,70,70,70,70,70,70,70,70,70,70,70,49,49,49,49,49],"card_choices":[{"not_picked":["Reflex","Dagger Spray"],"picked":"Backstab","floor":1},{"not_picked":["Deflect","Slice"],"picked":"Bouncing Flask","floor":2},{"not_picked":["Slice","Riddle With Holes"],"picked":"Backflip","floor":3},{"not_picked":["Acrobatics","Backflip"],"picked":"Deadly Poison","floor":7},{"not_picked":["Deadly Poison","Tactician"],"picked":"Infinite Blades","floor":8},{"not_picked":["Flying Knee","PiercingWail"],"picked":"Endless Agony","floor":10},{"not_picked":["Prepared","Deadly Poison"],"picked":"Distraction","floor":13},{"not_picked":["Storm of Steel","Unload"],"picked":"Night Terror","floor":16},{"not_picked":["Underhanded Strike","Prepared"],"picked":"Poisoned Stab","floor":18},{"not_picked":["Prepared+1","Crippling Poison"],"picked":"Accuracy+1","floor":19},{"not_picked":["Backflip","Riddle With Holes+1"],"picked":"Blade Dance","floor":22}],"player_experience":72605,"relics_obtained":[{"floor":9,"key":"Bag of Preparation"},{"floor":21,"key":"Dead Branch"}],"event_choices":[{"event_name":"Accursed Blacksmith","player_choice":"Rummage","floor":4,"damage_taken":0},{"event_name":"Golden Wing","player_choice":"Card Removal","floor":5,"damage_taken":0},{"event_name":"Scrap Ooze","player_choice":"success","floor":14,"damage_taken":3},{"event_name":"Vampires","player_choice":"Became a vampire","floor":20,"damage_taken":0}],"is_beta":false,"boss_relics":[{"not_picked":["Philosopher\u0027s Stone","HoveringKite"],"picked":"Ring of the Serpent"}],"items_purged_floors":[],"is_endless":false,"potions_floor_spawned":[2,3,7,13,18],"killed_by":"Slavers","ascension_level":0}