{"path_per_floor":["M","?","$","M","M","E","?","M","T","R","$","?","R","M","R","B",null,"M","$","M","?","M","R","E","M","T","R","M","?","R","?","R","B",null,"M","$","?","$","M","R","$","R","T","M","R"],"character_chosen":"DEFECT","items_purchased":["Omamori","Capacitor","Heatsinks","Apotheosis","Capacitor"],"gold_per_floor":[217,217,217,237,254,283,283,293,320,320,101,101,101,113,113,217,247,264,112,122,122,141,141,173,187,187,187,206,206,206,206,206,311,311,327,290,290,89,105,105,56,56,356,370,370,370],"floor_reached":46,"campfire_rested":7,"playtime":2129,"current_hp_per_floor":[72,65,65,59,58,12,12,12,12,34,34,27,49,47,47,34,80,76,76,76,76,74,74,20,11,11,35,21,21,45,45,69,55,80,47,47,47,47,21,53,53,61,61,17,49,0],"items_purged":["Defend_B","Strike_B"],"gold":370,"score":436,"play_id":"dc3440a3-f164-45c6-8176-40d23412bec1","local_time":"20180517183534","is_prod":false,"is_daily":false,"chose_seed":false,"is_ascension_mode":false,"campfire_upgraded":3,"timestamp":1526607334,"path_taken":["M","?","$","M","M","E","?","M","T","R","$","?","R","M","R","BOSS","M","$","M","?","M","R","E","M","T","R","M","?","R","?","R","BOSS","M","?","?","?","M","R","$","R","T","?","R","E"],"build_version":"2018-05-15","seed_source_timestamp":340636105041686,"purchased_purges":3,"victory":false,"master_deck":["Strike_B","Defend_B","Defend_B","Zap","Dualcast","Coolheaded+1","Reinforced Body","Ball Lightning","Defragment+1","Electrodynamics+1","Defragment+1","Melter","Capacitor","Ball Lightning","Rebound+1","Force Field","Capacitor","Multi-Cast","Melter+1","Heatsinks","Apotheosis+1","Consume","Capacitor","Ball Lightning+1"],"max_hp_per_floor":[75,75,75,75,75,75,75,75,75,75,75,75,75,75,75,75,80,80,80,80,80,80,80,80,80,80,80,80,80,80,80,80,80,80,80,80,80,80,80,80,80,80,80,80,80,80],"relics":["Cracked Core","Bag of Preparation","Oddly Smooth Stone","Omamori","Art of War","Tiny House","Shuriken","Kunai","Eternal Feather","Old Coin"],"card_choices":[{"not_picked":["Steam Power","Gash","Beam Cell"],"picked":"SKIP","floor":1},{"not_picked":["Axe Kick","Skim"],"picked":"Coolheaded","floor":4},{"not_picked":["Static Discharge","Melter"],"picked":"Reinforced Body","floor":5},{"not_picked":["Gash","Axe Kick","BootSequence"],"picked":"SKIP","floor":6},{"not_picked":["Creative AI","Hello World"],"picked":"Ball Lightning","floor":8},{"not_picked":["Stack","Cold Snap"],"picked":"Defragment","floor":14},{"not_picked":["Fission","Reboot"],"picked":"Electrodynamics","floor":16},{"not_picked":["Leap","Turbo"],"picked":"Defragment","floor":17},{"not_picked":["Barrage","Axe Kick+1"],"picked":"Melter","floor":18},{"not_picked":["Heatsinks+1","Static Discharge+1","Turbo"],"picked":"SKIP","floor":20},{"not_picked":["Genetic Algorithm+1","Streamline"],"picked":"Ball Lightning","floor":22},{"not_picked":["Aggregate","Axe Kick"],"picked":"Rebound+1","floor":24},{"not_picked":["Sweeping Beam","Rip and Tear+1"],"picked":"Force Field","floor":25},{"not_picked":["Coolheaded","Cold Snap+1"],"picked":"Capacitor","floor":28},{"not_picked":["Thunder Strike","Fission"],"picked":"Multi-Cast","floor":33},{"not_picked":["Stack+1","Chill"],"picked":"Melter+1","floor":35},{"not_picked":["Go for the Eyes","Skim"],"picked":"Consume","floor":39},{"not_picked":["Go for the Eyes","Capacitor"],"picked":"Ball Lightning+1","floor":44}],"player_experience":103477,"potions_floor_usage":[24,25,25,33,33,46],"damage_taken":[{"damage":3,"enemies":"Small Slimes","floor":1,"turns":4},{"damage":6,"enemies":"Cultist","floor":4,"turns":3},{"damage":1,"enemies":"2 Louse","floor":5,"turns":3},{"damage":46,"enemies":"Gremlin Nob","floor":6,"turns":6},{"damage":0,"enemies":"Blue Slaver","floor":8,"turns":3},{"damage":2,"enemies":"Looter","floor":14,"turns":2},{"damage":13,"enemies":"The Guardian","floor":16,"turns":12},{"damage":4,"enemies":"Shell Parasite","floor":18,"turns":6},{"damage":0,"enemies":"Chosen","floor":20,"turns":5},{"damage":2,"enemies":"Sentry and Sphere","floor":22,"turns":3},{"damage":54,"enemies":"Slavers","floor":24,"turns":3},{"damage":9,"enemies":"Snecko","floor":25,"turns":5},{"damage":14,"enemies":"Chosen and Byrds","floor":28,"turns":5},{"damage":14,"enemies":"Champ","floor":33,"turns":8},{"damage":33,"enemies":"Flame Bruiser 1 Orb","floor":35,"turns":5},{"damage":26,"enemies":"3 Darklings","floor":39,"turns":4},{"damage":44,"enemies":"Sphere and 2 Shapes","floor":44,"turns":5},{"damage":64,"enemies":"Nemesis","floor":46,"turns":4}],"relics_obtained":[{"floor":6,"key":"Bag of Preparation"},{"floor":9,"key":"Oddly Smooth Stone"},{"floor":24,"key":"Shuriken"},{"floor":26,"key":"Kunai"},{"floor":43,"key":"Old Coin"}],"event_choices":[{"event_name":"Golden Wing","player_choice":"Card Removal","floor":2,"damage_taken":0},{"event_name":"Purifier","player_choice":"One Purge","floor":7,"damage_taken":0},{"event_name":"Scrap Ooze","player_choice":"success","floor":12,"damage_taken":7},{"event_name":"Ghosts","player_choice":"Ignored","floor":21,"damage_taken":0},{"event_name":"Accursed Blacksmith","player_choice":"Forge","floor":29,"damage_taken":0},{"event_name":"Drug Dealer","player_choice":"Ignored","floor":31,"damage_taken":0}],"boss_relics":[{"not_picked":["White Beast Statue","Pandora\u0027s Box"],"picked":"Tiny House"},{"not_picked":["Orrery","Runic Dome"],"picked":"Eternal Feather"}],"potions_floor_spawned":[1,8,16,18,24,28,33,44],"seed_played":"3116385639833798218","killed_by":"Nemesis","ascension_level":0,"potions_obtained":[{"floor":1,"key":"GamblersBrew"},{"floor":8,"key":"Explosive Potion"},{"floor":16,"key":"AttackPotion"},{"floor":17,"key":"GamblersBrew"},{"floor":24,"key":"Poison Potion"},{"floor":28,"key":"PowerPotion"},{"floor":33,"key":"Regen Potion"},{"floor":44,"key":"FearPotion"}],"is_trial":false}