{"gold_per_floor":[111,111,126,53,66,66,66,66,66,66,79,79,91,105,105,105],"floor_reached":16,"playtime":470,"items_purged":[],"score":152,"play_id":"934af707-a8ea-4715-96e0-d6e9acdfc0b1","local_time":"20180920021112","is_ascension_mode":true,"campfire_choices":[{"floor":6,"key":"REST"},{"data":"Dualcast","floor":8,"key":"SMITH"},{"data":"Zap","floor":10,"key":"SMITH"},{"floor":15,"key":"REST"}],"neow_cost":"NONE","seed_source_timestamp":394112578319434,"circlet_count":0,"master_deck":["Defend_B","Defend_B","Defend_B","Defend_B","Zap+1","Dualcast+1","AscendersBane","Barrage","Gash","Capacitor","Defragment","Static Discharge","Beam Cell","Ball Lightning","Auto Shields","Ball Lightning"],"relics":["Cracked Core","Dream Catcher"],"potions_floor_usage":[11],"damage_taken":[{"damage":2,"enemies":"Small Slimes","floor":1,"turns":3},{"damage":4,"enemies":"Jaw Worm","floor":3,"turns":4},{"damage":13,"enemies":"2 Louse","floor":5,"turns":3},{"damage":32,"enemies":"Lots of Slimes","floor":11,"turns":4},{"damage":3,"enemies":"Blue Slaver","floor":13,"turns":4},{"damage":12,"enemies":"Exordium Wildlife","floor":14,"turns":3},{"damage":39,"enemies":"Hexaghost","floor":16,"turns":4}],"seed_played":"-748413520111956769","potions_obtained":[{"floor":1,"key":"LiquidBronze"},{"floor":13,"key":"SmokeBomb"},{"floor":14,"key":"SteroidPotion"}],"is_trial":false,"path_per_floor":["M","?","M","$","M","R","?","R","T","R","M","?","M","M","R"],"character_chosen":"DEFECT","items_purchased":["Capacitor"],"campfire_rested":2,"item_purchase_floors":[4],"current_hp_per_floor":[66,59,55,55,42,64,64,64,64,64,32,32,29,17,39,0],"gold":105,"neow_bonus":"TRANSFORM_CARD","is_prod":false,"is_daily":false,"chose_seed":false,"campfire_upgraded":2,"win_rate":0,"timestamp":1537402272,"path_taken":["M","?","M","$","M","R","?","R","T","R","M","?","?","M","R","BOSS"],"build_version":"2018-09-06","purchased_purges":0,"victory":false,"max_hp_per_floor":[75,75,75,75,75,75,75,75,75,75,75,75,75,75,75,75],"card_choices":[{"not_picked":["Stack","Rebound","Streamline"],"picked":"SKIP","floor":1},{"not_picked":["Beam Cell","Stack"],"picked":"Gash","floor":3},{"not_picked":["Coolheaded","Turbo"],"picked":"Defragment","floor":5},{"not_picked":["Consume","Conserve Battery"],"picked":"Static Discharge","floor":11},{"not_picked":["Compile Driver","Auto Shields"],"picked":"Ball Lightning","floor":13},{"not_picked":["FTL","Conserve Battery"],"picked":"Auto Shields","floor":14},{"not_picked":["Rebound","Recycle"],"picked":"Ball Lightning","floor":15}],"player_experience":435378,"relics_obtained":[{"floor":9,"key":"Dream Catcher"}],"event_choices":[{"event_name":"Golden Wing","player_choice":"Card Removal","floor":2,"damage_taken":0},{"event_name":"Living Wall","player_choice":"Forget","floor":7,"damage_taken":0},{"event_name":"Transmorgrifier","player_choice":"Transform","floor":12,"damage_taken":0}],"is_beta":false,"boss_relics":[],"items_purged_floors":[],"is_endless":false,"potions_floor_spawned":[1,13,14],"killed_by":"Hexaghost","ascension_level":13}