{"gold_per_floor":[118,129,129,129,149,149,184,184,211,211,386,458,458,39,39,160,160,173,298,298,298,298],"floor_reached":22,"playtime":1642,"items_purged":[],"score":178,"play_id":"359eb72f-b1f0-4aa6-99bc-f7e0267d484e","local_time":"20190213171803","is_ascension_mode":false,"campfire_choices":[{"data":"All Out Attack","floor":6,"key":"SMITH"},{"data":"Neutralize","floor":8,"key":"SMITH"},{"data":"Prepared","floor":10,"key":"SMITH"},{"data":"Reflex","floor":15,"key":"SMITH"}],"neow_cost":"NONE","seed_source_timestamp":16352767973549,"circlet_count":0,"master_deck":["Defend_G","Defend_G","Strike_G+1","Strike_G+1","Survivor+1","Neutralize+1","Prepared+1","Backstab","All Out Attack+1","Terror","Infinite Blades","Reflex+1","Tools of the Trade","Noxious Fumes+1","Riddle With Holes","Dash","Blade Dance"],"relics":["Ring of the Snake","Golden Idol","Art of War","Bronze Scales","Snake Skull","Whetstone","Empty Cage","Du-Vu Doll","Dodecahedron"],"potions_floor_usage":[18,19,19],"damage_taken":[{"damage":0,"enemies":"Cultist","floor":1,"turns":4},{"damage":1,"enemies":"2 Louse","floor":2,"turns":3},{"damage":0,"enemies":"Small Slimes","floor":5,"turns":2},{"damage":12,"enemies":"Gremlin Nob","floor":7,"turns":3},{"damage":24,"enemies":"Slime Boss","floor":16,"turns":9},{"damage":20,"enemies":"2 Thieves","floor":18,"turns":5},{"damage":11,"enemies":"Colosseum Slavers","floor":19,"turns":3},{"damage":38,"enemies":"Colosseum Nobs","floor":19,"turns":5},{"damage":5,"enemies":"Spheric Guardian","floor":22,"turns":2}],"seed_played":"-6516794335776783831","potions_obtained":[{"floor":2,"key":"Dexterity Potion"},{"floor":5,"key":"SteroidPotion"},{"floor":7,"key":"PowerPotion"},{"floor":16,"key":"Dexterity Potion"},{"floor":19,"key":"Swift Potion"}],"is_trial":false,"path_per_floor":["M","M","?","?","M","R","E","R","T","R","?","?","?","$","R","B",null,"M","?","?","?","M"],"character_chosen":"THE_SILENT","items_purchased":["Snake Skull","Infinite Blades","Whetstone","Reflex"],"campfire_rested":0,"item_purchase_floors":[14,14,14,14],"current_hp_per_floor":[70,69,52,52,52,52,40,40,40,40,40,40,40,40,40,16,70,50,1,1,1,0],"gold":298,"neow_bonus":"UPGRADE_CARD","is_prod":false,"is_daily":false,"chose_seed":false,"campfire_upgraded":4,"win_rate":0,"timestamp":1550096283,"path_taken":["M","M","?","?","?","R","E","R","T","R","?","?","?","$","R","BOSS","M","?","?","?","M"],"build_version":"2019-01-23","purchased_purges":0,"victory":false,"max_hp_per_floor":[70,70,70,70,70,70,70,70,70,70,70,70,70,70,70,70,70,70,70,70,70,70],"card_choices":[{"not_picked":["Concentrate","Distraction"],"picked":"Prepared","floor":1},{"not_picked":["Bouncing Flask","Predator"],"picked":"Backstab","floor":2},{"not_picked":["Caltrops","Underhanded Strike"],"picked":"Terror","floor":5},{"not_picked":["Expertise","Deflect","Setup"],"picked":"SKIP","floor":7},{"not_picked":["Night Terror","Glass Knife"],"picked":"Tools of the Trade","floor":16},{"not_picked":["Dagger Throw","Backflip"],"picked":"Noxious Fumes+1","floor":18}],"player_experience":674605,"relics_obtained":[{"floor":7,"key":"Art of War"},{"floor":9,"key":"Bronze Scales"},{"floor":19,"key":"Du-Vu Doll"},{"floor":19,"key":"Dodecahedron"}],"event_choices":[{"damage_healed":0,"gold_gain":0,"player_choice":"Take Damage","damage_taken":17,"relics_obtained":["Golden Idol"],"max_hp_gain":0,"max_hp_loss":0,"event_name":"Golden Idol","floor":3,"gold_loss":0},{"damage_healed":0,"gold_gain":0,"cards_transformed":["Strike_G"],"player_choice":"Transformed","damage_taken":0,"max_hp_gain":0,"max_hp_loss":0,"event_name":"Transmorgrifier","floor":4,"gold_loss":0,"cards_obtained":["All Out Attack"]},{"damage_healed":0,"gold_gain":175,"player_choice":"AGREE","damage_taken":0,"max_hp_gain":0,"max_hp_loss":0,"event_name":"Liars Game","floor":11,"gold_loss":0,"cards_obtained":["Doubt"]},{"damage_healed":0,"gold_gain":72,"player_choice":"Gained Gold","damage_taken":0,"max_hp_gain":0,"max_hp_loss":0,"event_name":"Golden Wing","floor":12,"gold_loss":0},{"cards_removed":["Doubt"],"damage_healed":0,"gold_gain":0,"player_choice":"Forget","damage_taken":0,"max_hp_gain":0,"max_hp_loss":0,"event_name":"Living Wall","floor":13,"gold_loss":0},{"damage_healed":0,"gold_gain":0,"player_choice":"Fight","damage_taken":0,"max_hp_gain":0,"max_hp_loss":0,"event_name":"Colosseum","floor":19,"gold_loss":0},{"damage_healed":0,"gold_gain":0,"player_choice":"Fought Nobs","damage_taken":0,"max_hp_gain":0,"max_hp_loss":0,"event_name":"Colosseum","floor":19,"gold_loss":0},{"damage_healed":0,"gold_gain":0,"cards_transformed":["Defend_G","Defend_G"],"player_choice":"Became Test Subject","damage_taken":0,"max_hp_gain":0,"max_hp_loss":0,"event_name":"Drug Dealer","floor":20,"gold_loss":0,"cards_obtained":["Riddle With Holes","Dash"]},{"damage_healed":0,"gold_gain":0,"cards_transformed":["Defend_G"],"player_choice":"Transformed","damage_taken":0,"max_hp_gain":0,"max_hp_loss":0,"event_name":"Transmorgrifier","floor":21,"gold_loss":0,"cards_obtained":["Blade Dance"]}],"is_beta":false,"boss_relics":[{"not_picked":["Runic Pyramid","White Beast Statue"],"picked":"Empty Cage"}],"items_purged_floors":[],"is_endless":false,"potions_floor_spawned":[2,5,7,16,19],"killed_by":"Spheric Guardian","ascension_level":0}