{"gold_per_floor":[109,129,148,148,163,163,163,163,200,225,412,440,59,59],"floor_reached":14,"playtime":481,"items_purged":[],"score":82,"play_id":"fa575b42-a6d4-404f-9811-15be5fbd4ad9","local_time":"20190213201636","is_ascension_mode":false,"campfire_choices":[{"data":"Loop","floor":6,"key":"SMITH"}],"neow_cost":"NONE","seed_source_timestamp":28219647767124,"circlet_count":0,"master_deck":["Strike_B","Strike_B","Strike_B","Defend_B","Defend_B","Defend_B","Defend_B","Zap","Dualcast","Loop+1","Consume","Loop+1","Self Repair","Doubt","Coolheaded"],"relics":["Cracked Core","MawBank","Matryoshka","Orichalcum"],"potions_floor_usage":[10,10],"damage_taken":[{"damage":2,"enemies":"2 Louse","floor":1,"turns":2},{"damage":8,"enemies":"Small Slimes","floor":2,"turns":3},{"damage":6,"enemies":"Jaw Worm","floor":3,"turns":3},{"damage":5,"enemies":"Looter","floor":5,"turns":3},{"damage":9,"enemies":"Exordium Thugs","floor":10,"turns":5},{"damage":36,"enemies":"Lots of Slimes","floor":12,"turns":4},{"damage":20,"enemies":"2 Fungi Beasts","floor":14,"turns":3}],"seed_played":"2591134012119792116","potions_obtained":[{"floor":1,"key":"EssenceOfSteel"},{"floor":5,"key":"FocusPotion"}],"is_trial":false,"path_per_floor":["M","M","M","?","M","R","?","?","T","M","?","M","$","M"],"character_chosen":"DEFECT","items_purchased":["Matryoshka","Orichalcum"],"campfire_rested":0,"item_purchase_floors":[13,13],"current_hp_per_floor":[80,72,66,66,61,61,54,47,47,45,45,16,16,0],"gold":59,"neow_bonus":"TEN_PERCENT_HP_BONUS","is_prod":false,"is_daily":false,"chose_seed":false,"campfire_upgraded":1,"win_rate":0,"timestamp":1550106996,"path_taken":["M","M","M","?","M","R","?","?","T","M","?","M","$","M"],"build_version":"2019-01-23","purchased_purges":0,"victory":false,"max_hp_per_floor":[82,82,82,82,82,82,82,82,82,82,82,82,82,82],"card_choices":[{"not_picked":["Blizzard","Gash"],"picked":"Loop","floor":1},{"not_picked":["Sweeping Beam","Cold Snap"],"picked":"Consume","floor":2},{"not_picked":["Steam Power","Redo"],"picked":"Loop","floor":3},{"not_picked":["Doom and Gloom","Compile Driver"],"picked":"Self Repair","floor":5},{"not_picked":["Barrage","Doom and Gloom","Coolheaded"],"picked":"SKIP","floor":10},{"not_picked":["Stack","Conserve Battery"],"picked":"Coolheaded","floor":12}],"player_experience":678789,"relics_obtained":[],"event_choices":[{"damage_healed":0,"gold_gain":0,"player_choice":"Grow","damage_taken":0,"max_hp_gain":0,"max_hp_loss":0,"event_name":"Living Wall","floor":4,"gold_loss":0,"cards_upgraded":["Loop"]},{"cards_removed":["Strike_B"],"damage_healed":0,"gold_gain":0,"player_choice":"Card Removal","damage_taken":7,"max_hp_gain":0,"max_hp_loss":0,"event_name":"Golden Wing","floor":7,"gold_loss":0},{"damage_healed":0,"gold_gain":0,"player_choice":"Success","damage_taken":7,"relics_obtained":["MawBank"],"max_hp_gain":0,"max_hp_loss":0,"event_name":"Scrap Ooze","floor":8,"gold_loss":0},{"damage_healed":0,"gold_gain":175,"player_choice":"AGREE","damage_taken":0,"max_hp_gain":0,"max_hp_loss":0,"event_name":"Liars Game","floor":11,"gold_loss":0,"cards_obtained":["Doubt"]}],"is_beta":false,"boss_relics":[],"items_purged_floors":[],"is_endless":false,"potions_floor_spawned":[1,5],"killed_by":"2 Fungi Beasts","ascension_level":0}