{"gold_per_floor":[218,218,234,234,245,274,274,289,289,289,309,337,337,127,127,230,230,242,242,254,254,280,308,323,349,399,399,399,498,516,528,528,528],"floor_reached":33,"playtime":1572,"items_purged":[],"score":354,"play_id":"9f058a6d-220d-466f-b5f1-0e6a4c6db03b","local_time":"20180912223851","is_ascension_mode":true,"campfire_choices":[{"data":"Loop","floor":7,"key":"SMITH"},{"floor":10,"key":"REST"},{"floor":13,"key":"REST"},{"data":"Doom and Gloom","floor":15,"key":"SMITH"},{"floor":32,"key":"REST"}],"neow_cost":"NONE","seed_source_timestamp":477753364575200,"circlet_count":0,"master_deck":["Strike_B","Strike_B","Strike_B","Strike_B","Defend_B","Defend_B","Defend_B","Defend_B+1","Zap","Dualcast","Loop+1","Dark Shackles","FTL","Coolheaded","Doom and Gloom+1","Skim","Cold Snap","Turbo+1","Scrape","Biased Cognition","Sweeping Beam+1","Fusion+1","Leap","Hyperbeam","Steam","Conserve Battery","Hologram+1","Gash+1"],"relics":["Cracked Core","Pen Nib","Omamori","Sundial","Sling","Nuclear Battery","MutagenicStrength","Red Mask","Oddly Smooth Stone","Regal Pillow","War Paint","Ornamental Fan"],"potions_floor_usage":[12,20,22,23,23,25],"damage_taken":[{"damage":0,"enemies":"Small Slimes","floor":1,"turns":3},{"damage":0,"enemies":"Cultist","floor":3,"turns":3},{"damage":1,"enemies":"Jaw Worm","floor":5,"turns":3},{"damage":24,"enemies":"3 Sentries","floor":6,"turns":5},{"damage":2,"enemies":"Red Slaver","floor":8,"turns":4},{"damage":5,"enemies":"Exordium Wildlife","floor":11,"turns":4},{"damage":20,"enemies":"Gremlin Nob","floor":12,"turns":4},{"damage":51,"enemies":"Slime Boss","floor":16,"turns":7},{"damage":18,"enemies":"3 Byrds","floor":18,"turns":5},{"damage":0,"enemies":"Chosen","floor":20,"turns":3},{"damage":17,"enemies":"Masked Bandits","floor":22,"turns":5},{"damage":5,"enemies":"Book of Stabbing","floor":23,"turns":4},{"damage":6,"enemies":"3 Cultists","floor":24,"turns":4},{"damage":1,"enemies":"Slavers","floor":25,"turns":2},{"damage":15,"enemies":"Chosen and Byrds","floor":30,"turns":5},{"damage":18,"enemies":"Snake Plant","floor":31,"turns":6},{"damage":61,"enemies":"Champ","floor":33,"turns":13}],"seed_played":"6443723705986301","potions_obtained":[{"floor":6,"key":"Block Potion"},{"floor":12,"key":"SpeedPotion"},{"floor":16,"key":"FocusPotion"},{"floor":20,"key":"Strength Potion"},{"floor":22,"key":"Regen Potion"},{"floor":24,"key":"SkillPotion"}],"is_trial":false,"path_per_floor":["M","?","M","$","M","E","R","M","T","R","M","E","R","$","R","B",null,"M","?","M","?","?","E","M","E","T","$","T","?","M","M","R"],"character_chosen":"DEFECT","items_purchased":["Sling"],"campfire_rested":3,"item_purchase_floors":[14],"current_hp_per_floor":[75,75,75,75,74,50,50,48,48,70,65,45,67,67,67,16,75,57,57,57,57,40,47,41,40,40,40,40,40,25,7,44,0],"gold":528,"neow_bonus":"HUNDRED_GOLD","is_prod":false,"is_daily":false,"chose_seed":false,"campfire_upgraded":2,"win_rate":0,"timestamp":1536784731,"path_taken":["M","?","M","$","?","E","R","M","T","R","M","E","R","$","R","BOSS","M","?","M","?","?","E","?","E","T","$","?","?","?","M","R","BOSS"],"build_version":"2018-09-06","purchased_purges":0,"victory":false,"max_hp_per_floor":[75,75,75,75,75,75,75,75,75,75,75,75,75,75,75,75,75,75,75,75,75,75,75,75,75,75,75,75,75,75,75,75,75],"card_choices":[{"not_picked":["Turbo","Chill"],"picked":"Loop","floor":1},{"not_picked":["Hologram","Reprogram"],"picked":"Coolheaded","floor":3},{"not_picked":["Conserve Battery","Coolheaded"],"picked":"Doom and Gloom","floor":5},{"not_picked":["Compile Driver","Tempest"],"picked":"Skim","floor":6},{"not_picked":["Barrage","Lockon"],"picked":"Cold Snap","floor":8},{"not_picked":["Gash","Ball Lightning"],"picked":"Turbo","floor":11},{"not_picked":["Reprogram","Aggregate"],"picked":"Scrape","floor":12},{"not_picked":["Rainbow","Electrodynamics"],"picked":"Biased Cognition","floor":16},{"not_picked":["Conserve Battery","Cold Snap+1"],"picked":"Sweeping Beam+1","floor":18},{"not_picked":["Recycle+1","Doom and Gloom"],"picked":"Fusion+1","floor":20},{"not_picked":["Blizzard+1","Gash"],"picked":"Leap","floor":22},{"not_picked":["Aggregate","Scrape"],"picked":"Hyperbeam","floor":23},{"not_picked":["Streamline","Ball Lightning+1"],"picked":"Steam","floor":24},{"not_picked":["Hologram+1","Self Repair"],"picked":"Conserve Battery","floor":25},{"not_picked":["Coolheaded","Force Field+1"],"picked":"Hologram+1","floor":30},{"not_picked":["Stack","Doom and Gloom"],"picked":"Gash+1","floor":31}],"player_experience":324785,"relics_obtained":[{"floor":6,"key":"Pen Nib"},{"floor":9,"key":"Omamori"},{"floor":12,"key":"Sundial"},{"floor":22,"key":"Red Mask"},{"floor":23,"key":"Oddly Smooth Stone"},{"floor":25,"key":"Regal Pillow"},{"floor":26,"key":"War Paint"},{"floor":28,"key":"Ornamental Fan"}],"event_choices":[{"event_name":"Match and Keep!","player_choice":"2 cards matched","floor":2,"damage_taken":0},{"event_name":"Drug Dealer","player_choice":"Inject Mutagens","floor":19,"damage_taken":0},{"event_name":"The Woman in Blue","player_choice":"Bought 0 Potions","floor":21,"damage_taken":0},{"event_name":"Masked Bandits","player_choice":"Fought Bandits","floor":22,"damage_taken":0},{"event_name":"Nest","player_choice":"Stole From Cult","floor":29,"damage_taken":0}],"is_beta":false,"boss_relics":[{"not_picked":["Tiny House","Runic Dome"],"picked":"Nuclear Battery"}],"items_purged_floors":[],"is_endless":false,"potions_floor_spawned":[6,12,16,20,22,24],"killed_by":"Champ","ascension_level":4}