{"gold_per_floor":[109,109,34,52,64,64,64,78,78,96,96,122,141,41,41,41],"floor_reached":16,"playtime":724,"items_purged":["Defend_B","Strike_B"],"score":152,"play_id":"102ecabb-ae68-4bdf-88f5-4beae5540009","local_time":"20180920162204","is_ascension_mode":true,"campfire_choices":[{"data":"Zap","floor":6,"key":"SMITH"},{"floor":11,"key":"REST"},{"data":"Gash","floor":15,"key":"SMITH"}],"neow_cost":"","seed_source_timestamp":444911066598381,"circlet_count":0,"master_deck":["Strike_B","Strike_B","Strike_B+1","Defend_B","Defend_B","Defend_B","Zap+1","Dualcast+1","AscendersBane","Sweeping Beam","Gash+1","FTL","Steam","Gash+1","Compile Driver"],"relics":["Cracked Core","Dodecahedron","Odd Mushroom"],"potions_floor_usage":[12,12],"damage_taken":[{"damage":1,"enemies":"2 Louse","floor":1,"turns":3},{"damage":2,"enemies":"Jaw Worm","floor":4,"turns":3},{"damage":0,"enemies":"Cultist","floor":5,"turns":3},{"damage":7,"enemies":"3 Louse","floor":8,"turns":2},{"damage":8,"enemies":"Large Slime","floor":10,"turns":3},{"damage":10,"enemies":"The Mushroom Lair","floor":12,"turns":4},{"damage":0,"enemies":"2 Fungi Beasts","floor":13,"turns":2},{"damage":60,"enemies":"Hexaghost","floor":16,"turns":9}],"seed_played":"7492099567265892352","potions_obtained":[{"floor":5,"key":"SkillPotion"},{"floor":10,"key":"Regen Potion"}],"is_trial":false,"path_per_floor":["M","?","$","M","M","R","?","M","T","M","R","?","M","$","R"],"character_chosen":"DEFECT","items_purchased":[],"campfire_rested":1,"item_purchase_floors":[],"current_hp_per_floor":[67,67,67,65,65,65,50,43,43,35,57,59,59,59,59,0],"gold":41,"neow_bonus":"","is_prod":false,"is_daily":false,"chose_seed":false,"campfire_upgraded":2,"win_rate":0,"timestamp":1537453324,"path_taken":["M","?","$","M","M","R","?","M","T","M","R","?","M","$","R","BOSS"],"build_version":"2018-09-06","purchased_purges":2,"victory":false,"max_hp_per_floor":[75,75,75,75,75,75,75,75,75,75,75,75,75,75,75,75],"card_choices":[{"not_picked":["Leap","Coolheaded"],"picked":"Sweeping Beam","floor":1},{"not_picked":["Steam","Coolheaded","Leap"],"picked":"SKIP","floor":4},{"not_picked":["Double Energy","Lockon"],"picked":"Gash","floor":5},{"not_picked":["Streamline","Compile Driver"],"picked":"FTL","floor":8},{"not_picked":["Biased Cognition","Force Field"],"picked":"Steam","floor":10},{"not_picked":["Hello World","Barrage"],"picked":"Gash","floor":12},{"not_picked":["Leap","Redo"],"picked":"Compile Driver","floor":13}],"player_experience":469622,"relics_obtained":[{"floor":9,"key":"Dodecahedron"},{"floor":12,"key":"Odd Mushroom"}],"event_choices":[{"event_name":"Living Wall","player_choice":"Grow","floor":2,"damage_taken":0},{"event_name":"Shining Light","player_choice":"Entered Light","floor":7,"damage_taken":0},{"event_name":"Mushrooms","player_choice":"Fought Mushrooms","floor":12,"damage_taken":0}],"is_beta":false,"boss_relics":[],"items_purged_floors":[3,14],"is_endless":false,"potions_floor_spawned":[5,10],"killed_by":"Hexaghost","ascension_level":13}