{"gold_per_floor":[114,131,56,56,107,107,127,127,154,154,154,175,190,2,2,131,131,145,159,74,93,25,25,56,56,56,56,56,56,79,31,31,31],"floor_reached":33,"playtime":1061,"items_purged":["Injury"],"score":253,"play_id":"cd2d0d77-2263-4b01-92f9-b07cce8d9684","local_time":"20180720002758","is_ascension_mode":false,"campfire_choices":[{"data":"Perfected Strike","floor":6,"key":"SMITH"},{"data":"Infernal Blade","floor":8,"key":"SMITH"},{"data":"Bash","floor":11,"key":"SMITH"},{"data":"Armaments","floor":15,"key":"SMITH"},{"floor":23,"key":"REST"},{"floor":25,"key":"REST"},{"data":"Seeing Red","floor":27,"key":"SMITH"},{"data":"Berserk","floor":32,"key":"SMITH"}],"neow_cost":"CURSE","seed_source_timestamp":777856991444940,"circlet_count":0,"master_deck":["Strike_R","Strike_R","Strike_R","Strike_R+1","Strike_R","Defend_R","Defend_R","Defend_R","Bash+1","Perfected Strike+1","Perfected Strike+1","Infernal Blade+1","Wild Strike","Armaments+1","Pummel","Berserk+1","Dual Wield","Wild Strike","Seeing Red+1","Infernal Blade","Clash","Shrug It Off","Wild Strike"],"relics":["Burning Blood","Torii","Whetstone","Omamori","Golden Idol","Happy Flower","Eternal Feather","Gremlin Horn","Anchor","Ornamental Fan"],"potions_floor_usage":[16,18,21,24,24,33,33],"damage_taken":[{"damage":0,"enemies":"Small Slimes","floor":1,"turns":4},{"damage":1,"enemies":"Cultist","floor":2,"turns":3},{"damage":1,"enemies":"Jaw Worm","floor":7,"turns":3},{"damage":1,"enemies":"Looter","floor":12,"turns":2},{"damage":9,"enemies":"2 Fungi Beasts","floor":13,"turns":2},{"damage":17,"enemies":"Slime Boss","floor":16,"turns":7},{"damage":16,"enemies":"3 Byrds","floor":18,"turns":5},{"damage":10,"enemies":"Spheric Guardian","floor":19,"turns":3},{"damage":36,"enemies":"Centurion and Healer","floor":21,"turns":4},{"damage":41,"enemies":"Book of Stabbing","floor":24,"turns":4},{"damage":17,"enemies":"3 Cultists","floor":30,"turns":4},{"damage":97,"enemies":"Automaton","floor":33,"turns":6}],"seed_played":"1409046802814914399","potions_obtained":[{"floor":1,"key":"Poison Potion"},{"floor":2,"key":"SteroidPotion"},{"floor":12,"key":"Dexterity Potion"},{"floor":16,"key":"EssenceOfSteel"},{"floor":19,"key":"FearPotion"},{"floor":21,"key":"Fire Potion"},{"floor":30,"key":"Regen Potion"}],"is_trial":false,"path_per_floor":["M","M","$","?","T","R","M","R","T","?","R","M","M","$","R","B",null,"M","M","?","M","$","R","E","R","T","R","?","$","M","$","R"],"character_chosen":"IRONCLAD","items_purchased":["Happy Flower","Pummel","Infernal Blade","Wild Strike"],"campfire_rested":2,"item_purchase_floors":[14,14,22,31],"current_hp_per_floor":[80,80,80,80,80,80,80,80,80,80,80,80,77,77,77,66,80,70,66,66,36,36,68,33,65,65,73,73,73,62,62,70,0],"gold":31,"neow_bonus":"ONE_RARE_RELIC","is_prod":false,"is_daily":false,"chose_seed":false,"campfire_upgraded":6,"win_rate":0.0,"timestamp":1532039278,"path_taken":["M","M","$","?","?","R","M","R","T","?","R","M","M","$","R","BOSS","M","M","?","?","$","R","E","R","T","R","?","$","?","$","R","BOSS"],"build_version":"2018-07-12","purchased_purges":1,"victory":false,"max_hp_per_floor":[80,80,80,80,80,80,80,80,80,80,80,80,80,80,80,80,80,80,80,80,80,80,80,80,80,80,80,80,80,80,80,80,80],"card_choices":[{"not_picked":["Body Slam","Seeing Red"],"picked":"Perfected Strike","floor":1},{"not_picked":["Sever Soul","Havoc"],"picked":"Perfected Strike","floor":2},{"not_picked":["Armaments","Havoc"],"picked":"Infernal Blade","floor":7},{"not_picked":["Anger","Thunderclap"],"picked":"Wild Strike","floor":12},{"not_picked":["Headbutt","True Grit"],"picked":"Armaments","floor":13},{"not_picked":["Feed","Fiend Fire"],"picked":"Berserk","floor":16},{"not_picked":["Feel No Pain","Headbutt+1"],"picked":"Dual Wield","floor":18},{"not_picked":["Clash+1","Warcry"],"picked":"Wild Strike","floor":19},{"not_picked":["Perfected Strike+1","Clash+1"],"picked":"Seeing Red","floor":21},{"not_picked":["Brutality","Warcry"],"picked":"Clash","floor":24},{"not_picked":["Sentinel","Hemokinesis"],"picked":"Shrug It Off","floor":30}],"player_experience":66500,"relics_obtained":[{"floor":5,"key":"Whetstone"},{"floor":9,"key":"Omamori"},{"floor":24,"key":"Anchor"},{"floor":26,"key":"Ornamental Fan"}],"event_choices":[{"event_name":"Bonfire Elementals","player_choice":"BASIC","floor":4,"damage_taken":0},{"event_name":"Golden Idol","player_choice":"Take Wound","floor":10,"damage_taken":0},{"event_name":"Addict","player_choice":"Obtained Relic","floor":20,"damage_taken":0},{"event_name":"Ghosts","player_choice":"Ignored","floor":28,"damage_taken":0}],"boss_relics":[{"not_picked":["Philosopher\u0027s Stone","Runic Dome"],"picked":"Eternal Feather"}],"items_purged_floors":[3],"is_endless":false,"potions_floor_spawned":[1,2,12,16,19,21,30],"killed_by":"Automaton","ascension_level":0}