{"gold_per_floor":[211,230,155,155,80,110,110,120,120,41,57,57,57,57],"floor_reached":14,"playtime":1138,"items_purged":["Defend_B"],"score":154,"play_id":"77a5bba1-bc66-47d3-a9c1-20629ea739f2","local_time":"20180923134537","is_ascension_mode":true,"campfire_choices":[{"floor":7,"key":"REST"}],"neow_cost":"NONE","seed_source_timestamp":694309088251726,"circlet_count":0,"master_deck":["Strike_B","Strike_B","Strike_B","Defend_B","Defend_B","Defend_B","Zap","Dualcast","AscendersBane","Compile Driver","Static Discharge","Cold Snap","Defragment+1","Ball Lightning"],"relics":["Cracked Core","Singing Bowl","Emotion Chip"],"potions_floor_usage":[6],"damage_taken":[{"damage":0,"enemies":"Cultist","floor":1,"turns":3},{"damage":7,"enemies":"Small Slimes","floor":2,"turns":3},{"damage":46,"enemies":"Lagavulin","floor":6,"turns":6},{"damage":7,"enemies":"Jaw Worm","floor":8,"turns":4},{"damage":19,"enemies":"3 Louse","floor":11,"turns":3},{"damage":16,"enemies":"Exordium Wildlife","floor":14,"turns":1}],"seed_played":"-8186699147432368684","potions_obtained":[{"floor":1,"key":"Regen Potion"}],"is_trial":false,"path_per_floor":["M","M","$","?","$","E","R","M","T","$","M","?","?"],"character_chosen":"DEFECT","items_purchased":["Static Discharge","Defragment"],"campfire_rested":1,"item_purchase_floors":[5,10],"current_hp_per_floor":[64,57,57,50,50,21,42,35,35,35,16,16,16,0],"gold":57,"neow_bonus":"HUNDRED_GOLD","is_prod":false,"is_daily":false,"chose_seed":false,"campfire_upgraded":0,"win_rate":0,"timestamp":1537703137,"path_taken":["M","M","?","?","$","E","R","?","T","?","M","?","?","M"],"build_version":"2018-09-20","purchased_purges":1,"victory":false,"max_hp_per_floor":[71,71,71,71,71,73,73,73,73,73,73,73,73,73],"card_choices":[{"not_picked":["Recycle","Redo","Hologram"],"picked":"SKIP","floor":1},{"not_picked":["Turbo","Steam"],"picked":"Compile Driver","floor":2},{"not_picked":["Chill","Darkness","Compile Driver"],"picked":"Singing Bowl","floor":6},{"not_picked":["Leap","Beam Cell"],"picked":"Cold Snap","floor":8},{"not_picked":["Reinforced Body","Chaos"],"picked":"Ball Lightning","floor":11}],"player_experience":568136,"relics_obtained":[{"floor":6,"key":"Singing Bowl"},{"floor":9,"key":"Emotion Chip"}],"event_choices":[{"event_name":"Golden Wing","player_choice":"Card Removal","floor":4,"damage_taken":0},{"event_name":"Living Wall","player_choice":"Grow","floor":12,"damage_taken":0},{"event_name":"Shining Light","player_choice":"Ignored","floor":13,"damage_taken":0}],"is_beta":false,"boss_relics":[],"items_purged_floors":[3],"is_endless":false,"potions_floor_spawned":[1],"killed_by":"Exordium Wildlife","ascension_level":15}