{"path_per_floor":["M","$","?","M","M","R","E","R","T","E","M","M","E","M","R","B",null,"M","?","?","?","M","E","M","R","T","$","E","M","R","?","R","B",null,"M","?","$","?","?","E","M","R","T","R","?","M","E","?","R","B"],"character_chosen":"THE_SILENT","items_purchased":["Quick Slash","Snake Skull","Malaise+1","Juzu Bracelet","Acrobatics+1"],"gold_per_floor":[110,13,13,26,36,36,70,70,70,100,113,132,162,176,176,274,274,292,292,292,292,307,334,347,347,374,95,120,133,133,133,133,234,234,244,244,24,24,24,50,66,66,93,93,93,108,138,138,138,138],"floor_reached":51,"campfire_rested":2,"playtime":2586,"item_purchase_floors":[2,27,27,37,37],"current_hp_per_floor":[70,70,70,70,70,70,53,53,53,43,43,37,34,34,34,14,70,70,70,70,57,46,15,7,29,29,29,27,17,17,17,17,22,52,52,52,52,52,52,33,37,37,37,37,37,37,35,28,43,52],"items_purged":["Strike_G","Defend_G","Defend_G"],"gold":138,"score":1137,"play_id":"14365e11-1010-447d-a324-452c3b8d2503","local_time":"20180625032238","is_prod":false,"is_daily":false,"chose_seed":false,"is_ascension_mode":true,"campfire_upgraded":7,"win_rate":0,"timestamp":1529911358,"campfire_choices":[{"data":"Survivor","floor":6,"key":"SMITH"},{"data":"Deadly Poison","floor":8,"key":"SMITH"},{"data":"Dagger Spray","floor":15,"key":"SMITH"},{"floor":25,"key":"REST"},{"data":"Footwork","floor":30,"key":"SMITH"},{"data":"Bite","floor":32,"key":"SMITH"},{"data":"Defend_G","floor":42,"key":"SMITH"},{"data":"Bite","floor":44,"key":"SMITH"},{"floor":49,"key":"REST"}],"path_taken":["M","$","?","M","M","R","E","R","T","E","M","M","E","M","R","BOSS","M","?","?","?","M","E","?","R","T","$","E","?","R","?","R","BOSS","M","?","$","?","?","E","M","R","T","R","?","M","E","?","R","BOSS"],"build_version":"2018-06-21","seed_source_timestamp":52578452467777,"purchased_purges":3,"circlet_count":0,"victory":true,"master_deck":["Defend_G+1","Defend_G+1","Defend_G+1","Survivor+1","Neutralize+1","Deadly Poison+1","Flying Knee+1","Terror+1","Backflip+1","Backflip+1","Dagger Spray+1","Deadly Poison+1","Adrenaline+1","Cloak And Dagger+1","Distraction+1","Outmaneuver+1","Adrenaline+1","Outmaneuver+1","Malaise+1","Die Die Die","Footwork+1","Bite+1","Bite","Bite","Bite+1","Bite+1","Venomology+1","Dagger Spray+1","Acrobatics+1","Dark Shackles+1","Tools of the Trade","Bouncing Flask+1","Madness+1","Madness+1"],"max_hp_per_floor":[70,70,70,70,70,70,70,70,70,70,70,70,70,70,70,70,70,70,70,70,75,75,75,75,75,75,75,75,75,75,52,52,52,52,52,52,52,52,52,52,52,52,52,52,52,52,52,52,52,52],"relics":["Ring of the Snake","Dodecahedron","Toxic Egg 2","The Specimen","War Paint","Nloth\u0027s Gift","Smiling Mask","Art of War","Vajra","Snake Skull","Lantern","Black Star","Juzu Bracelet","Incense Burner","Peace Pipe","Dead Branch","Whetstone","Tough Bandages","Darkstone Periapt"],"card_choices":[{"not_picked":["All Out Attack","Bane"],"picked":"Deadly Poison","floor":1},{"not_picked":["Slice","Underhanded Strike","Accuracy"],"picked":"SKIP","floor":4},{"not_picked":["Poisoned Stab","Acrobatics"],"picked":"Flying Knee","floor":5},{"not_picked":["Deadly Poison","Envenom","Poisoned Stab"],"picked":"SKIP","floor":7},{"not_picked":["Bane","Underhanded Strike"],"picked":"Terror+1","floor":10},{"not_picked":["Slice","Dagger Throw"],"picked":"Backflip+1","floor":11},{"not_picked":["Masterful Stab","Skewer"],"picked":"Backflip+1","floor":12},{"not_picked":["Tactician+1","Poisoned Stab"],"picked":"Dagger Spray","floor":13},{"not_picked":["Sucker Punch","Dagger Throw"],"picked":"Deadly Poison+1","floor":14},{"not_picked":["Phantasmal Killer+1","Glass Knife"],"picked":"Adrenaline+1","floor":16},{"not_picked":["Skewer","Acrobatics+1"],"picked":"Cloak And Dagger+1","floor":17},{"not_picked":["Dagger Throw","Deadly Poison+1"],"picked":"Distraction+1","floor":17},{"not_picked":["Bane","Dodge and Roll+1"],"picked":"Outmaneuver+1","floor":17},{"not_picked":["Prepared+1","Underhanded Strike","Slice"],"picked":"SKIP","floor":18},{"not_picked":["Infinite Blades","Flying Knee"],"picked":"Adrenaline+1","floor":22},{"not_picked":["Slice","Masterful Stab","Deadly Poison+1"],"picked":"SKIP","floor":23},{"not_picked":["Poisoned Stab","Slice"],"picked":"Outmaneuver+1","floor":24},{"not_picked":["Caltrops","Prepared+1"],"picked":"Die Die Die","floor":28},{"not_picked":["Riddle With Holes","Acrobatics+1"],"picked":"Footwork","floor":29},{"not_picked":["Storm of Steel+1","Bullet Time+1"],"picked":"Venomology+1","floor":33},{"not_picked":["Dagger Throw+1","Bane"],"picked":"Dagger Spray+1","floor":35},{"not_picked":["Purity+1","Mind Blast"],"picked":"Dark Shackles+1","floor":39},{"not_picked":["Sucker Punch+1","Outmaneuver+1","Accuracy"],"picked":"SKIP","floor":40},{"not_picked":["Sucker Punch+1","Dagger Throw","Dodge and Roll+1"],"picked":"SKIP","floor":41},{"not_picked":["Crippling Poison+1","Concentrate+1"],"picked":"Tools of the Trade","floor":46},{"not_picked":["Corpse Explosion","Flying Knee"],"picked":"Bouncing Flask+1","floor":47}],"player_experience":316825,"potions_floor_usage":[14,16,28,28,33,33,40,41,50,50,50,50],"damage_taken":[{"damage":0,"enemies":"Jaw Worm","floor":1,"turns":5},{"damage":0,"enemies":"Cultist","floor":4,"turns":4},{"damage":0,"enemies":"Small Slimes","floor":5,"turns":2},{"damage":17,"enemies":"3 Sentries","floor":7,"turns":10},{"damage":10,"enemies":"Gremlin Nob","floor":10,"turns":4},{"damage":0,"enemies":"Blue Slaver","floor":11,"turns":2},{"damage":6,"enemies":"2 Fungi Beasts","floor":12,"turns":3},{"damage":3,"enemies":"3 Sentries","floor":13,"turns":8},{"damage":0,"enemies":"Exordium Wildlife","floor":14,"turns":2},{"damage":20,"enemies":"Slime Boss","floor":16,"turns":7},{"damage":0,"enemies":"3 Byrds","floor":18,"turns":3},{"damage":11,"enemies":"2 Thieves","floor":22,"turns":4},{"damage":31,"enemies":"Gremlin Leader","floor":23,"turns":7},{"damage":8,"enemies":"Slaver and Parasite","floor":24,"turns":7},{"damage":2,"enemies":"Slavers","floor":28,"turns":3},{"damage":10,"enemies":"Chosen and Byrds","floor":29,"turns":4},{"damage":24,"enemies":"Collector","floor":33,"turns":9},{"damage":0,"enemies":"3 Darklings","floor":35,"turns":2},{"damage":0,"floor":38,"turns":7},{"damage":31,"enemies":"Giant Head","floor":40,"turns":9},{"damage":0,"enemies":"Orb Walker","floor":41,"turns":2},{"damage":7,"enemies":"3 Darklings","floor":46,"turns":3},{"damage":7,"enemies":"2 Orb Walkers","floor":47,"turns":4},{"damage":0,"enemies":"Time Eater","floor":50,"turns":10}],"relics_obtained":[{"floor":7,"key":"Dodecahedron"},{"floor":9,"key":"Toxic Egg 2"},{"floor":10,"key":"The Specimen"},{"floor":13,"key":"War Paint"},{"floor":23,"key":"Art of War"},{"floor":26,"key":"Vajra"},{"floor":28,"key":"Lantern"},{"floor":38,"key":"Incense Burner"},{"floor":40,"key":"Peace Pipe"},{"floor":40,"key":"Dead Branch"},{"floor":43,"key":"Whetstone"},{"floor":47,"key":"Tough Bandages"},{"floor":47,"key":"Darkstone Periapt"}],"event_choices":[{"event_name":"Upgrade Shrine","player_choice":"Upgraded","floor":3,"damage_taken":0},{"event_name":"N\u0027loth","player_choice":"Traded a Orrery","floor":19,"damage_taken":0},{"event_name":"The Mausoleum","player_choice":"Yes","floor":20,"damage_taken":0},{"event_name":"Forgotten Altar","player_choice":"Shed Blood","floor":21,"damage_taken":0},{"event_name":"Vampires","player_choice":"Became a vampire","floor":31,"damage_taken":0},{"event_name":"Falling","player_choice":"Removed Attack","floor":36,"damage_taken":0},{"event_name":"MindBloom","player_choice":"Fight","floor":38,"damage_taken":0},{"event_name":"SensoryStone","player_choice":"Memory 1","floor":39,"damage_taken":0},{"event_name":"The Lab","player_choice":"Got Potions","floor":45,"damage_taken":0},{"event_name":"Winding Halls","player_choice":"Embrace Madness","floor":48,"damage_taken":0}],"boss_relics":[{"not_picked":["Philosopher\u0027s Stone","Pandora\u0027s Box"],"picked":"Orrery"},{"not_picked":["Lizard Tail","Calling Bell"],"picked":"Black Star"}],"items_purged_floors":[2,27,37],"is_endless":false,"potions_floor_spawned":[1,7,13,14,16,18,28,35,41,46],"seed_played":"5421340220228070316","ascension_level":1,"potions_obtained":[{"floor":1,"key":"Dexterity Potion"},{"floor":7,"key":"SpeedPotion"},{"floor":13,"key":"Swift Potion"},{"floor":14,"key":"Fire Potion"},{"floor":16,"key":"SteroidPotion"},{"floor":18,"key":"Ancient Potion"},{"floor":28,"key":"Swift Potion"},{"floor":35,"key":"SpeedPotion"},{"floor":45,"key":"Strength Potion"},{"floor":45,"key":"EssenceOfSteel"}],"is_trial":false}