{"gold_per_floor":[215,230,241,260,38,38,48,48,48,48,65,80,100,110,110,214,214,230,130,55,65,81,81,81,81,81,81,81,97,97,97,97,202,202,212,212,222,130,130],"floor_reached":39,"playtime":3547,"items_purged":["Strike_R","Strike_R"],"score":425,"play_id":"b73f8b75-3ac4-46ec-82cb-18421818d2b2","local_time":"20190110104221","is_ascension_mode":false,"campfire_choices":[{"data":"Bash","floor":6,"key":"SMITH"},{"data":"Barricade","floor":10,"key":"SMITH"},{"data":"Metallicize","floor":15,"key":"SMITH"},{"data":"Armaments","floor":23,"key":"SMITH"},{"data":"Whirlwind","floor":28,"key":"SMITH"},{"data":"True Grit","floor":30,"key":"SMITH"},{"floor":32,"key":"REST"}],"neow_cost":"NONE","seed_source_timestamp":978309660322866,"circlet_count":0,"master_deck":["Strike_R+1","Strike_R+1","Strike_R+1","Defend_R+1","Defend_R+1","Defend_R+1","Defend_R+1","Bash+1","Disarm","Armaments+1","Cleave","Flame Barrier","Impervious","Barricade+1","Metallicize+1","True Grit+1","Whirlwind+1","Juggernaut","Iron Wave","Pommel Strike","Feed+1","Shrug It Off+1","Body Slam","Corruption"],"relics":["Black Blood"],"potions_floor_usage":[4,21,22,33,37,39],"damage_taken":[{"damage":1,"enemies":"Cultist","floor":1,"turns":3},{"damage":13,"enemies":"Jaw Worm","floor":2,"turns":5},{"damage":0,"enemies":"2 Louse","floor":3,"turns":3},{"damage":18,"enemies":"Large Slime","floor":4,"turns":7},{"damage":23,"enemies":"Gremlin Gang","floor":7,"turns":6},{"damage":2,"enemies":"2 Fungi Beasts","floor":11,"turns":4},{"damage":7,"enemies":"Blue Slaver","floor":12,"turns":5},{"damage":5,"enemies":"Looter","floor":13,"turns":5},{"damage":7,"enemies":"Large Slime","floor":14,"turns":13},{"damage":0,"enemies":"Slime Boss","floor":16,"turns":15},{"damage":4,"enemies":"Shell Parasite","floor":18,"turns":9},{"damage":16,"enemies":"2 Thieves","floor":20,"turns":5},{"damage":16,"enemies":"Shelled Parasite and Fungi","floor":21,"turns":9},{"damage":30,"enemies":"Sentry and Sphere","floor":22,"turns":10},{"damage":4,"enemies":"Centurion and Healer","floor":29,"turns":11},{"damage":34,"enemies":"Collector","floor":33,"turns":16},{"damage":38,"enemies":"3 Darklings","floor":35,"turns":8},{"damage":59,"enemies":"Orb Walker","floor":37,"turns":10},{"damage":20,"enemies":"Jaw Worm Horde","floor":39,"turns":1}],"seed_played":"-2938234063502021583","potions_obtained":[{"floor":3,"key":"Explosive Potion"},{"floor":4,"key":"FairyPotion"},{"floor":13,"key":"SkillPotion"},{"floor":14,"key":"SpeedPotion"},{"floor":16,"key":"SkillPotion"},{"floor":22,"key":"EssenceOfSteel"},{"floor":33,"key":"AttackPotion"},{"floor":37,"key":"AttackPotion"}],"is_trial":false,"path_per_floor":["M","M","M","M","$","R","M","?","T","R","M","M","M","M","R","B",null,"M","$","M","M","M","R","?","$","T","?","R","M","R","?","R","B",null,"M","?","M","$","M"],"character_chosen":"IRONCLAD","items_purchased":["Impervious","Body Slam","Corruption"],"campfire_rested":1,"item_purchase_floors":[5,38,38],"current_hp_per_floor":[80,73,79,67,67,67,50,50,50,50,54,53,54,53,53,59,80,80,80,70,60,36,36,36,36,36,36,36,38,38,38,62,34,80,52,52,18,18,0],"gold":130,"neow_bonus":"HUNDRED_GOLD","is_prod":false,"is_daily":false,"chose_seed":false,"campfire_upgraded":6,"win_rate":0,"timestamp":1547134941,"path_taken":["M","M","?","M","$","R","M","?","T","R","M","M","M","M","R","BOSS","M","$","M","M","M","R","?","$","T","?","R","M","R","?","R","BOSS","M","?","M","$","M"],"build_version":"2019-01-03v4","purchased_purges":2,"victory":false,"max_hp_per_floor":[80,80,80,80,80,80,80,80,80,80,80,80,80,80,80,80,80,80,80,80,80,80,80,80,80,80,80,80,80,80,80,80,80,80,80,80,80,80,80],"card_choices":[{"not_picked":["Havoc","Shockwave"],"picked":"Disarm","floor":1},{"not_picked":["Clash","Wild Strike"],"picked":"Armaments","floor":2},{"not_picked":["Battle Trance","Reckless Charge"],"picked":"Cleave","floor":3},{"not_picked":["Armaments","Iron Wave"],"picked":"Flame Barrier","floor":4},{"not_picked":["Power Through","Warcry"],"picked":"Barricade","floor":7},{"not_picked":["Twin Strike","Combust"],"picked":"Metallicize","floor":11},{"not_picked":["Armaments","Perfected Strike"],"picked":"True Grit","floor":12},{"not_picked":["Searing Blow","Heavy Blade","Clash"],"picked":"SKIP","floor":13},{"not_picked":["Sentinel","Searing Blow"],"picked":"Whirlwind","floor":14},{"not_picked":["Immolate","Barricade"],"picked":"Juggernaut","floor":16},{"not_picked":["Sentinel+1","Heavy Blade+1"],"picked":"Iron Wave","floor":18},{"not_picked":["Wild Strike","Sword Boomerang"],"picked":"Pommel Strike","floor":20},{"not_picked":["Fire Breathing","Twin Strike","Warcry"],"picked":"SKIP","floor":21},{"not_picked":["True Grit","Rage","Headbutt"],"picked":"SKIP","floor":22},{"not_picked":["Combust","Sword Boomerang+1","Havoc"],"picked":"SKIP","floor":29},{"not_picked":["Limit Break","Double Tap"],"picked":"Feed","floor":33},{"not_picked":["Thunderclap+1","Pommel Strike+1"],"picked":"Shrug It Off+1","floor":35},{"not_picked":["Havoc","Heavy Blade+1","Sword Boomerang"],"picked":"SKIP","floor":37}],"player_experience":438529,"relics_obtained":[],"event_choices":[{"damage_healed":0,"gold_gain":0,"player_choice":"Fled","damage_taken":0,"max_hp_gain":0,"max_hp_loss":0,"event_name":"Scrap Ooze","floor":8,"gold_loss":0},{"damage_healed":0,"gold_gain":0,"player_choice":"Ignored","damage_taken":0,"max_hp_gain":0,"max_hp_loss":0,"event_name":"Cursed Tome","floor":24,"gold_loss":0},{"damage_healed":0,"gold_gain":0,"player_choice":"Simplicity","damage_taken":0,"max_hp_gain":0,"max_hp_loss":0,"event_name":"Back to Basics","floor":27,"gold_loss":0,"cards_upgraded":["Strike_R","Strike_R","Strike_R","Defend_R","Defend_R","Defend_R","Defend_R"]},{"damage_healed":0,"gold_gain":0,"player_choice":"Forge","damage_taken":0,"max_hp_gain":0,"max_hp_loss":0,"event_name":"Accursed Blacksmith","floor":36,"gold_loss":0,"cards_upgraded":["Feed"]}],"is_beta":false,"boss_relics":[{"not_picked":["Mark of Pain","Snecko Eye","White Beast Statue"]},{"not_picked":["Black Star","Runic Cube"],"picked":"Black Blood"}],"items_purged_floors":[5,19],"is_endless":false,"potions_floor_spawned":[3,4,13,14,16,18,22,33,37],"killed_by":"Jaw Worm Horde","ascension_level":0}