{"path_per_floor":["M","M","M","$","M","E","R","E","T","E","M","?","R","M","R","B",null,"M","$","?","?","?","R","E","R","T","$","E","R","$","M","R"],"character_chosen":"THE_SILENT","items_purchased":["Ginger","Explosive Potion","Swift Potion"],"gold_per_floor":[112,129,144,144,156,190,190,217,217,252,267,267,267,278,278,376,376,395,27,27,27,27,27,57,57,84,33,65,65,15,31,31,31],"floor_reached":33,"campfire_rested":3,"playtime":3093,"current_hp_per_floor":[63,63,61,61,58,43,43,37,44,37,37,37,60,60,60,60,73,67,67,67,67,67,67,22,45,45,45,42,65,65,67,67,0],"items_purged":["Strike_G"],"gold":31,"score":474,"play_id":"dc62e75b-051d-4ee8-8a97-5c096b021cec","local_time":"20180405145340","is_prod":false,"is_daily":false,"is_ascension_mode":true,"campfire_upgraded":4,"timestamp":1522932820,"path_taken":["M","?","M","?","M","E","R","E","T","E","M","?","R","M","R","BOSS","M","$","?","?","?","R","E","R","T","$","E","R","?","?","R","BOSS"],"build_version":"2018-03-29v2","purchased_purges":2,"victory":false,"master_deck":["Defend_G","Defend_G","Defend_G","Defend_G","Defend_G","Strike_G","Strike_G","Strike_G","Strike_G","Survivor","Neutralize","Dash+1","Dagger Throw","Cloak And Dagger","Endless Agony","Backstab","Glass Knife+1","Blur","Backstab","Dagger Spray","Phantasmal Killer+1","Leg Sweep","Terror+1","Endless Agony","Dodge and Roll"],"max_hp_per_floor":[70,70,70,70,70,70,70,70,77,77,77,77,77,77,77,77,77,77,77,77,77,77,77,77,77,77,77,77,77,77,77,77,77],"relics":["Ring of the Snake","Bottled Flame","Art of War","Strawberry","Kunai","Black Star","Ginger","Omamori","Blood Vial","Anchor","Dodecahedron","Centennial Puzzle"],"card_choices":[{"not_picked":["All Out Attack","Predator"],"picked":"Dash","floor":1},{"not_picked":["Prepared","Outmaneuver"],"picked":"Dagger Throw","floor":2},{"not_picked":["Bouncing Flask","Distraction"],"picked":"Cloak And Dagger","floor":3},{"not_picked":["Deflect","Crippling Poison"],"picked":"Endless Agony","floor":5},{"not_picked":["Bane","Cloak And Dagger"],"picked":"Backstab","floor":6},{"not_picked":["Grand Finale","Bullet Time"],"picked":"Glass Knife","floor":8},{"not_picked":["Accuracy","Bouncing Flask"],"picked":"Blur","floor":10},{"not_picked":["Skewer","Underhanded Strike"],"picked":"Backstab","floor":11},{"not_picked":["Deflect","PiercingWail"],"picked":"Dagger Spray","floor":14},{"not_picked":["A Thousand Cuts","Grand Finale"],"picked":"Phantasmal Killer","floor":16},{"not_picked":["Prepared","Dodge and Roll"],"picked":"Leg Sweep","floor":18},{"not_picked":["Setup","Dagger Throw"],"picked":"Endless Agony","floor":28},{"not_picked":["Poisoned Stab","Tactician"],"picked":"Dodge and Roll","floor":31}],"player_experience":236861,"potions_floor_usage":[5,8,10,16,16,28,28,33,33],"damage_taken":[{"damage":0,"enemies":"Cultist","floor":1,"turns":4},{"damage":0,"enemies":"Small Slimes","floor":2,"turns":3},{"damage":2,"enemies":"Jaw Worm","floor":3,"turns":3},{"damage":3,"enemies":"Lots of Slimes","floor":5,"turns":5},{"damage":15,"enemies":"3 Sentries","floor":6,"turns":11},{"damage":6,"enemies":"Lagavulin","floor":8,"turns":7},{"damage":7,"enemies":"Gremlin Nob","floor":10,"turns":4},{"damage":0,"enemies":"2 Fungi Beasts","floor":11,"turns":3},{"damage":0,"enemies":"Large Slime","floor":14,"turns":5},{"damage":0,"enemies":"Slime Boss","floor":16,"turns":11},{"damage":6,"enemies":"Shell Parasite","floor":18,"turns":6},{"damage":45,"enemies":"Book of Stabbing","floor":24,"turns":7},{"damage":5,"enemies":"Gremlin Leader","floor":28,"turns":5},{"damage":0,"enemies":"3 Byrds","floor":31,"turns":5},{"damage":91,"enemies":"Automaton","floor":33,"turns":14}],"event_choices":[{"event_name":"Shining Light","player_choice":"Ignored","floor":12,"damage_taken":0},{"event_name":"Addict","player_choice":"Ignored","floor":20,"damage_taken":0},{"event_name":"Drug Dealer","player_choice":"Ignored","floor":21,"damage_taken":0},{"event_name":"The Library","player_choice":"Read","floor":22,"damage_taken":0}],"boss_relics":[{"not_picked":["White Beast Statue","The Specimen"],"picked":"Black Star"}],"potions_floor_spawned":[1,2,3,10,11,24,31],"seed_played":"-6204670956709677193","killed_by":"Automaton","ascension_level":7,"is_trial":false}