{"gold_per_floor":[111,36,51,51,66,66,92,92,92,92,120,138,165,182,182,182],"floor_reached":16,"playtime":2192,"items_purged":["Defend_B"],"score":228,"play_id":"5342e2c4-b101-4bd2-b6e9-d050cad70184","local_time":"20180925095807","is_ascension_mode":true,"campfire_choices":[{"data":"Zap","floor":6,"key":"SMITH"},{"floor":8,"key":"REST"},{"floor":10,"key":"REST"},{"floor":15,"key":"REST"}],"neow_cost":"","seed_source_timestamp":852414057318106,"circlet_count":0,"master_deck":["Strike_B","Strike_B","Strike_B","Strike_B","Defend_B","Defend_B","Defend_B","Zap+1","Dualcast","AscendersBane","Capacitor","Ball Lightning","Conserve Battery","Capacitor","Consume","Steam","Seek","Conserve Battery"],"relics":["Cracked Core","Nunchaku","Sundial","DataDisk","Cables"],"potions_floor_usage":[3,13,13,14],"damage_taken":[{"damage":4,"enemies":"Small Slimes","floor":1,"turns":4},{"damage":1,"enemies":"Cultist","floor":3,"turns":3},{"damage":2,"enemies":"Jaw Worm","floor":5,"turns":3},{"damage":33,"enemies":"3 Sentries","floor":7,"turns":7},{"damage":45,"enemies":"Lagavulin","floor":11,"turns":6},{"damage":14,"enemies":"Looter","floor":12,"turns":4},{"damage":8,"enemies":"3 Sentries","floor":13,"turns":5},{"damage":5,"enemies":"Exordium Thugs","floor":14,"turns":3},{"damage":31,"enemies":"Slime Boss","floor":16,"turns":6}],"seed_played":"5248693686507933609","potions_obtained":[{"floor":1,"key":"EntropicBrew"},{"floor":11,"key":"EssenceOfSteel"},{"floor":13,"key":"Swift Potion"}],"is_trial":false,"path_per_floor":["M","$","M","?","M","R","E","R","T","R","E","M","E","M","R"],"character_chosen":"DEFECT","items_purchased":[],"campfire_rested":3,"item_purchase_floors":[],"current_hp_per_floor":[60,60,59,64,62,62,29,51,51,73,28,14,6,1,23,0],"gold":182,"neow_bonus":"","is_prod":false,"is_daily":false,"chose_seed":false,"campfire_upgraded":1,"win_rate":0,"timestamp":1537862287,"path_taken":["M","$","M","?","M","R","E","R","T","R","E","M","E","M","R","BOSS"],"build_version":"2018-09-20","purchased_purges":1,"victory":false,"max_hp_per_floor":[71,71,71,76,76,76,76,76,76,76,76,76,76,76,76,76],"card_choices":[{"not_picked":["Gash","Go for the Eyes"],"picked":"Capacitor","floor":1},{"not_picked":["Sweeping Beam","Beam Cell"],"picked":"Ball Lightning","floor":3},{"not_picked":["Stack","Genetic Algorithm"],"picked":"Conserve Battery","floor":5},{"not_picked":["Tempest","Turbo"],"picked":"Capacitor","floor":7},{"not_picked":["Genetic Algorithm","Fusion"],"picked":"Consume","floor":11},{"not_picked":["Go for the Eyes","Storm"],"picked":"Steam","floor":12},{"not_picked":["Barrage","Streamline"],"picked":"Seek","floor":13},{"not_picked":["Sweeping Beam","Darkness"],"picked":"Conserve Battery","floor":14}],"player_experience":659883,"relics_obtained":[{"floor":7,"key":"Nunchaku"},{"floor":9,"key":"Sundial"},{"floor":11,"key":"DataDisk"},{"floor":13,"key":"Cables"}],"event_choices":[{"event_name":"Big Fish","player_choice":"Donut","floor":4,"damage_taken":0}],"is_beta":false,"boss_relics":[],"items_purged_floors":[2],"is_endless":false,"potions_floor_spawned":[1,11,13],"killed_by":"Slime Boss","ascension_level":18}