{"gold_per_floor":[118,21,41,41,51,77,77,93,117,151,166,201,216,216,216,290,290,309,6,24,24,24,24,56,56,56,56,156,168,168,63,63,137,137,155,30,50,50,64,92,92,0,25,357,357,388,388,402,402,402],"floor_reached":51,"playtime":3751,"items_purged":["Strike_B","Strike_B","Strike_B"],"score":1338,"play_id":"c1b9c34e-ccfc-42f2-88cb-481cc188f7cb","local_time":"20181008115043","is_ascension_mode":true,"campfire_choices":[{"data":"Discovery","floor":7,"key":"SMITH"},{"data":"Zap","floor":15,"key":"SMITH"},{"data":"Seek","floor":23,"key":"SMITH"},{"floor":27,"key":"DIG"},{"floor":32,"key":"DIG"},{"floor":41,"key":"DIG"},{"floor":45,"key":"REST"},{"floor":47,"key":"REST"},{"floor":49,"key":"DIG"}],"neow_cost":"NONE","seed_source_timestamp":251332435945567,"circlet_count":0,"master_deck":["Defend_B","Defend_B","Defend_B","Defend_B","Zap+1","Dualcast+1","AscendersBane","Glacier","Coolheaded","Skim","BootSequence+1","Discovery+1","Cold Snap","Tempest","Compile Driver","Auto Shields","Go for the Eyes","Seek+1","Core Surge","Glacier+1","Fusion+1","Barrage+1","Hologram+1","Impatience+1","Rainbow+1","Self Repair","Redo+1","Lockon+1","Defragment+1","Turbo+1"],"relics":["Cracked Core","War Paint","Blood Vial","Bag of Marbles","Bag of Preparation","Toxic Egg 2","Inserter","MealTicket","Ancient Tea Set","Dodecahedron","Shovel","DataDisk","Pocketwatch","Bottled Flame","Shuriken","Fusion Hammer","Vajra","Darkstone Periapt","Red Mask","Omamori","Old Coin","Turnip","Strawberry"],"potions_floor_usage":[24,28,28,44,50,50],"damage_taken":[{"damage":5,"enemies":"2 Louse","floor":1,"turns":2},{"damage":0,"enemies":"Cultist","floor":3,"turns":3},{"damage":0,"enemies":"Jaw Worm","floor":5,"turns":3},{"damage":12,"enemies":"Lagavulin","floor":6,"turns":9},{"damage":0,"enemies":"3 Louse","floor":8,"turns":5},{"damage":0,"enemies":"3 Sentries","floor":10,"turns":2},{"damage":0,"enemies":"Exordium Wildlife","floor":11,"turns":4},{"damage":15,"enemies":"Lagavulin","floor":12,"turns":7},{"damage":5,"enemies":"Exordium Thugs","floor":13,"turns":4},{"damage":24,"enemies":"Slime Boss","floor":16,"turns":9},{"damage":0,"enemies":"Chosen","floor":18,"turns":4},{"damage":0,"enemies":"Shell Parasite","floor":20,"turns":3},{"damage":5,"enemies":"Slavers","floor":24,"turns":7},{"damage":0,"enemies":"Colosseum Slavers","floor":28,"turns":5},{"damage":14,"enemies":"Colosseum Nobs","floor":28,"turns":6},{"damage":4,"enemies":"Snecko","floor":29,"turns":4},{"damage":2,"enemies":"Champ","floor":33,"turns":9},{"damage":0,"enemies":"3 Shapes","floor":35,"turns":5},{"damage":0,"enemies":"Orb Walker","floor":37,"turns":3},{"damage":39,"enemies":"Jaw Worm Horde","floor":39,"turns":6},{"damage":16,"enemies":"Nemesis","floor":40,"turns":9},{"damage":20,"enemies":"Giant Head","floor":44,"turns":8},{"damage":12,"enemies":"Nemesis","floor":46,"turns":9},{"damage":0,"enemies":"3 Darklings","floor":48,"turns":4},{"damage":0,"enemies":"Donu and Deca","floor":50,"turns":9}],"seed_played":"8467205816687278824","potions_obtained":[{"floor":1,"key":"GamblersBrew"},{"floor":11,"key":"Block Potion"},{"floor":12,"key":"SpeedPotion"},{"floor":13,"key":"Explosive Potion"},{"floor":24,"key":"Poison Potion"},{"floor":29,"key":"SteroidPotion"},{"floor":33,"key":"Block Potion"},{"floor":37,"key":"LiquidBronze"},{"floor":44,"key":"PowerPotion"},{"floor":46,"key":"Swift Potion"}],"is_trial":false,"path_per_floor":["M","$","M","?","M","E","R","M","T","E","M","E","M","?","R","B",null,"M","$","M","?","?","R","E","$","T","R","?","M","?","$","R","B",null,"M","$","M","?","M","E","R","?","T","E","R","E","R","M","R","B"],"character_chosen":"DEFECT","items_purchased":["Coolheaded","MealTicket","Impatience+1"],"campfire_rested":2,"item_purchase_floors":[2,19,31],"current_hp_per_floor":[63,63,63,63,63,51,51,51,51,53,55,42,39,39,39,17,61,63,63,65,65,65,65,62,72,72,72,61,59,59,69,69,69,74,75,75,75,75,43,36,36,36,36,25,47,44,66,75,82,82],"gold":402,"neow_bonus":"REMOVE_CARD","is_prod":false,"is_daily":false,"chose_seed":false,"campfire_upgraded":3,"win_rate":0,"timestamp":1538992243,"path_taken":["M","$","M","?","M","E","R","M","T","E","M","E","M","?","R","BOSS","M","$","M","?","?","R","E","$","T","R","?","?","?","$","R","BOSS","M","$","?","?","M","E","R","?","T","E","R","E","R","M","R","BOSS"],"build_version":"2018-10-04","purchased_purges":3,"victory":true,"max_hp_per_floor":[75,75,75,75,75,75,75,75,75,75,75,75,75,75,75,75,75,75,75,75,75,75,75,75,75,75,75,75,75,75,75,75,75,75,75,75,75,75,75,75,75,75,75,75,75,75,75,75,82,82],"card_choices":[{"not_picked":["Darkness","Coolheaded"],"picked":"Glacier","floor":1},{"not_picked":["Steam","Stack"],"picked":"Skim","floor":3},{"not_picked":["Storm","Leap"],"picked":"Cold Snap","floor":5},{"not_picked":["Static Discharge","Hologram"],"picked":"Tempest","floor":6},{"not_picked":["Beam Cell","Cold Snap"],"picked":"Compile Driver","floor":8},{"not_picked":["Heatsinks","Stack","Sweeping Beam"],"picked":"SKIP","floor":10},{"not_picked":["Coolheaded","Redo"],"picked":"Auto Shields","floor":11},{"not_picked":["Compile Driver","Turbo"],"picked":"Go for the Eyes","floor":12},{"not_picked":["Ball Lightning","Streamline"],"picked":"Seek","floor":13},{"not_picked":["Biased Cognition","Meteor Strike"],"picked":"Core Surge","floor":16},{"not_picked":["Rebound+1","Hologram+1"],"picked":"Glacier+1","floor":18},{"not_picked":["Glacier+1","Ball Lightning"],"picked":"Fusion+1","floor":20},{"not_picked":["Blizzard","Core Surge"],"picked":"Barrage+1","floor":24},{"not_picked":["Compile Driver","Tempest+1"],"picked":"Hologram+1","floor":29},{"not_picked":["Amplify+1","Thunder Strike"],"picked":"Rainbow+1","floor":33},{"not_picked":["Undo+1","Conserve Battery+1"],"picked":"Self Repair","floor":35},{"not_picked":["Cold Snap","Go for the Eyes","Turbo+1"],"picked":"SKIP","floor":37},{"not_picked":["Go for the Eyes+1","Sunder+1"],"picked":"Redo+1","floor":39},{"not_picked":["Melter","Stack+1"],"picked":"Lockon+1","floor":40},{"not_picked":["Go for the Eyes+1","Loop+1"],"picked":"Defragment+1","floor":44},{"not_picked":["Conserve Battery+1","Ball Lightning","Leap+1"],"picked":"SKIP","floor":46},{"not_picked":["Hello World","Tempest+1"],"picked":"Turbo+1","floor":48}],"player_experience":184547,"relics_obtained":[{"floor":6,"key":"War Paint"},{"floor":9,"key":"Blood Vial"},{"floor":10,"key":"Bag of Marbles"},{"floor":12,"key":"Bag of Preparation"},{"floor":24,"key":"Dodecahedron"},{"floor":26,"key":"Shovel"},{"floor":27,"key":"DataDisk"},{"floor":28,"key":"Pocketwatch"},{"floor":28,"key":"Bottled Flame"},{"floor":32,"key":"Shuriken"},{"floor":40,"key":"Vajra"},{"floor":41,"key":"Darkstone Periapt"},{"floor":43,"key":"Omamori"},{"floor":44,"key":"Old Coin"},{"floor":46,"key":"Turnip"},{"floor":49,"key":"Strawberry"}],"event_choices":[{"event_name":"Match and Keep!","player_choice":"2 cards matched","floor":4,"damage_taken":0},{"event_name":"Dead Adventurer","player_choice":"Searched \u00271\u0027 times","floor":14,"damage_taken":0},{"event_name":"Beggar","player_choice":"Ignored","floor":21,"damage_taken":0},{"event_name":"The Mausoleum","player_choice":"Yes","floor":22,"damage_taken":0},{"event_name":"Colosseum","player_choice":"Fight","floor":28,"damage_taken":0},{"event_name":"Colosseum","player_choice":"Fought Nobs","floor":28,"damage_taken":0},{"event_name":"Back to Basics","player_choice":"Elegance","floor":30,"damage_taken":0},{"event_name":"SensoryStone","player_choice":"Memory 1","floor":38,"damage_taken":0},{"event_name":"Tomb of Lord Red Mask","player_choice":"Paid","floor":42,"damage_taken":0}],"is_beta":true,"boss_relics":[{"not_picked":["Black Star","FrozenCore"],"picked":"Inserter"},{"not_picked":["Coffee Dripper","Busted Crown"],"picked":"Fusion Hammer"}],"items_purged_floors":[2,19,36],"is_endless":false,"potions_floor_spawned":[1,11,12,13,24,28,29,33,37,44,46],"ascension_level":13}