{"gold_per_floor":[114,114,126,140,157,157,157,157,184,184,199,211,211,228,228,303,303,323,53,53,63,0,0,0,0,26,44,44,44,44,75,75,149,149,163,11,31,0,0,0,16,16,16,28,14,14,14,14],"floor_reached":49,"playtime":4336,"items_purged":["Strike_B","Strike_B"],"score":1143,"play_id":"6fb365e9-0068-4b63-bc0a-d9738f19dab6","local_time":"20180924155554","is_ascension_mode":true,"campfire_choices":[{"floor":6,"key":"REST"},{"data":"Gash","floor":8,"key":"SMITH"},{"floor":13,"key":"REST"},{"floor":15,"key":"REST"},{"floor":23,"key":"REST"},{"data":"Machine Learning","floor":25,"key":"SMITH"},{"floor":30,"key":"REST"},{"floor":32,"key":"REST"},{"floor":40,"key":"REST"},{"floor":42,"key":"REST"},{"floor":44,"key":"REST"}],"neow_cost":"NONE","seed_source_timestamp":785212534812643,"circlet_count":0,"master_deck":["Defend_B+1","Defend_B+1","Defend_B+1","Zap+1","Dualcast+1","AscendersBane","Go for the Eyes+1","Beam Cell","Compile Driver","FTL","Gash+1","Gash","Ball Lightning","Compile Driver","FTL","Machine Learning+1","Melter","Streamline","Finesse","Compile Driver","BootSequence","Hologram","Compile Driver","Writhe","Reinforced Body","Static Discharge+1","Buffer","Seek","Glacier+1","Force Field+1","Amplify+1","Gash","Hologram","Hologram+1","Reinforced Body","Leap+1","Compile Driver"],"relics":["Cracked Core","Dream Catcher","War Paint","Sozu","Boot","Blood Vial","Kunai","Astrolabe","Red Mask","MawBank"],"potions_floor_usage":[11,14,21],"damage_taken":[{"damage":1,"enemies":"2 Louse","floor":1,"turns":2},{"damage":4,"enemies":"Jaw Worm","floor":3,"turns":3},{"damage":1,"enemies":"Cultist","floor":4,"turns":3},{"damage":7,"enemies":"Blue Slaver","floor":5,"turns":3},{"damage":0,"enemies":"3 Louse","floor":11,"turns":1},{"damage":21,"enemies":"Large Slime","floor":12,"turns":4},{"damage":0,"enemies":"Looter","floor":14,"turns":1},{"damage":28,"enemies":"The Guardian","floor":16,"turns":8},{"damage":12,"enemies":"Chosen","floor":18,"turns":4},{"damage":20,"enemies":"2 Thieves","floor":21,"turns":3},{"damage":31,"enemies":"Snecko","floor":27,"turns":5},{"damage":27,"enemies":"Book of Stabbing","floor":31,"turns":5},{"damage":35,"enemies":"Collector","floor":33,"turns":10},{"damage":39,"enemies":"3 Shapes","floor":35,"turns":6},{"damage":2,"enemies":"Orb Walker","floor":37,"turns":4},{"damage":30,"enemies":"Transient","floor":41,"turns":6},{"damage":39,"enemies":"Awakened One","floor":48,"turns":18}],"seed_played":"3112052663983471504","potions_obtained":[{"floor":5,"key":"Explosive Potion"},{"floor":11,"key":"FairyPotion"},{"floor":12,"key":"AttackPotion"},{"floor":16,"key":"PowerPotion"}],"is_trial":false,"path_per_floor":["M","?","M","M","M","R","?","R","T","?","M","M","R","M","R","B",null,"M","$","?","M","?","R","?","R","T","M","?","$","R","E","R","B",null,"M","$","M","?","$","R","M","R","T","R","$","?","?","B"],"character_chosen":"DEFECT","items_purchased":["Streamline","Finesse","Compile Driver","Gash","Compile Driver"],"campfire_rested":9,"item_purchase_floors":[19,19,19,36,45],"current_hp_per_floor":[63,63,59,58,51,71,71,71,71,50,50,29,50,50,71,43,64,52,52,52,39,39,60,60,60,60,29,29,29,50,25,46,13,57,20,20,20,20,20,41,13,34,34,55,55,55,55,18],"gold":14,"neow_bonus":"RANDOM_COMMON_RELIC","is_prod":false,"is_daily":false,"chose_seed":false,"campfire_upgraded":2,"win_rate":0,"timestamp":1537797354,"path_taken":["M","?","M","M","M","R","?","R","T","?","M","M","R","M","R","BOSS","M","$","?","M","?","R","?","R","T","?","?","$","R","E","R","BOSS","M","$","M","?","$","R","M","R","T","R","$","?","?","BOSS"],"build_version":"2018-09-20","purchased_purges":2,"victory":true,"max_hp_per_floor":[71,71,71,71,71,71,71,71,71,71,71,71,71,71,71,71,71,71,71,71,71,71,71,71,71,71,71,71,71,71,71,71,71,71,71,71,71,71,71,71,71,71,71,71,71,71,71,71],"card_choices":[{"not_picked":["Barrage","Stack"],"picked":"Go for the Eyes","floor":1},{"not_picked":["Turbo","Force Field"],"picked":"Beam Cell","floor":3},{"not_picked":["Leap","Turbo"],"picked":"Compile Driver","floor":4},{"not_picked":["Streamline","Turbo"],"picked":"FTL","floor":5},{"not_picked":["Stack","Streamline"],"picked":"Gash","floor":6},{"not_picked":["Thunder Strike","Rebound"],"picked":"Gash","floor":11},{"not_picked":["Stack","Rebound"],"picked":"Ball Lightning","floor":12},{"not_picked":["Compile Driver","Barrage"],"picked":"Gash","floor":13},{"not_picked":["Go for the Eyes","Steam"],"picked":"Compile Driver","floor":14},{"not_picked":["Coolheaded","Rainbow"],"picked":"FTL","floor":15},{"not_picked":["Multi-Cast","Rainbow"],"picked":"Machine Learning","floor":16},{"not_picked":["White Noise","Barrage"],"picked":"Melter","floor":18},{"not_picked":["Streamline","Recycle+1"],"picked":"BootSequence","floor":21},{"not_picked":["Rebound","Turbo"],"picked":"Hologram","floor":23},{"not_picked":["Stack","Doom and Gloom+1"],"picked":"Compile Driver","floor":27},{"not_picked":["Buffer","Hologram"],"picked":"Reinforced Body","floor":30},{"not_picked":["Barrage","Tempest"],"picked":"Static Discharge+1","floor":31},{"not_picked":["Ball Lightning","Go for the Eyes"],"picked":"Buffer","floor":32},{"not_picked":["Thunder Strike","Echo Form"],"picked":"Seek","floor":33},{"not_picked":["Beam Cell","Streamline","Storm"],"picked":"SKIP","floor":35},{"not_picked":["Capacitor","Go for the Eyes"],"picked":"Hologram","floor":37},{"not_picked":["Amplify","Ball Lightning"],"picked":"Hologram+1","floor":40},{"not_picked":["Consume+1","Defragment"],"picked":"Reinforced Body","floor":41},{"not_picked":["Hologram","Go for the Eyes"],"picked":"Leap+1","floor":44}],"player_experience":620990,"relics_obtained":[{"floor":9,"key":"War Paint"},{"floor":26,"key":"Boot"},{"floor":31,"key":"Kunai"},{"floor":43,"key":"MawBank"}],"event_choices":[{"event_name":"Living Wall","player_choice":"Grow","floor":2,"damage_taken":0},{"event_name":"Accursed Blacksmith","player_choice":"Forge","floor":7,"damage_taken":0},{"event_name":"Shining Light","player_choice":"Entered Light","floor":10,"damage_taken":0},{"event_name":"Vampires","player_choice":"Ignored","floor":20,"damage_taken":0},{"event_name":"Masked Bandits","player_choice":"Paid Fearfully","floor":22,"damage_taken":0},{"event_name":"Cursed Tome","player_choice":"Ignored","floor":24,"damage_taken":0},{"event_name":"The Mausoleum","player_choice":"Yes","floor":28,"damage_taken":0},{"event_name":"Tomb of Lord Red Mask","player_choice":"Paid","floor":38,"damage_taken":0},{"event_name":"Falling","player_choice":"Removed Attack","floor":46,"damage_taken":0},{"event_name":"SecretPortal","player_choice":"Took Portal.","floor":47,"damage_taken":0}],"is_beta":false,"boss_relics":[{"not_picked":["Ectoplasm","Snecko Eye"],"picked":"Sozu"},{"not_picked":["Runic Dome","Pandora\u0027s Box"],"picked":"Astrolabe"}],"items_purged_floors":[19,36],"is_endless":false,"potions_floor_spawned":[5,11,12,16,18,27,35],"ascension_level":17}