{"gold_per_floor":[117,137,137,153,153,182,200,220,247,260,287,287,305,305,305,400,400,420,435,131,160,160],"floor_reached":22,"playtime":1424,"items_purged":["Anger"],"score":342,"play_id":"876c05f8-04fc-4a46-9f7a-d9a76842f4d3","local_time":"20190103170947","is_ascension_mode":true,"campfire_choices":[{"floor":12,"key":"REST"},{"floor":15,"key":"REST"}],"neow_cost":"NONE","seed_source_timestamp":830445628537834,"circlet_count":0,"master_deck":["AscendersBane","Strike_R","Strike_R","Strike_R","Strike_R","Strike_R","Defend_R+1","Defend_R","Defend_R","Defend_R","Bash","Rampage","Armaments","Cleave","True Grit","True Grit+1","Shrug It Off","Fiend Fire","Shockwave","Inflame","Feel No Pain"],"relics":["Burning Blood","Darkstone Periapt","Orichalcum","Ancient Tea Set","Bottled Lightning","Snecko Eye","Pen Nib","Red Mask"],"potions_floor_usage":[6,10,11,11,16,18],"damage_taken":[{"damage":4,"enemies":"Jaw Worm","floor":1,"turns":4},{"damage":4,"enemies":"Small Slimes","floor":2,"turns":3},{"damage":1,"enemies":"Cultist","floor":4,"turns":3},{"damage":28,"enemies":"Gremlin Nob","floor":6,"turns":5},{"damage":19,"enemies":"3 Louse","floor":7,"turns":3},{"damage":10,"enemies":"Blue Slaver","floor":8,"turns":4},{"damage":22,"enemies":"Exordium Wildlife","floor":10,"turns":5},{"damage":21,"enemies":"Lagavulin","floor":11,"turns":10},{"damage":3,"enemies":"Looter","floor":13,"turns":3},{"damage":38,"enemies":"The Guardian","floor":16,"turns":13},{"damage":34,"enemies":"3 Byrds","floor":18,"turns":8},{"damage":32,"enemies":"Spheric Guardian","floor":19,"turns":7},{"damage":22,"enemies":"Masked Bandits","floor":21,"turns":5},{"damage":23,"enemies":"Snake Plant","floor":22,"turns":3}],"seed_played":"326581671267055805","potions_obtained":[{"floor":1,"key":"Dexterity Potion"},{"floor":4,"key":"Ancient Potion"},{"floor":6,"key":"PowerPotion"},{"floor":10,"key":"Weak Potion"},{"floor":13,"key":"Regen Potion"},{"floor":16,"key":"Fruit Juice"}],"is_trial":false,"path_per_floor":["M","M","?","M","T","E","M","M","T","M","E","R","M","?","R","B",null,"M","M","$","?","M"],"character_chosen":"IRONCLAD","items_purchased":["Inflame","Pen Nib"],"campfire_rested":2,"item_purchase_floors":[20,20],"current_hp_per_floor":[82,84,89,93,93,71,58,54,54,38,23,50,53,34,61,44,81,58,32,32,16,0],"gold":160,"neow_bonus":"TEN_PERCENT_HP_BONUS","is_prod":false,"is_daily":false,"chose_seed":false,"campfire_upgraded":0,"win_rate":0,"timestamp":1546556987,"path_taken":["M","M","?","M","?","E","M","M","T","M","E","R","M","?","R","BOSS","M","M","$","?","M"],"build_version":"2018-12-20","purchased_purges":1,"victory":false,"max_hp_per_floor":[88,88,93,93,93,93,93,93,93,93,93,93,93,93,93,93,93,98,98,98,98,98],"card_choices":[{"not_picked":["Carnage","Twin Strike"],"picked":"Rampage","floor":1},{"not_picked":["Bloodletting","Combust"],"picked":"Armaments","floor":2},{"not_picked":["Rage","Headbutt"],"picked":"Cleave","floor":4},{"not_picked":["Dropkick","Reckless Charge","Warcry"],"picked":"SKIP","floor":6},{"not_picked":["Shockwave","Warcry"],"picked":"True Grit","floor":7},{"not_picked":["Thunderclap","Heavy Blade"],"picked":"True Grit","floor":8},{"not_picked":["Berserk","Headbutt"],"picked":"Shrug It Off","floor":10},{"not_picked":["Flex","Intimidate"],"picked":"Anger","floor":11},{"not_picked":["Rage","Intimidate","Twin Strike"],"picked":"SKIP","floor":13},{"not_picked":["Rage","Intimidate","Twin Strike"],"picked":"SKIP","floor":13},{"not_picked":["Bludgeon","Exhume"],"picked":"Fiend Fire","floor":16},{"not_picked":["Pommel Strike+1","Cleave"],"picked":"Shockwave","floor":18},{"not_picked":["Havoc","Twin Strike","Warcry"],"picked":"SKIP","floor":19},{"not_picked":["Pummel","Warcry"],"picked":"Feel No Pain","floor":21}],"player_experience":383940,"relics_obtained":[{"floor":5,"key":"Darkstone Periapt"},{"floor":6,"key":"Orichalcum"},{"floor":9,"key":"Ancient Tea Set"},{"floor":11,"key":"Bottled Lightning"},{"floor":21,"key":"Red Mask"}],"event_choices":[{"damage_healed":0,"gold_gain":0,"player_choice":"Donut","damage_taken":0,"max_hp_gain":5,"max_hp_loss":0,"event_name":"Big Fish","floor":3,"gold_loss":0},{"damage_healed":0,"gold_gain":0,"player_choice":"Entered Light","damage_taken":19,"max_hp_gain":0,"max_hp_loss":0,"event_name":"Shining Light","floor":14,"gold_loss":0,"cards_upgraded":["Defend_R","True Grit"]},{"damage_healed":0,"gold_gain":0,"player_choice":"Fought Bandits","damage_taken":0,"max_hp_gain":0,"max_hp_loss":0,"event_name":"Masked Bandits","floor":21,"gold_loss":0}],"is_beta":false,"boss_relics":[{"not_picked":["Astrolabe","Empty Cage"],"picked":"Snecko Eye"}],"items_purged_floors":[20],"is_endless":false,"potions_floor_spawned":[1,4,6,10,13,16],"killed_by":"Snake Plant","ascension_level":12}