{"gold_per_floor":[368,386,336,261,276,303,315,315,315,342,342,342,342,342,342,440,440,454,454,414,364,48,48],"floor_reached":23,"playtime":786,"items_purged":["Strike_R"],"score":266,"play_id":"a68c01f0-7a9e-491c-97c5-da1f09f80ccd","local_time":"20180820180830","is_ascension_mode":true,"campfire_choices":[{"floor":8,"key":"REST"},{"floor":12,"key":"REST"},{"data":"Bash","floor":15,"key":"SMITH"}],"neow_cost":"CURSE","seed_source_timestamp":513814165148313,"circlet_count":0,"master_deck":["Strike_R+1","Strike_R+1","Strike_R+1","Defend_R+1","Defend_R+1","Defend_R+1","Defend_R+1","Bash+1","Cleave","Seeing Red","Clothesline","Flex","Shrug It Off","Brutality+1","Pommel Strike+1","Blind","Uppercut"],"relics":["Burning Blood","StoneCalendar","Torii","Frozen Egg 2","Red Skull","Busted Crown","Oddly Smooth Stone"],"potions_floor_usage":[7,13,16,23],"damage_taken":[{"damage":5,"enemies":"2 Louse","floor":1,"turns":4},{"damage":6,"enemies":"Cultist","floor":2,"turns":4},{"damage":8,"enemies":"Jaw Worm","floor":5,"turns":4},{"damage":35,"enemies":"3 Sentries","floor":6,"turns":9},{"damage":7,"enemies":"Gremlin Gang","floor":7,"turns":2},{"damage":29,"enemies":"Gremlin Nob","floor":10,"turns":4},{"damage":0,"enemies":"Large Slime","floor":13,"turns":1},{"damage":51,"enemies":"Slime Boss","floor":16,"turns":8},{"damage":21,"enemies":"2 Thieves","floor":18,"turns":4},{"damage":49,"enemies":"Slavers","floor":23,"turns":4}],"seed_played":"5241831956864916522","potions_obtained":[{"floor":1,"key":"AttackPotion"},{"floor":7,"key":"FearPotion"},{"floor":10,"key":"SmokeBomb"},{"floor":18,"key":"FearPotion"},{"floor":20,"key":"LiquidBronze"},{"floor":20,"key":"EssenceOfSteel"}],"is_trial":false,"path_per_floor":["M","M","?","$","M","E","M","R","T","E","?","R","M","?","R","B",null,"M","?","?","?","$"],"character_chosen":"IRONCLAD","items_purchased":["Blind","Oddly Smooth Stone","Uppercut"],"campfire_rested":2,"item_purchase_floors":[22,22,22],"current_hp_per_floor":[73,73,73,73,71,42,41,64,64,41,41,64,70,70,70,25,64,49,49,49,49,49,0],"gold":48,"neow_bonus":"TWO_FIFTY_GOLD","is_prod":false,"is_daily":false,"chose_seed":false,"campfire_upgraded":1,"win_rate":0,"timestamp":1534813710,"path_taken":["M","M","?","$","M","E","M","R","T","E","?","R","M","?","R","BOSS","M","?","?","?","$","E"],"build_version":"2018-08-16","purchased_purges":1,"victory":false,"max_hp_per_floor":[80,80,77,77,77,77,77,77,77,77,77,77,77,77,77,77,77,77,77,77,77,77,77],"card_choices":[{"not_picked":["Warcry","Carnage"],"picked":"Cleave","floor":1},{"not_picked":["Sword Boomerang","Havoc"],"picked":"Seeing Red","floor":2},{"not_picked":["Body Slam","Carnage"],"picked":"Clothesline","floor":5},{"not_picked":["Searing Blow","Whirlwind","Corruption"],"picked":"SKIP","floor":6},{"not_picked":["Rupture","Corruption"],"picked":"Flex","floor":7},{"not_picked":["Thunderclap","Perfected Strike"],"picked":"Shrug It Off","floor":10},{"not_picked":["Demon Form+1","Immolate"],"picked":"Brutality+1","floor":16},{"not_picked":[],"picked":"Pommel Strike+1","floor":18}],"player_experience":426589,"relics_obtained":[{"floor":6,"key":"StoneCalendar"},{"floor":9,"key":"Torii"},{"floor":10,"key":"Frozen Egg 2"}],"event_choices":[{"event_name":"The Cleric","player_choice":"Card Removal","floor":3,"damage_taken":0},{"event_name":"Accursed Blacksmith","player_choice":"Rummage","floor":11,"damage_taken":0},{"event_name":"Wheel of Change","player_choice":"Card Removal","floor":14,"damage_taken":0},{"event_name":"Back to Basics","player_choice":"Simplicity","floor":19,"damage_taken":0},{"event_name":"The Woman in Blue","player_choice":"Bought 3 Potions","floor":20,"damage_taken":0},{"event_name":"The Joust","player_choice":"Bet on Murderer","floor":21,"damage_taken":0}],"is_beta":false,"boss_relics":[{"not_picked":["Pandora\u0027s Box","Tiny House"],"picked":"Busted Crown"}],"items_purged_floors":[4],"is_endless":false,"potions_floor_spawned":[1,7,10,13,18],"killed_by":"Slavers","ascension_level":7}