{"gold_per_floor":[114,114,129,129,129,159,174,204,229,229,244,274,274,289,289,389,389,404,404,204,219,134,164,164,194,244,244,244,259,267,282,282,382,382,397,239,254,179,194,224,265,265,265,265,295,395,425,455,455,455],"floor_reached":51,"playtime":2882,"items_purged":["Dagger Spray"],"score":1019,"play_id":"907a9c44-a4c9-48bf-a995-dfb72ac8f814","local_time":"20181101183941","daily_mods":["SealedDeck","Flight","Lethality"],"is_ascension_mode":false,"campfire_choices":[{"data":"Sucker Punch","floor":10,"key":"SMITH"},{"data":"Blade Dance","floor":13,"key":"SMITH"},{"data":"Infinite Blades","floor":15,"key":"SMITH"},{"data":"A Thousand Cuts","floor":24,"key":"SMITH"},{"data":"Burst","floor":27,"key":"SMITH"},{"data":"Cloak And Dagger","floor":32,"key":"SMITH"},{"floor":42,"key":"REST"},{"data":"After Image","floor":44,"key":"SMITH"},{"data":"Accuracy","floor":49,"key":"SMITH"}],"neow_cost":"","seed_source_timestamp":0,"circlet_count":0,"master_deck":["Sucker Punch+1","Finisher","Blur+1","Deflect","Backflip","Blade Dance+1","Blade Dance+1","Dagger Spray","Backstab","Backflip+1","Blade Dance+1","A Thousand Cuts+1","Backflip+1","Cloak And Dagger+1","Burst+1","Cloak And Dagger","A Thousand Cuts","After Image+1","Accuracy+1","Malaise","Parasite"],"special_seed":17837,"relics":["Ring of the Snake","Singing Bowl","Paper Crane","Potion Belt","Sundial","Cursed Key","Lee\u0027s Waffle","Snake Skull","Bottled Tornado","Tough Bandages","Dream Catcher","Red Mask","Empty Cage","Anchor","FossilizedHelix","Mercury Hourglass","Pantograph","Tingsha","Bird Faced Urn","War Paint"],"potions_floor_usage":[3,18,50,50,50,50,50],"damage_taken":[{"damage":0,"enemies":"2 Louse","floor":1,"turns":1},{"damage":0,"enemies":"Jaw Worm","floor":3,"turns":1},{"damage":0,"enemies":"Lagavulin","floor":6,"turns":1},{"damage":0,"enemies":"Cultist","floor":7,"turns":1},{"damage":0,"enemies":"3 Sentries","floor":8,"turns":3},{"damage":0,"enemies":"Lots of Slimes","floor":11,"turns":1},{"damage":0,"enemies":"Gremlin Nob","floor":12,"turns":2},{"damage":0,"enemies":"3 Louse","floor":14,"turns":1},{"damage":16,"enemies":"Hexaghost","floor":16,"turns":5},{"damage":0,"enemies":"2 Thieves","floor":18,"turns":1},{"damage":0,"enemies":"3 Byrds","floor":21,"turns":2},{"damage":0,"enemies":"Gremlin Leader","floor":23,"turns":3},{"damage":5,"enemies":"Book of Stabbing","floor":25,"turns":3},{"damage":13,"enemies":"Shelled Parasite and Fungi","floor":29,"turns":3},{"damage":0,"enemies":"Masked Bandits","floor":30,"turns":2},{"damage":0,"enemies":"Snecko","floor":31,"turns":2},{"damage":14,"enemies":"Champ","floor":33,"turns":5},{"damage":1,"enemies":"Orb Walker","floor":35,"turns":2},{"damage":0,"enemies":"3 Shapes","floor":37,"turns":2},{"damage":3,"enemies":"Sphere and 2 Shapes","floor":39,"turns":2},{"damage":9,"enemies":"Nemesis","floor":40,"turns":3},{"damage":34,"enemies":"2 Orb Walkers","floor":41,"turns":3},{"damage":0,"enemies":"Giant Head","floor":45,"turns":5},{"damage":0,"enemies":"Mind Bloom Boss Battle","floor":46,"turns":4},{"damage":0,"enemies":"Reptomancer","floor":47,"turns":2},{"damage":0,"enemies":"Giant Head","floor":48,"turns":5},{"damage":26,"enemies":"Time Eater","floor":50,"turns":8}],"seed_played":"-6540096800640784622","potions_obtained":[{"floor":1,"key":"Explosive Potion"},{"floor":3,"key":"LiquidBronze"},{"floor":8,"key":"FearPotion"},{"floor":11,"key":"LiquidBronze"},{"floor":14,"key":"Explosive Potion"},{"floor":18,"key":"SpeedPotion"},{"floor":25,"key":"SpeedPotion"},{"floor":33,"key":"Explosive Potion"},{"floor":37,"key":"SkillPotion"},{"floor":40,"key":"LiquidBronze"}],"is_trial":false,"path_per_floor":["M","?","M","?","?","E","M","E","T","R","M","E","R","M","R","B",null,"M","?","$","M","?","E","R","E","T","R","?","M","?","M","R","B",null,"M","$","M","$","M","E","?","R","T","R","E","?","E","E","R","B"],"character_chosen":"THE_SILENT","items_purchased":["Lee\u0027s Waffle","After Image"],"campfire_rested":1,"item_purchase_floors":[20,36],"current_hp_per_floor":[70,63,63,49,49,51,53,53,53,53,53,53,53,55,55,39,76,78,71,85,85,85,85,85,80,80,80,80,69,71,71,71,57,86,87,87,89,89,88,79,47,75,75,75,77,98,100,102,102,76],"gold":455,"neow_bonus":"","is_prod":false,"is_daily":true,"chose_seed":false,"campfire_upgraded":8,"win_rate":0,"timestamp":1541122781,"path_taken":["M","?","M","?","?","E","M","E","T","R","M","E","R","M","R","BOSS","M","?","$","M","?","E","R","E","T","R","?","M","?","M","R","BOSS","M","$","M","$","?","E","?","R","T","R","E","?","E","E","R","BOSS"],"build_version":"2018-10-25v2","purchased_purges":1,"victory":true,"max_hp_per_floor":[70,70,70,70,70,72,74,74,74,74,74,74,74,76,76,76,76,78,78,85,85,85,85,85,85,85,85,85,87,89,89,89,89,86,88,88,90,90,92,92,94,94,94,94,96,98,100,102,102,102],"card_choices":[{"not_picked":["Bouncing Flask","Outmaneuver","Poisoned Stab"],"picked":"SKIP","floor":1},{"not_picked":["Quick Slash","Flying Knee"],"picked":"Backstab","floor":3},{"not_picked":["Dagger Throw","Well Laid Plans","Catalyst"],"picked":"Singing Bowl","floor":6},{"not_picked":["Poisoned Stab","Well Laid Plans","Prepared"],"picked":"Singing Bowl","floor":7},{"not_picked":["Underhanded Strike","Prepared"],"picked":"Backflip","floor":8},{"not_picked":["Crippling Poison","Deflect"],"picked":"Blade Dance","floor":11},{"not_picked":["Leg Sweep","Backstab"],"picked":"Dagger Spray","floor":12},{"not_picked":["Quick Slash","Sucker Punch","Storm of Steel"],"picked":"Singing Bowl","floor":14},{"not_picked":["Phantasmal Killer","Malaise"],"picked":"A Thousand Cuts","floor":16},{"not_picked":["Dagger Spray","Dash","Leg Sweep"],"picked":"Singing Bowl","floor":18},{"not_picked":["Deflect+1","Poisoned Stab"],"picked":"Backflip","floor":21},{"not_picked":["Deadly Poison","Backflip"],"picked":"Cloak And Dagger","floor":23},{"not_picked":["Acrobatics","Crippling Poison+1"],"picked":"Burst","floor":25},{"not_picked":["Poisoned Stab+1","Dagger Spray","Backstab"],"picked":"Singing Bowl","floor":29},{"not_picked":["Quick Slash+1","Choke","Deflect+1"],"picked":"Singing Bowl","floor":30},{"not_picked":["Bane+1","Deadly Poison+1"],"picked":"Cloak And Dagger","floor":31},{"not_picked":["Grand Finale","Glass Knife"],"picked":"A Thousand Cuts","floor":33},{"not_picked":["Deadly Poison","Calculated Gamble","Noxious Fumes+1"],"picked":"Singing Bowl","floor":35},{"not_picked":["Sucker Punch+1","Prepared+1","Outmaneuver+1"],"picked":"Singing Bowl","floor":37},{"not_picked":["Deflect+1","Dagger Spray","Infinite Blades+1"],"picked":"Singing Bowl","floor":39},{"not_picked":["Dagger Throw+1","Prepared"],"picked":"Accuracy","floor":40},{"not_picked":["Endless Agony","Dagger Spray","Backstab"],"picked":"Singing Bowl","floor":41},{"not_picked":["Reflex+1","Blade Dance"],"picked":"Malaise","floor":42},{"not_picked":["Distraction+1","Outmaneuver+1","Concentrate"],"picked":"Singing Bowl","floor":45},{"not_picked":["Heel Hook","Outmaneuver","Reflex+1"],"picked":"Singing Bowl","floor":46},{"not_picked":["Bane","Malaise","Flying Knee+1"],"picked":"Singing Bowl","floor":47},{"not_picked":["Underhanded Strike+1","Riddle With Holes+1","Quick Slash"],"picked":"Singing Bowl","floor":48}],"player_experience":529500,"relics_obtained":[{"floor":6,"key":"Singing Bowl"},{"floor":8,"key":"Paper Crane"},{"floor":9,"key":"Potion Belt"},{"floor":12,"key":"Sundial"},{"floor":23,"key":"Bottled Tornado"},{"floor":25,"key":"Tough Bandages"},{"floor":26,"key":"Dream Catcher"},{"floor":30,"key":"Red Mask"},{"floor":40,"key":"Anchor"},{"floor":41,"key":"FossilizedHelix"},{"floor":43,"key":"Mercury Hourglass"},{"floor":45,"key":"Pantograph"},{"floor":46,"key":"Tingsha"},{"floor":47,"key":"Bird Faced Urn"},{"floor":48,"key":"War Paint"}],"event_choices":[{"cards_removed":["PiercingWail"],"damage_healed":0,"gold_gain":0,"player_choice":"Card Removal","damage_taken":7,"max_hp_gain":0,"max_hp_loss":0,"event_name":"Golden Wing","floor":2,"gold_loss":0},{"damage_healed":0,"gold_gain":0,"player_choice":"Entered Light","damage_taken":14,"max_hp_gain":0,"max_hp_loss":0,"event_name":"Shining Light","floor":4,"gold_loss":0,"cards_upgraded":["Blade Dance","Blur"]},{"damage_healed":0,"gold_gain":0,"player_choice":"Grow","damage_taken":0,"max_hp_gain":0,"max_hp_loss":0,"event_name":"Living Wall","floor":5,"gold_loss":0,"cards_upgraded":["Blade Dance"]},{"damage_healed":0,"gold_gain":0,"player_choice":"","damage_taken":7,"max_hp_gain":0,"max_hp_loss":0,"event_name":"Knowing Skull","floor":19,"potions_obtained":[],"gold_loss":0,"cards_obtained":[]},{"damage_healed":0,"gold_gain":0,"player_choice":"Obtained Relic","damage_taken":0,"relics_obtained":["Snake Skull"],"max_hp_gain":0,"max_hp_loss":0,"event_name":"Addict","floor":22,"gold_loss":85},{"damage_healed":0,"gold_gain":0,"player_choice":"Ignored","damage_taken":0,"max_hp_gain":0,"max_hp_loss":0,"event_name":"Transmorgrifier","floor":28,"gold_loss":0},{"damage_healed":0,"gold_gain":0,"player_choice":"Fought Bandits","damage_taken":0,"max_hp_gain":0,"max_hp_loss":0,"event_name":"Masked Bandits","floor":30,"gold_loss":0},{"damage_healed":0,"gold_gain":0,"player_choice":"Fight","damage_taken":0,"max_hp_gain":0,"max_hp_loss":0,"event_name":"Mysterious Sphere","floor":41,"gold_loss":0},{"damage_healed":0,"gold_gain":0,"player_choice":"Fight","damage_taken":0,"max_hp_gain":0,"max_hp_loss":0,"event_name":"MindBloom","floor":46,"gold_loss":0}],"is_beta":false,"boss_relics":[{"not_picked":["Runic Dome","Black Star"],"picked":"Cursed Key"},{"not_picked":["HoveringKite","Calling Bell"],"picked":"Empty Cage"}],"items_purged_floors":[38],"is_endless":false,"potions_floor_spawned":[1,3,8,11,14,18,25,33,37,39,40,41,48],"ascension_level":0}