{"path_per_floor":["M","M","?","M","M","R","E","R","T","R","$","M","M","M","R","B",null,"M","?","M","M","?","$","M","M","T","R","M","M","R","M","R","B",null,"M","$","?","M","?","R","M","M","T","?","E","$","$","M","R"],"character_chosen":"THE_SILENT","items_purchased":["Poison Potion","Block Potion","Sadistic Nature","Deadly Poison","Lantern"],"gold_per_floor":[110,128,128,138,149,149,179,179,179,179,80,95,111,130,130,229,259,270,270,282,299,299,6,25,42,42,42,61,79,79,99,99,201,201,219,124,124,142,142,142,158,177,177,177,203,2,2,12,12,12],"floor_reached":50,"campfire_rested":6,"playtime":2486,"current_hp_per_floor":[62,57,57,55,49,49,39,39,39,60,60,47,45,43,64,53,71,61,61,61,24,24,24,17,13,13,35,32,42,64,53,75,13,60,60,60,60,42,42,42,25,25,25,66,38,38,38,28,47,0],"items_purged":["Decay","Strike_G","Strike_G","Strike_G"],"gold":12,"score":707,"play_id":"1b4ad171-c56c-48b0-8d1b-bc2007223f2e","local_time":"20180405162301","is_prod":false,"is_daily":false,"is_ascension_mode":true,"campfire_upgraded":3,"timestamp":1522938181,"path_taken":["M","M","?","?","M","R","E","R","T","R","$","M","?","?","R","BOSS","M","?","M","M","?","$","M","M","T","R","M","?","R","M","R","BOSS","M","$","?","?","?","R","M","M","T","?","E","?","$","M","R","BOSS"],"build_version":"2018-03-29v2","purchased_purges":6,"victory":false,"master_deck":["Defend_G+1","Defend_G+1","Defend_G+1","Defend_G+1","Defend_G+1","Strike_G+1","Survivor","Neutralize+1","Outmaneuver","Deadly Poison+1","Flying Knee","Crippling Poison+1","PiercingWail","Backstab","Malaise","Corpse Explosion+1","Leg Sweep","Burst","Noxious Fumes","Sadistic Nature","Poisoned Stab+1","Deadly Poison+1","Acrobatics+1","Adrenaline+1","Dodge and Roll+1","Venomology+1","Catalyst+1","Deadly Poison+1","Crippling Poison+1","Sadistic Nature","Malaise+1","Parasite","Backflip+1","Calculated Gamble+1","Bane"],"max_hp_per_floor":[70,70,70,70,70,70,70,70,70,70,70,70,70,70,70,70,75,75,75,75,75,75,75,75,75,75,75,75,75,75,75,75,75,75,75,75,75,75,75,75,75,75,75,66,66,66,66,66,66,66],"relics":["Ring of the Snake","Smiling Mask","Prayer Wheel","Tiny House","Toxic Egg 2","Sundial","Cursed Key","Calipers","Kunai","Lantern"],"card_choices":[{"not_picked":["Flechettes","Prepared"],"picked":"Outmaneuver","floor":1},{"not_picked":["Setup","Concentrate"],"picked":"Deadly Poison","floor":2},{"not_picked":["Finisher","Expertise"],"picked":"Flying Knee","floor":4},{"not_picked":["Backflip","Choke"],"picked":"Crippling Poison","floor":7},{"not_picked":["Venomology","Dodge and Roll"],"picked":"PiercingWail","floor":12},{"not_picked":["Quick Slash","Flying Knee"],"picked":"Backstab","floor":13},{"not_picked":["Poisoned Stab","Quick Slash"],"picked":"Malaise","floor":14},{"not_picked":["Venomology","After Image"],"picked":"Corpse Explosion","floor":16},{"not_picked":["Bane","Flying Knee"],"picked":"Leg Sweep","floor":17},{"not_picked":["Deadly Poison","Outmaneuver"],"picked":"Burst","floor":18},{"not_picked":["Deflect","Distraction"],"picked":"Noxious Fumes","floor":20},{"not_picked":["All Out Attack","Footwork"],"picked":"Poisoned Stab","floor":24},{"not_picked":["Well Laid Plans","After Image"],"picked":"Deadly Poison","floor":25},{"not_picked":["Prepared","Sucker Punch"],"picked":"Acrobatics","floor":28},{"not_picked":["Flying Knee","Predator"],"picked":"Adrenaline","floor":29},{"not_picked":["Predator","Underhanded Strike"],"picked":"Dodge and Roll","floor":31},{"not_picked":["After Image","Tools of the Trade"],"picked":"Venomology","floor":33},{"not_picked":["Accuracy","Choke"],"picked":"Catalyst","floor":35},{"not_picked":["Acrobatics","Slice"],"picked":"Crippling Poison","floor":38},{"not_picked":["Jack Of All Trades","Deep Breath"],"picked":"Sadistic Nature","floor":39},{"not_picked":["Dagger Throw","Leg Sweep"],"picked":"Malaise","floor":41},{"not_picked":["PiercingWail","Endless Agony"],"picked":"Backflip","floor":43},{"not_picked":["Dagger Throw","Prepared"],"picked":"Calculated Gamble","floor":45},{"not_picked":["All Out Attack","Footwork"],"picked":"Bane","floor":48}],"player_experience":242742,"potions_floor_usage":[7,16,24,29,31,31,33,38,41,45,45,48,50,50,50,50],"damage_taken":[{"damage":1,"enemies":"Small Slimes","floor":1,"turns":4},{"damage":5,"enemies":"Cultist","floor":2,"turns":5},{"damage":2,"enemies":"2 Louse","floor":4,"turns":4},{"damage":6,"enemies":"Blue Slaver","floor":5,"turns":4},{"damage":10,"enemies":"Gremlin Nob","floor":7,"turns":4},{"damage":13,"enemies":"Exordium Wildlife","floor":12,"turns":5},{"damage":2,"enemies":"Red Slaver","floor":13,"turns":4},{"damage":2,"enemies":"2 Fungi Beasts","floor":14,"turns":4},{"damage":11,"enemies":"The Guardian","floor":16,"turns":9},{"damage":10,"enemies":"Shell Parasite","floor":18,"turns":6},{"damage":0,"enemies":"Spheric Guardian","floor":20,"turns":3},{"damage":37,"enemies":"Centurion and Healer","floor":21,"turns":10},{"damage":7,"enemies":"Snecko","floor":24,"turns":6},{"damage":4,"enemies":"Snake Plant","floor":25,"turns":7},{"damage":3,"enemies":"Cultist and Chosen","floor":28,"turns":9},{"damage":5,"enemies":"Centurion and Healer","floor":29,"turns":6},{"damage":11,"enemies":"Snecko","floor":31,"turns":5},{"damage":62,"enemies":"Collector","floor":33,"turns":9},{"damage":0,"enemies":"3 Shapes","floor":35,"turns":4},{"damage":18,"enemies":"3 Darklings","floor":38,"turns":4},{"damage":17,"enemies":"Sphere and 2 Shapes","floor":41,"turns":5},{"damage":0,"enemies":"4 Shapes","floor":42,"turns":1},{"damage":28,"enemies":"Giant Head","floor":45,"turns":7},{"damage":10,"enemies":"3 Darklings","floor":48,"turns":5},{"damage":63,"enemies":"Donu and Deca","floor":50,"turns":9}],"event_choices":[{"event_name":"Wheel of Change","player_choice":"Curse","floor":3,"damage_taken":0},{"event_name":"Back to Basics","player_choice":"Simplicity","floor":19,"damage_taken":0},{"event_name":"Wheel of Change","player_choice":"Relic","floor":22,"damage_taken":0},{"event_name":"SensoryStone","player_choice":"Memory 1","floor":39,"damage_taken":0},{"event_name":"The Moai Head","player_choice":"Heal","floor":44,"damage_taken":0}],"boss_relics":[{"not_picked":["Lizard Tail","Snecko Eye"],"picked":"Tiny House"},{"not_picked":["Calling Bell","Runic Pyramid"],"picked":"Cursed Key"}],"potions_floor_spawned":[1,12,14,20,24,31,33,35,41,45],"seed_played":"5615558752032188087","killed_by":"Donu and Deca","ascension_level":7,"is_trial":false}