{"gold_per_floor":[14,14,33,43,60,60,94,111,111,111,161,161,175,185,185,259,259,272,272,272],"floor_reached":20,"playtime":1079,"items_purged":[],"score":334,"play_id":"6fa2d29b-c7d0-4025-8d74-62b9e77d0a0f","local_time":"20181108171157","is_ascension_mode":true,"campfire_choices":[{"data":"Uppercut","floor":6.0,"key":"SMITH"},{"data":"Strike_R","floor":10.0,"key":"PURGE"},{"data":"Defend_R","floor":12.0,"key":"PURGE"},{"data":"Strike_R","floor":15.0,"key":"PURGE"}],"neow_cost":"NO_GOLD","seed_source_timestamp":0,"circlet_count":0,"master_deck":["AscendersBane","Strike_R","Strike_R","Strike_R","Defend_R","Defend_R","Defend_R","Bash","Clothesline","Iron Wave","Uppercut+1","Shrug It Off","Infernal Blade","Headbutt","Demon Form","Flame Barrier","Demon Form"],"special_seed":0,"relics":["Burning Blood","Peace Pipe","Blood Vial","Ornamental Fan","Runic Dome"],"potions_floor_usage":[],"damage_taken":[{"damage":4.0,"enemies":"2 Louse","floor":1.0,"turns":4.0},{"damage":6.0,"enemies":"Small Slimes","floor":3.0,"turns":4.0},{"damage":2.0,"enemies":"Cultist","floor":4.0,"turns":4.0},{"damage":9.0,"enemies":"Looter","floor":5.0,"turns":4.0},{"damage":60.0,"enemies":"Lagavulin","floor":7.0,"turns":11.0},{"damage":6.0,"enemies":"Red Slaver","floor":8.0,"turns":3.0},{"damage":8.0,"enemies":"Exordium Wildlife","floor":13.0,"turns":5.0},{"damage":3.0,"enemies":"Looter","floor":14.0,"turns":2.0},{"damage":28.0,"enemies":"Slime Boss","floor":16.0,"turns":10.0},{"damage":16,"enemies":"Spheric Guardian","floor":18,"turns":5},{"damage":21,"enemies":"3 Byrds","floor":20,"turns":2}],"seed_played":"-5835998899569082367","potions_obtained":[{"floor":3.0,"key":"Energy Potion"},{"floor":4.0,"key":"Strength Potion"},{"floor":5.0,"key":"Swift Potion"},{"floor":16.0,"key":"Poison Potion"}],"is_trial":false,"path_per_floor":["M","?","M","M","M","R","E","M","T","R","?","R","M","M","R","B",null,"M","?","M"],"character_chosen":"IRONCLAD","items_purchased":[],"campfire_rested":0,"item_purchase_floors":[],"current_hp_per_floor":[70,75,75,79,76,76,22,24,24,24,24,24,24,29,29,9,62,54,54,35],"gold":272,"neow_bonus":"ONE_RARE_RELIC","is_prod":false,"is_daily":false,"chose_seed":false,"campfire_upgraded":1,"win_rate":0,"timestamp":1541693517,"path_taken":["M","?","M","M","M","R","E","M","T","R","?","R","M","?","R","BOSS","M","?","?"],"build_version":"2018-11-07","purchased_purges":0,"victory":false,"max_hp_per_floor":[75,80,80,80,80,80,80,80,80,80,80,80,80,80,80,80,80,80,80,80],"card_choices":[{"not_picked":["Heavy Blade","Battle Trance"],"picked":"Clothesline","floor":1.0},{"not_picked":["Fire Breathing","Heavy Blade"],"picked":"Iron Wave","floor":3.0},{"not_picked":["Sentinel","Havoc"],"picked":"Uppercut","floor":4.0},{"not_picked":["Anger","Intimidate"],"picked":"Shrug It Off","floor":5.0},{"not_picked":["Sword Boomerang","Thunderclap","Power Through"],"picked":"SKIP","floor":7.0},{"not_picked":["Heavy Blade","Dual Wield"],"picked":"Infernal Blade","floor":8.0},{"not_picked":["Fire Breathing","Clash","Seeing Red"],"picked":"SKIP","floor":13.0},{"not_picked":["Combust","Intimidate"],"picked":"Headbutt","floor":14.0},{"not_picked":["Juggernaut","Limit Break"],"picked":"Demon Form","floor":16.0},{"not_picked":["Shrug It Off","Clash"],"picked":"Flame Barrier","floor":18}],"player_experience":343170,"relics_obtained":[{"floor":7.0,"key":"Blood Vial"},{"floor":9.0,"key":"Ornamental Fan"}],"event_choices":[{"damage_healed":0.0,"max_hp_gain":5.0,"max_hp_loss":0.0,"gold_gain":0.0,"event_name":"Big Fish","player_choice":"Donut","floor":2.0,"gold_loss":0.0,"damage_taken":0.0},{"damage_healed":0.0,"max_hp_gain":0.0,"max_hp_loss":0.0,"gold_gain":50.0,"event_name":"Golden Shrine","player_choice":"Pray","floor":11.0,"gold_loss":0.0,"damage_taken":0.0},{"damage_healed":0,"gold_gain":0,"player_choice":"Copied","damage_taken":0,"max_hp_gain":0,"max_hp_loss":0,"event_name":"Duplicator","floor":19,"gold_loss":0,"cards_obtained":["Demon Form"]}],"is_beta":true,"boss_relics":[{"not_picked":["Eternal Feather","Fusion Hammer"],"picked":"Runic Dome"}],"items_purged_floors":[],"is_endless":false,"potions_floor_spawned":[3,4,5,13,14,16,18],"killed_by":"3 Byrds","ascension_level":18}