{"gold_per_floor":[119,119,133,151,41,41,71,146,146,146,79,79,79,108,108,208,208,225,238,156,183,200,200,212,244,295,295,305,305,305,219,219,320,320,332,346,399,415,167,167,167,167],"floor_reached":42,"playtime":2880,"items_purged":[],"score":422,"play_id":"841fa5e5-15a8-498a-bb09-cb3542e5edde","local_time":"20190326200132","is_ascension_mode":false,"campfire_choices":[{"data":"Hello World","floor":6.0,"key":"SMITH"},{"data":"Dualcast","floor":10.0,"key":"SMITH"},{"floor":15.0,"key":"REST"},{"floor":23.0,"key":"REST"},{"data":"Capacitor","floor":27.0,"key":"SMITH"},{"floor":32.0,"key":"REST"},{"data":"Auto Shields","floor":41,"key":"SMITH"}],"neow_cost":"NONE","seed_source_timestamp":27346270404000,"circlet_count":0,"master_deck":["Strike_B+1","Strike_B","Strike_B","Strike_B","Defend_B","Defend_B","Defend_B","Defend_B","Zap","Dualcast+1","Storm+1","Storm","Ball Lightning+1","Hello World+1","Chaos","Rebound","Hello World","Chill","Electrodynamics+1","Lockon","Sweeping Beam+1","Capacitor+1","Stack","Chaos","Leap","Hologram","Leap+1","Auto Shields+1","Redo","Amplify","Coolheaded+1","Compile Driver+1","Glacier+1","Conserve Battery"],"special_seed":0,"relics":["White Beast Statue","Incense Burner","Pocketwatch","Matryoshka","Whetstone","Ginger","Bottled Tornado","Lizard Tail","Red Mask","Happy Flower","Orichalcum","Omamori","MutagenicStrength","Busted Crown","Ice Cream","Pantograph"],"potions_floor_usage":[38,42],"damage_taken":[{"damage":1.0,"enemies":"Cultist","floor":1.0,"turns":4.0},{"damage":6.0,"enemies":"Jaw Worm","floor":3.0,"turns":6.0},{"damage":0.0,"enemies":"Small Slimes","floor":4.0,"turns":3.0},{"damage":20.0,"enemies":"Gremlin Nob","floor":7.0,"turns":4.0},{"damage":21.0,"enemies":"Lagavulin","floor":14.0,"turns":4.0},{"damage":20.0,"enemies":"The Guardian","floor":16.0,"turns":11.0},{"damage":10.0,"enemies":"Chosen","floor":18.0,"turns":3.0},{"damage":18.0,"enemies":"Shell Parasite","floor":19.0,"turns":6.0},{"damage":10.0,"enemies":"Masked Bandits","floor":21.0,"turns":2.0},{"damage":29.0,"enemies":"3 Cultists","floor":22.0,"turns":4.0},{"damage":6.0,"enemies":"Chosen and Byrds","floor":24.0,"turns":3.0},{"damage":28.0,"enemies":"Book of Stabbing","floor":25.0,"turns":5.0},{"damage":0.0,"enemies":"Cultist and Chosen","floor":28.0,"turns":5.0},{"damage":49.0,"enemies":"Collector","floor":33.0,"turns":9.0},{"damage":15,"enemies":"3 Darklings","floor":35,"turns":2},{"damage":4,"enemies":"Orb Walker","floor":36,"turns":3},{"damage":28,"enemies":"2 Orb Walkers","floor":37,"turns":3},{"damage":14,"enemies":"Maw","floor":38,"turns":7},{"damage":14,"enemies":"3 Darklings","floor":42,"turns":4}],"seed_played":"3071844466037500176","potions_obtained":[{"floor":1.0,"key":"GamblersBrew"},{"floor":3.0,"key":"FearPotion"},{"floor":4.0,"key":"Regen Potion"},{"floor":7.0,"key":"Ancient Potion"},{"floor":16.0,"key":"AttackPotion"},{"floor":18.0,"key":"Swift Potion"},{"floor":24.0,"key":"Fire Potion"},{"floor":28.0,"key":"FocusPotion"},{"floor":33.0,"key":"SteroidPotion"},{"floor":35,"key":"Fire Potion"},{"floor":36,"key":"FearPotion"},{"floor":37,"key":"PowerPotion"},{"floor":38,"key":"Poison Potion"}],"is_trial":false,"path_per_floor":["M","?","M","M","$","R","E","?","T","R","$","?","T","E","R","B",null,"M","M","$","?","M","R","M","E","T","R","M","?","?","$","R","B",null,"M","M","?","M","$","?","R","M"],"character_chosen":"DEFECT","items_purchased":["Hello World","Chaos","Hello World","Capacitor","Auto Shields","Redo","Pantograph"],"campfire_rested":3,"item_purchase_floors":[5,5,11,20,31,31,39],"current_hp_per_floor":[74,74,68,68,68,68,48,37,37,37,37,34,34,13,35,29,75,65,47,47,37,8,30,24,37,37,37,37,37,30,30,52,3,75,60,56,28,14,14,14,14,0],"gold":167,"neow_bonus":"BOSS_RELIC","is_prod":false,"is_daily":false,"chose_seed":false,"campfire_upgraded":4,"win_rate":0.0,"timestamp":1553644892,"path_taken":["M","?","M","?","?","R","E","?","T","R","$","?","?","E","R","BOSS","M","M","$","?","M","R","M","E","T","R","M","?","?","$","R","BOSS","M","?","?","M","$","?","R","?"],"build_version":"2019-01-23","purchased_purges":0,"victory":false,"max_hp_per_floor":[75,75,75,75,75,75,75,75,75,75,75,75,75,75,75,75,75,75,75,75,75,75,75,75,75,75,75,75,75,75,75,75,75,75,75,75,75,75,75,75,75,75],"card_choices":[{"not_picked":["Sweeping Beam","Redo"],"picked":"Storm","floor":1.0},{"not_picked":["Aggregate","Skim"],"picked":"Storm","floor":3.0},{"not_picked":["Redo","Compile Driver"],"picked":"Ball Lightning","floor":4.0},{"not_picked":["Aggregate","Gash"],"picked":"Rebound","floor":7.0},{"not_picked":["Barrage","Skim"],"picked":"Chill","floor":14.0},{"not_picked":["Buffer","Reboot"],"picked":"Electrodynamics","floor":16.0},{"not_picked":["Cold Snap","Double Energy"],"picked":"Lockon","floor":18.0},{"not_picked":["Skim","Steam"],"picked":"Sweeping Beam+1","floor":19.0},{"not_picked":["Cold Snap+1","Streamline"],"picked":"Stack","floor":21.0},{"not_picked":["FTL","Darkness+1"],"picked":"Chaos","floor":22.0},{"not_picked":["Compile Driver","Machine Learning"],"picked":"Leap","floor":24.0},{"not_picked":["Darkness","Barrage+1"],"picked":"Hologram","floor":25.0},{"not_picked":["Chill","Tempest"],"picked":"Leap+1","floor":28.0},{"not_picked":["Creative AI","Rainbow"],"picked":"Amplify","floor":33.0},{"not_picked":[],"picked":"Coolheaded+1","floor":35},{"not_picked":[],"picked":"Compile Driver+1","floor":36},{"not_picked":[],"picked":"Glacier+1","floor":37},{"not_picked":[],"picked":"Conserve Battery","floor":38}],"player_experience":45507,"relics_obtained":[{"floor":7.0,"key":"Incense Burner"},{"floor":9.0,"key":"Pocketwatch"},{"floor":13.0,"key":"Whetstone"},{"floor":13.0,"key":"Ginger"},{"floor":14.0,"key":"Bottled Tornado"},{"floor":21.0,"key":"Red Mask"},{"floor":25.0,"key":"Happy Flower"},{"floor":26.0,"key":"Orichalcum"},{"floor":26.0,"key":"Omamori"},{"floor":37,"key":"Ice Cream"}],"event_choices":[{"damage_healed":0.0,"max_hp_gain":0.0,"max_hp_loss":0.0,"gold_gain":0.0,"event_name":"Accursed Blacksmith","player_choice":"Forge","floor":2.0,"gold_loss":0.0,"damage_taken":0.0,"cards_upgraded":["Storm"]},{"damage_healed":0.0,"max_hp_gain":0.0,"max_hp_loss":0.0,"gold_gain":75.0,"event_name":"World of Goop","player_choice":"Gather Gold","floor":8.0,"gold_loss":0.0,"damage_taken":11.0},{"damage_healed":0.0,"max_hp_gain":0.0,"max_hp_loss":0.0,"gold_gain":0.0,"event_name":"Scrap Ooze","player_choice":"Success","floor":12.0,"gold_loss":0.0,"damage_taken":3.0,"relics_obtained":["Matryoshka"]},{"damage_healed":0.0,"max_hp_gain":0.0,"max_hp_loss":0.0,"gold_gain":0.0,"event_name":"Masked Bandits","player_choice":"Fought Bandits","floor":21.0,"gold_loss":0.0,"damage_taken":0.0},{"damage_healed":0.0,"max_hp_gain":0.0,"max_hp_loss":0.0,"gold_gain":0.0,"event_name":"Drug Dealer","player_choice":"Inject Mutagens","floor":29.0,"gold_loss":0.0,"damage_taken":0.0,"relics_obtained":["MutagenicStrength"]},{"damage_healed":0.0,"max_hp_gain":0.0,"max_hp_loss":0.0,"gold_gain":0.0,"event_name":"Wheel of Change","player_choice":"Damaged","floor":30.0,"gold_loss":0.0,"damage_taken":7.0},{"damage_healed":0,"gold_gain":0,"player_choice":"Fight","damage_taken":0,"max_hp_gain":0,"max_hp_loss":0,"event_name":"Mysterious Sphere","floor":37,"gold_loss":0},{"damage_healed":0,"gold_gain":0,"player_choice":"Upgraded","damage_taken":0,"max_hp_gain":0,"max_hp_loss":0,"event_name":"Upgrade Shrine","floor":40,"gold_loss":0,"cards_upgraded":["Electrodynamics"]}],"is_beta":false,"boss_relics":[{"not_picked":["Cursed Key","Fusion Hammer"],"picked":"Lizard Tail"},{"not_picked":["Black Star","Runic Pyramid"],"picked":"Busted Crown"}],"items_purged_floors":[],"is_endless":false,"potions_floor_spawned":[1,3,4,7,14,16,18,19,21,22,24,25,28,33,35,36,37,38],"killed_by":"3 Darklings","ascension_level":0}