{"gold_per_floor":[118,118,134,151,151,185,196,212,293,293,312,339,339,372,372,471,471,491,491,158,158,158,158],"floor_reached":23,"playtime":820,"items_purged":[],"score":276,"play_id":"468deb7d-6a79-418a-bd02-e44d3e21fffd","local_time":"20180730212644","is_ascension_mode":true,"campfire_choices":[{"data":"Inflame","floor":10,"key":"SMITH"},{"floor":13,"key":"REST"},{"data":"Metallicize","floor":15,"key":"SMITH"}],"neow_cost":"NONE","seed_source_timestamp":1565553177079584,"circlet_count":0,"master_deck":["Defend_R","Defend_R","Defend_R","Defend_R","Bash+1","Flex","Flex","Inflame+1","Metallicize+1","Pommel Strike","Offering","Offering","Bite","Bite","Bite","Bite","Bite","Metallicize"],"relics":["Black Blood","Juzu Bracelet","Blue Candle","Incense Burner","Bronze Scales","Bottled Tornado","Enchiridion","Shovel"],"potions_floor_usage":[8,23],"damage_taken":[{"damage":6,"enemies":"Cultist","floor":1,"turns":4},{"damage":0,"enemies":"Small Slimes","floor":3,"turns":3},{"damage":0,"enemies":"2 Louse","floor":4,"turns":2},{"damage":25,"enemies":"Gremlin Nob","floor":6,"turns":4},{"damage":6,"enemies":"Blue Slaver","floor":7,"turns":3},{"damage":8,"enemies":"3 Louse","floor":8,"turns":2},{"damage":11,"enemies":"Looter","floor":11,"turns":4},{"damage":27,"enemies":"Lagavulin","floor":12,"turns":5},{"damage":12,"enemies":"3 Sentries","floor":14,"turns":8},{"damage":29,"enemies":"The Guardian","floor":16,"turns":11},{"damage":17,"enemies":"Shell Parasite","floor":18,"turns":3},{"damage":67,"enemies":"Gremlin Leader","floor":23,"turns":5}],"seed_played":"-8013362469223719943","potions_obtained":[{"floor":4,"key":"Fire Potion"},{"floor":6,"key":"FearPotion"},{"floor":11,"key":"Weak Potion"},{"floor":14,"key":"SpeedPotion"},{"floor":16,"key":"Swift Potion"}],"is_trial":false,"path_per_floor":["M","?","M","M","$","E","M","M","T","R","M","E","R","E","R","B",null,"M","?","$","?","?"],"character_chosen":"IRONCLAD","items_purchased":["Bottled Tornado","Metallicize"],"campfire_rested":1,"item_purchase_floors":[20,20],"current_hp_per_floor":[80,80,80,80,80,61,61,59,59,59,54,33,57,51,51,28,80,73,56,56,40,40,0],"gold":158,"neow_bonus":"UPGRADE_CARD","is_prod":false,"is_daily":false,"chose_seed":false,"campfire_upgraded":2,"win_rate":0,"timestamp":1533011204,"path_taken":["M","?","M","M","$","E","M","M","T","R","M","E","R","E","R","BOSS","M","?","$","?","?","E"],"build_version":"2018-07-26","purchased_purges":0,"victory":false,"max_hp_per_floor":[80,80,80,80,80,80,80,80,80,80,80,80,80,80,80,80,80,80,56,56,56,56,56],"card_choices":[{"not_picked":["Clothesline","Sword Boomerang"],"picked":"Flex","floor":1},{"not_picked":["Cleave","Searing Blow"],"picked":"Flex","floor":3},{"not_picked":["Body Slam","Sword Boomerang"],"picked":"Inflame","floor":4},{"not_picked":["Disarm","Warcry","Anger"],"picked":"SKIP","floor":6},{"not_picked":["Havoc","Clothesline"],"picked":"Metallicize","floor":7},{"not_picked":["Perfected Strike","Intimidate","Pummel"],"picked":"SKIP","floor":8},{"not_picked":["Headbutt","Uppercut"],"picked":"Pommel Strike","floor":11},{"not_picked":["Clothesline","Body Slam"],"picked":"Offering","floor":12},{"not_picked":["Disarm","Rampage","Second Wind"],"picked":"SKIP","floor":14},{"not_picked":["Juggernaut","Fiend Fire"],"picked":"Offering","floor":16},{"not_picked":["Flame Barrier","Dual Wield+1","Havoc"],"picked":"SKIP","floor":18}],"player_experience":395410,"relics_obtained":[{"floor":6,"key":"Juzu Bracelet"},{"floor":9,"key":"Blue Candle"},{"floor":12,"key":"Incense Burner"},{"floor":14,"key":"Bronze Scales"},{"floor":21,"key":"Enchiridion"}],"event_choices":[{"event_name":"Purifier","player_choice":"One Purge","floor":2,"damage_taken":0},{"event_name":"Vampires","player_choice":"Became a vampire","floor":19,"damage_taken":0},{"event_name":"Cursed Tome","player_choice":"Obtained Book","floor":21,"damage_taken":0},{"event_name":"The Mausoleum","player_choice":"Yes","floor":22,"damage_taken":0}],"is_beta":false,"boss_relics":[{"not_picked":["White Beast Statue","Runic Pyramid"],"picked":"Black Blood"}],"items_purged_floors":[],"is_endless":false,"potions_floor_spawned":[4,6,11,14,16,18],"killed_by":"Gremlin Leader","ascension_level":4}