{"gold_per_floor":[110,110,130,146,160,160,195,214,287,287],"floor_reached":10,"playtime":499,"items_purged":[],"score":70,"play_id":"46a61c82-28f0-499e-b938-fad8aa79fffa","local_time":"20180912224025","is_ascension_mode":false,"campfire_choices":[{"floor":6,"key":"REST"}],"neow_cost":"NONE","seed_source_timestamp":58998936236304,"circlet_count":0,"master_deck":["Strike_R","Strike_R","Strike_R","Strike_R+1","Strike_R+1","Defend_R","Defend_R","Defend_R","Defend_R","Bash","Anger","Clothesline","Sentinel","Warcry","Blood for Blood","Perfected Strike","Uppercut"],"relics":["Runic Pyramid","Prayer Wheel","Sundial"],"potions_floor_usage":[],"damage_taken":[{"damage":5,"enemies":"2 Louse","floor":1,"turns":2},{"damage":0,"enemies":"Cultist","floor":3,"turns":2},{"damage":8,"enemies":"Jaw Worm","floor":4,"turns":3},{"damage":8,"enemies":"Exordium Wildlife","floor":5,"turns":3},{"damage":40,"enemies":"3 Sentries","floor":7,"turns":7},{"damage":14,"enemies":"Large Slime","floor":8,"turns":4},{"damage":16,"enemies":"Blue Slaver","floor":10,"turns":2}],"seed_played":"7613110135709854810","potions_obtained":[{"floor":3,"key":"EssenceOfSteel"},{"floor":8,"key":"Poison Potion"}],"is_trial":false,"path_per_floor":["M","?","M","M","M","R","E","M","T"],"character_chosen":"IRONCLAD","items_purchased":[],"campfire_rested":1,"item_purchase_floors":[],"current_hp_per_floor":[75,59,59,51,43,67,27,13,13,0],"gold":287,"neow_bonus":"BOSS_RELIC","is_prod":false,"is_daily":false,"chose_seed":false,"campfire_upgraded":0,"win_rate":0.0,"timestamp":1536788425,"path_taken":["M","?","?","M","M","R","E","M","T","M"],"build_version":"2018-09-06","purchased_purges":0,"victory":false,"max_hp_per_floor":[80,80,80,80,80,80,80,80,80,80],"card_choices":[{"not_picked":["Havoc","Flex"],"picked":"Anger","floor":1},{"not_picked":["Sword Boomerang","Body Slam"],"picked":"Clothesline","floor":3},{"not_picked":["Power Through","Seeing Red"],"picked":"Sentinel","floor":4},{"not_picked":["Cleave","Entrench"],"picked":"Warcry","floor":5},{"not_picked":["Fire Breathing","Carnage"],"picked":"Blood for Blood","floor":7},{"not_picked":["Twin Strike","Iron Wave"],"picked":"Perfected Strike","floor":8},{"not_picked":["Feel No Pain","Immolate"],"picked":"Uppercut","floor":8}],"player_experience":155208,"relics_obtained":[{"floor":7,"key":"Prayer Wheel"},{"floor":9,"key":"Sundial"}],"event_choices":[{"event_name":"Shining Light","player_choice":"Entered Light","floor":2,"damage_taken":0}],"is_beta":false,"boss_relics":[],"items_purged_floors":[],"is_endless":false,"potions_floor_spawned":[3,8],"killed_by":"Blue Slaver","ascension_level":0}