{"gold_per_floor":[113,127,202,221,237,237,262,262,285,152,152,165,183,201,201,296,296,311,311,244,262,262,262,290,290,317,336,336,336,336,351,351,450,450,468,147,197,47,61,87,137,149,172,172,203,203,220,287,287,287],"floor_reached":51,"playtime":2771,"items_purged":[],"score":752,"play_id":"ee2b0fa0-cabf-468e-901c-f02a03baf055","local_time":"20190225170244","is_ascension_mode":false,"campfire_choices":[{"data":"Zap","floor":6,"key":"SMITH"},{"data":"Storm","floor":8,"key":"SMITH"},{"floor":11,"key":"REST"},{"floor":15,"key":"REST"},{"floor":23,"key":"REST"},{"floor":25,"key":"REST"},{"data":"Defragment","floor":28,"key":"SMITH"},{"data":"Force Field","floor":32,"key":"SMITH"},{"data":"Reboot","floor":44,"key":"SMITH"},{"floor":46,"key":"REST"},{"data":"Loop","floor":49,"key":"SMITH"}],"neow_cost":"NONE","seed_source_timestamp":34270006905377,"circlet_count":0,"master_deck":["Zap+1","Dualcast","Cold Snap","Force Field+1","Compile Driver","Beam Cell","Storm+1","Defragment+1","Coolheaded","Hello World","Ball Lightning","Electrodynamics","Redo","Glacier","Steam","Conserve Battery","Seek","FTL","Gash","Steam+1","Reprogram","White Noise","Melter","Loop+1","Bite","Bite","Bite","Bite","Bite","White Noise","Reboot+1","Defragment+1","Self Repair","Shame","Buffer"],"relics":["Cracked Core","Bronze Scales","Strawberry","Smiling Mask","Pandora\u0027s Box","Boot","Happy Flower","SsserpentHead","Cursed Key","Singing Bowl","DataDisk","Question Card","Pen Nib","Bag of Marbles"],"potions_floor_usage":[5,7,16,33,40,50,50,50],"damage_taken":[{"damage":5,"enemies":"Small Slimes","floor":1,"turns":3},{"damage":2,"enemies":"2 Louse","floor":2,"turns":2},{"damage":0,"enemies":"Cultist","floor":4,"turns":3},{"damage":3,"enemies":"Blue Slaver","floor":5,"turns":3},{"damage":8,"enemies":"3 Sentries","floor":7,"turns":5},{"damage":10,"enemies":"Red Slaver","floor":12,"turns":3},{"damage":4,"enemies":"2 Fungi Beasts","floor":13,"turns":3},{"damage":8,"enemies":"Looter","floor":14,"turns":2},{"damage":45,"enemies":"Hexaghost","floor":16,"turns":8},{"damage":15,"enemies":"Shell Parasite","floor":18,"turns":4},{"damage":20,"enemies":"2 Thieves","floor":21,"turns":2},{"damage":43,"enemies":"Gremlin Leader","floor":24,"turns":4},{"damage":0,"enemies":"Sentry and Sphere","floor":27,"turns":3},{"damage":11,"enemies":"Centurion and Healer","floor":31,"turns":5},{"damage":45,"enemies":"Champ","floor":33,"turns":12},{"damage":4,"enemies":"3 Shapes","floor":35,"turns":3},{"damage":3,"enemies":"Orb Walker","floor":39,"turns":3},{"damage":39,"enemies":"Nemesis","floor":40,"turns":7},{"damage":3,"enemies":"4 Shapes","floor":42,"turns":2},{"damage":35,"enemies":"Giant Head","floor":45,"turns":6},{"damage":11,"enemies":"Transient","floor":47,"turns":5},{"damage":11,"enemies":"3 Darklings","floor":48,"turns":2},{"damage":59,"enemies":"Time Eater","floor":50,"turns":9}],"seed_played":"-2935585298539032721","potions_obtained":[{"floor":4,"key":"AttackPotion"},{"floor":5,"key":"Fire Potion"},{"floor":12,"key":"FearPotion"},{"floor":27,"key":"SteroidPotion"},{"floor":33,"key":"Fruit Juice"},{"floor":39,"key":"AttackPotion"},{"floor":45,"key":"SpeedPotion"},{"floor":48,"key":"SkillPotion"}],"is_trial":false,"path_per_floor":["M","M","?","M","M","R","E","R","T","$","R","M","M","M","R","B",null,"M","?","$","M","?","R","E","R","T","M","R","?","?","M","R","B",null,"M","$","?","$","M","E","?","M","T","R","E","R","M","M","R","B",null],"character_chosen":"DEFECT","items_purchased":["Defragment","Coolheaded","Reprogram","Singing Bowl","Self Repair","DataDisk"],"campfire_rested":5,"item_purchase_floors":[10,10,20,36,36,38],"current_hp_per_floor":[70,68,57,57,54,54,53,53,53,53,77,67,63,55,79,34,82,67,67,67,47,47,71,28,52,52,52,52,52,52,43,43,19,62,58,58,58,58,64,42,66,65,65,65,48,69,66,59,59,21],"gold":287,"neow_bonus":"RANDOM_COMMON_RELIC","is_prod":false,"is_daily":false,"chose_seed":false,"campfire_upgraded":6,"win_rate":0,"timestamp":1551114164,"path_taken":["M","M","?","M","M","R","E","R","T","$","R","M","M","M","R","BOSS","M","?","$","M","?","R","E","R","T","M","R","?","?","M","R","BOSS","M","$","?","$","M","E","?","M","T","R","E","R","M","?","R","BOSS"],"build_version":"2019-01-23","purchased_purges":0,"victory":true,"max_hp_per_floor":[75,75,75,75,75,75,82,82,82,82,82,82,82,82,82,82,82,82,82,82,82,82,82,82,82,82,82,82,57,57,57,57,62,62,62,62,62,62,64,66,66,68,68,68,70,70,70,72,72,72],"card_choices":[{"not_picked":["Hologram","Barrage"],"picked":"Cold Snap","floor":1},{"not_picked":["Streamline","Redo"],"picked":"Force Field","floor":2},{"not_picked":["Streamline","Consume"],"picked":"Compile Driver","floor":4},{"not_picked":["Lockon","Double Energy"],"picked":"Beam Cell","floor":5},{"not_picked":["Leap","Amplify"],"picked":"Storm","floor":7},{"not_picked":["Stack","Cold Snap"],"picked":"Hello World","floor":12},{"not_picked":["Streamline","Sweeping Beam"],"picked":"FTL","floor":13},{"not_picked":["Steam","Undo"],"picked":"Ball Lightning","floor":14},{"not_picked":["Multi-Cast","Machine Learning"],"picked":"Electrodynamics","floor":16},{"not_picked":["Stack","Compile Driver"],"picked":"Steam+1","floor":18},{"not_picked":["Conserve Battery","Ball Lightning"],"picked":"White Noise","floor":21},{"not_picked":["Rebound","Meteor Strike"],"picked":"Melter","floor":24},{"not_picked":["Sweeping Beam","Turbo"],"picked":"Loop","floor":27},{"not_picked":["Reinforced Body","Hologram"],"picked":"White Noise","floor":31},{"not_picked":["Thunder Strike","Hyperbeam"],"picked":"Reboot","floor":33},{"not_picked":["Stack+1","Rebound+1"],"picked":"Defragment+1","floor":35},{"not_picked":["Streamline+1","Fusion","Coolheaded+1"],"picked":"Singing Bowl","floor":39},{"not_picked":["Double Energy+1","Gash","Conserve Battery+1"],"picked":"Singing Bowl","floor":40},{"not_picked":["Darkness+1","Steam","BootSequence+1","Sunder"],"picked":"Singing Bowl","floor":42},{"not_picked":["Blizzard+1","Consume+1","Gash+1","Steam+1"],"picked":"Singing Bowl","floor":45},{"not_picked":["Leap+1","Coolheaded+1","Undo"],"picked":"Buffer","floor":47},{"not_picked":["Tempest+1","Self Repair","Scrape+1","Melter+1"],"picked":"Singing Bowl","floor":48}],"player_experience":188921,"relics_obtained":[{"floor":7,"key":"Strawberry"},{"floor":9,"key":"Smiling Mask"},{"floor":24,"key":"Boot"},{"floor":26,"key":"Happy Flower"},{"floor":40,"key":"Question Card"},{"floor":43,"key":"Pen Nib"},{"floor":45,"key":"Bag of Marbles"}],"event_choices":[{"damage_healed":0,"gold_gain":75,"player_choice":"Gather Gold","damage_taken":11,"max_hp_gain":0,"max_hp_loss":0,"event_name":"World of Goop","floor":3,"gold_loss":0},{"damage_healed":0,"gold_gain":0,"player_choice":"Ignored","damage_taken":0,"max_hp_gain":0,"max_hp_loss":0,"event_name":"Cursed Tome","floor":19,"gold_loss":0},{"damage_healed":0,"gold_gain":0,"player_choice":"Ignored","damage_taken":0,"max_hp_gain":0,"max_hp_loss":0,"event_name":"Beggar","floor":22,"gold_loss":0},{"damage_healed":0,"gold_gain":0,"player_choice":"Became a vampire","damage_taken":0,"max_hp_gain":0,"max_hp_loss":25,"event_name":"Vampires","floor":29,"gold_loss":0,"cards_obtained":["Bite","Bite","Bite","Bite","Bite"]},{"damage_healed":0,"gold_gain":0,"player_choice":"Trade","damage_taken":0,"relics_obtained":["SsserpentHead"],"max_hp_gain":0,"max_hp_loss":0,"event_name":"FaceTrader","floor":30,"gold_loss":0},{"cards_removed":["FTL"],"damage_healed":0,"gold_gain":0,"player_choice":"Removed Attack","damage_taken":0,"max_hp_gain":0,"max_hp_loss":0,"event_name":"Falling","floor":37,"gold_loss":0},{"cards_removed":["Darkness"],"damage_healed":24,"gold_gain":0,"player_choice":"Offered Uncommon","damage_taken":0,"max_hp_gain":0,"max_hp_loss":0,"event_name":"Bonfire Elementals","floor":41,"gold_loss":0}],"is_beta":false,"boss_relics":[{"not_picked":["Empty Cage","Astrolabe"],"picked":"Pandora\u0027s Box"},{"not_picked":["Velvet Choker","Orrery"],"picked":"Cursed Key"}],"items_purged_floors":[],"is_endless":false,"potions_floor_spawned":[4,5,12,27,33,39,45,48],"ascension_level":0}