{"gold_per_floor":[119,40,51,51,69,69,86,86,86,97,118,43,69,69,69,143,143,155,355,366,16,31,31,31],"floor_reached":24,"playtime":2037,"items_purged":["Defend_B","Strike_B"],"score":343,"play_id":"4ec16c3a-5292-4d3f-800d-26562a087e67","local_time":"20180922234016","is_ascension_mode":true,"campfire_choices":[{"data":"Dualcast","floor":6,"key":"SMITH"},{"data":"Coolheaded","floor":8,"key":"SMITH"},{"floor":15,"key":"REST"},{"floor":23,"key":"REST"}],"neow_cost":"NONE","seed_source_timestamp":642690889940193,"circlet_count":0,"master_deck":["Strike_B","Strike_B","Strike_B","Defend_B","Defend_B","Defend_B","Zap+1","Dualcast+1","AscendersBane","Consume+1","Ball Lightning","Coolheaded+1","FTL","Ball Lightning","Loop","Machine Learning","Melter"],"relics":["Cracked Core","Gremlin Horn","Odd Mushroom","Blue Candle","Sundial","Eternal Feather","Shuriken"],"potions_floor_usage":[10,13],"damage_taken":[{"damage":0,"enemies":"Small Slimes","floor":1,"turns":2},{"damage":3,"enemies":"2 Louse","floor":3,"turns":2},{"damage":1,"enemies":"Cultist","floor":5,"turns":3},{"damage":11,"enemies":"Blue Slaver","floor":7,"turns":3},{"damage":2,"enemies":"Lots of Slimes","floor":10,"turns":3},{"damage":4,"enemies":"The Mushroom Lair","floor":11,"turns":3},{"damage":8,"enemies":"Gremlin Nob","floor":13,"turns":3},{"damage":32,"enemies":"The Guardian","floor":16,"turns":9},{"damage":4,"enemies":"Chosen","floor":18,"turns":4},{"damage":25,"enemies":"3 Byrds","floor":20,"turns":4},{"damage":24,"enemies":"Snecko","floor":22,"turns":5},{"damage":40,"enemies":"Centurion and Healer","floor":24,"turns":4}],"seed_played":"1913441946535441980","potions_obtained":[{"floor":3,"key":"Weak Potion"},{"floor":5,"key":"SpeedPotion"},{"floor":7,"key":"Dexterity Potion"}],"is_trial":false,"path_per_floor":["M","$","M","?","M","R","M","R","T","M","?","$","E","?","R","B",null,"M","?","M","$","M","R"],"character_chosen":"DEFECT","items_purchased":["Consume","Shuriken"],"campfire_rested":2,"item_purchase_floors":[2,21],"current_hp_per_floor":[64,64,61,61,60,60,49,49,49,47,43,43,35,24,45,13,57,53,53,28,28,4,34,0],"gold":31,"neow_bonus":"UPGRADE_CARD","is_prod":false,"is_daily":false,"chose_seed":false,"campfire_upgraded":2,"win_rate":0,"timestamp":1537652416,"path_taken":["M","$","M","?","M","R","M","R","T","M","?","$","E","?","R","BOSS","M","?","?","$","M","R","M"],"build_version":"2018-09-20","purchased_purges":2,"victory":false,"max_hp_per_floor":[71,71,71,71,71,71,71,71,71,71,71,71,71,71,71,71,71,71,71,71,71,71,71,71],"card_choices":[{"not_picked":["Rebound","Storm","Redo"],"picked":"SKIP","floor":1},{"not_picked":["Beam Cell","Self Repair"],"picked":"Ball Lightning","floor":3},{"not_picked":["Sweeping Beam","Rebound","Rip and Tear"],"picked":"SKIP","floor":5},{"not_picked":["Barrage","Rebound"],"picked":"Coolheaded","floor":7},{"not_picked":["Go for the Eyes","Hologram"],"picked":"FTL","floor":10},{"not_picked":["Turbo","Machine Learning"],"picked":"Ball Lightning","floor":11},{"not_picked":["Gash","Double Energy"],"picked":"Loop","floor":13},{"not_picked":["All For One","Creative AI"],"picked":"Machine Learning","floor":16},{"not_picked":["Streamline","Ball Lightning"],"picked":"Melter","floor":18},{"not_picked":["Turbo","Go for the Eyes","Beam Cell"],"picked":"SKIP","floor":20},{"not_picked":["Stack","Force Field","Storm"],"picked":"SKIP","floor":22}],"player_experience":555715,"relics_obtained":[{"floor":9,"key":"Gremlin Horn"},{"floor":11,"key":"Odd Mushroom"},{"floor":13,"key":"Blue Candle"}],"event_choices":[{"event_name":"Living Wall","player_choice":"Grow","floor":4,"damage_taken":0},{"event_name":"Mushrooms","player_choice":"Fought Mushrooms","floor":11,"damage_taken":0},{"event_name":"Scrap Ooze","player_choice":"success","floor":14,"damage_taken":11},{"event_name":"Wheel of Change","player_choice":"Gold","floor":19,"damage_taken":0}],"is_beta":false,"boss_relics":[{"not_picked":["Pandora\u0027s Box","Ectoplasm"],"picked":"Eternal Feather"}],"items_purged_floors":[12,21],"is_endless":false,"potions_floor_spawned":[3,5,7],"killed_by":"Centurion and Healer","ascension_level":15}