{"path_per_floor":["M","?","M","M","M","E","R","?","T","R","M","T","R","M","R","B",null,"M","$","M","M","?"],"character_chosen":"THE_SILENT","items_purchased":["Singing Bowl"],"gold_per_floor":[117,192,202,218,230,262,262,282,282,282,302,302,302,317,317,418,418,433,201,213,228,228],"floor_reached":23,"campfire_rested":2,"playtime":1607,"current_hp_per_floor":[65,54,49,48,38,27,27,9,9,30,22,22,22,17,38,37,70,69,69,69,63,47],"items_purged":["Defend_G"],"gold":228,"play_id":"9333a32e-1b68-4e16-8798-5668c480169f","is_prod":false,"is_daily":false,"is_ascension_mode":false,"campfire_upgraded":1,"path_taken":["M","?","M","M","M","E","R","?","T","R","M","?","R","M","R","BOSS","M","$","M","M","?","E"],"build_version":"2018-02-01-PROD3","purchased_purges":1,"victory":false,"master_deck":["Defend_G","Defend_G","Defend_G","Defend_G","Strike_G","Strike_G","Strike_G","Strike_G","Strike_G","Survivor","Neutralize","Storm of Steel+1","Terror","Riddle With Holes","Dagger Spray","Eviscerate","Dodge and Roll","Underhanded Strike","Envenom","Reflex","Prepared","Finisher","Cloak And Dagger","Cloak And Dagger","Backflip","Blade Dance+1"],"max_hp_per_floor":[70,70,70,70,70,70,70,70,70,70,70,70,70,70,70,70,70,70,70,70,72,72],"relics":["Snecko Eye","Juzu Bracelet","Odd Mushroom","Happy Flower","Girya","Orrery","Singing Bowl","Enchiridion"],"card_choices":[{"not_picked":["Blade Dance","Poisoned Stab"],"picked":"Storm of Steel"},{"not_picked":["Flying Knee","Deflect"],"picked":"Terror"},{"not_picked":["Flying Knee","Slice"],"picked":"Riddle With Holes"},{"not_picked":["Poisoned Stab","Deflect"],"picked":"Dagger Spray"},{"not_picked":["Dagger Throw","Masterful Stab"],"picked":"Eviscerate"},{"not_picked":["Bane","Poisoned Stab"],"picked":"Dodge and Roll"},{"not_picked":["Malaise","Dagger Spray"],"picked":"Underhanded Strike"},{"not_picked":["Adrenaline","Wraith Form"],"picked":"Envenom"},{"not_picked":["Well Laid Plans","Backflip"],"picked":"Reflex"},{"not_picked":["Bane","PiercingWail"],"picked":"Prepared"},{"not_picked":["Skewer","Crippling Poison"],"picked":"Finisher"},{"not_picked":["Eviscerate","Outmaneuver"],"picked":"Cloak And Dagger"},{"not_picked":["Sucker Punch","Dodge and Roll"],"picked":"Cloak And Dagger"},{"not_picked":["Deadly Poison","Terror"],"picked":"Backflip"},{"not_picked":["Predator","Flying Knee"],"picked":"Blade Dance"}],"player_experience":88099,"potions_floor_usage":[6,16,20,23,23],"damage_taken":[{"damage":5,"enemies":"Small Slimes","floor":1,"turns":6},{"damage":5,"enemies":"Jaw Worm","floor":3,"turns":4},{"damage":1,"enemies":"2 Louse","floor":4,"turns":2},{"damage":10,"enemies":"2 Fungi Beasts","floor":5,"turns":3},{"damage":11,"enemies":"3 Sentries","floor":6,"turns":5},{"damage":18,"enemies":"The Mushroom Lair","floor":8,"turns":4},{"damage":8,"enemies":"Exordium Wildlife","floor":11,"turns":3},{"damage":5,"enemies":"Looter","floor":14,"turns":2},{"damage":1,"enemies":"Slime Boss","floor":16,"turns":5},{"damage":1,"enemies":"3 Byrds","floor":18,"turns":4},{"damage":0,"enemies":"Spheric Guardian","floor":20,"turns":3},{"damage":8,"enemies":"Cultist and Chosen","floor":21,"turns":5},{"damage":51,"enemies":"Slavers","floor":23,"turns":4}],"event_choices":[{"event_name":"World of Goop","player_choice":"Gather Gold","floor":2,"damage_taken":0},{"event_name":"Mushrooms","player_choice":"Fought Mushrooms","floor":8,"damage_taken":0},{"event_name":"Cursed Tome","player_choice":"Obtained Book","floor":22,"damage_taken":0}],"boss_relics":[{"not_picked":["Question Card","Philosopher\u0027s Stone"],"picked":"Orrery"}],"potions_floor_spawned":[1,3,5,8,14,16],"seed_played":"-1892403401784022910","killed_by":"Slavers","ascension_level":0,"is_trial":false}