{"gold_per_floor":[113,113,38,38,55,55,71,71,96,113,130,130,30,49,49,49],"floor_reached":16,"playtime":872,"items_purged":["Strike_B","Strike_B"],"score":179,"play_id":"d3e425f2-da40-4022-aaf4-28d3804317e0","local_time":"20180925190915","is_ascension_mode":true,"campfire_choices":[{"data":"Zap","floor":6,"key":"SMITH"},{"floor":12,"key":"REST"},{"data":"Dualcast","floor":15,"key":"SMITH"}],"neow_cost":"NONE","seed_source_timestamp":886802091263239,"circlet_count":0,"master_deck":["Strike_B","Defend_B","Defend_B","Defend_B","Defend_B","Zap+1","Dualcast+1","AscendersBane","Glacier","Sweeping Beam","Hologram","Auto Shields"],"relics":["Cracked Core","Bag of Marbles"],"potions_floor_usage":[16],"damage_taken":[{"damage":6,"enemies":"Small Slimes","floor":1,"turns":3},{"damage":2,"enemies":"Jaw Worm","floor":5,"turns":6},{"damage":0,"enemies":"Cultist","floor":7,"turns":3},{"damage":4,"enemies":"Red Slaver","floor":10,"turns":5},{"damage":10,"enemies":"Looter","floor":11,"turns":4},{"damage":4,"enemies":"Blue Slaver","floor":14,"turns":4},{"damage":68,"enemies":"Hexaghost","floor":16,"turns":11}],"seed_played":"-5943396981949188831","potions_obtained":[{"floor":5,"key":"Strength Potion"}],"is_trial":false,"path_per_floor":["M","?","$","$","M","R","M","$","T","M","M","R","$","M","R"],"character_chosen":"DEFECT","items_purchased":[],"campfire_rested":1,"item_purchase_floors":[],"current_hp_per_floor":[58,63,63,63,61,61,61,61,61,57,47,69,69,65,65,0],"gold":49,"neow_bonus":"REMOVE_CARD","is_prod":false,"is_daily":false,"chose_seed":false,"campfire_upgraded":2,"win_rate":0,"timestamp":1537895355,"path_taken":["M","?","?","$","?","R","M","$","T","M","M","R","$","M","R","BOSS"],"build_version":"2018-09-20","purchased_purges":2,"victory":false,"max_hp_per_floor":[71,76,76,76,76,76,76,76,76,76,76,76,76,76,76,76],"card_choices":[{"not_picked":["Stack","Hologram"],"picked":"Glacier","floor":1},{"not_picked":["Rebound","Double Energy"],"picked":"Sweeping Beam","floor":5},{"not_picked":["Turbo","BootSequence"],"picked":"Hologram","floor":7},{"not_picked":["Coolheaded","Turbo","Leap"],"picked":"SKIP","floor":10},{"not_picked":["Heatsinks","Beam Cell"],"picked":"Auto Shields","floor":11},{"not_picked":["Cold Snap","Hologram","Redo"],"picked":"SKIP","floor":14}],"player_experience":689965,"relics_obtained":[{"floor":9,"key":"Bag of Marbles"}],"event_choices":[{"event_name":"Big Fish","player_choice":"Donut","floor":2,"damage_taken":0}],"is_beta":false,"boss_relics":[],"items_purged_floors":[3,13],"is_endless":false,"potions_floor_spawned":[5],"killed_by":"Hexaghost","ascension_level":19}