{"gold_per_floor":[113,19,34,53,53,88,88,119,119,131,157,203,215,241,253,362,374,406,434,456,468,500,512,553,565,577,359,375,375,386,386,386,482,482,494,508,6,17,17,48,323,323,376,386,386,386],"floor_reached":46,"playtime":3545,"items_purged":[],"score":639,"play_id":"ed92e28b-157b-446d-813f-54416d726994","local_time":"20180904234444","is_ascension_mode":true,"campfire_choices":[{"data":"Rage","floor":7,"key":"SMITH"},{"floor":10,"key":"REST"},{"data":"Fire Breathing","floor":15,"key":"SMITH"},{"floor":23,"key":"REST"},{"floor":25,"key":"REST"},{"data":"Inflame","floor":29,"key":"SMITH"},{"data":"Dual Wield","floor":32,"key":"SMITH"},{"floor":42,"key":"REST"}],"neow_cost":"","seed_source_timestamp":373035636590668,"circlet_count":0,"master_deck":["Defend_R+1","Defend_R+1","Defend_R+1","Defend_R+1","Bash","Flex","Cleave","Combust","Rage+1","Iron Wave","Armaments","Fire Breathing+1","Anger","Feed","Sword Boomerang+1","Pummel+1","Thunderclap+1","Clothesline+1","Anger+1","Spot Weakness","Inflame+1","Dual Wield+1","Bite","Bite","Bite","Bite","Bite","Reaper+1","Anger+1","Clothesline","Reaper","Perfected Strike+1","Twin Strike+1","Regret","Shrug It Off"],"relics":["Burning Blood","Bronze Scales","Ornamental Fan","MawBank","Pen Nib","Lantern","Lizard Tail","Pantograph","Orichalcum","Red Skull","Black Star","DollysMirror","Shuriken","Ice Cream","Ginger","Oddly Smooth Stone"],"potions_floor_usage":[6,6,6,8,16,19,20,24,24,24,24,28,30,38,40],"damage_taken":[{"damage":6,"enemies":"Cultist","floor":1,"turns":4},{"damage":14,"enemies":"Small Slimes","floor":3,"turns":4},{"damage":13,"enemies":"Jaw Worm","floor":4,"turns":4},{"damage":8,"enemies":"Gremlin Nob","floor":6,"turns":3},{"damage":30,"enemies":"Lagavulin","floor":8,"turns":6},{"damage":0,"enemies":"3 Louse","floor":11,"turns":2},{"damage":9,"enemies":"3 Sentries","floor":12,"turns":6},{"damage":0,"enemies":"Looter","floor":14,"turns":3},{"damage":37,"enemies":"The Guardian","floor":16,"turns":9},{"damage":23,"enemies":"Spheric Guardian","floor":18,"turns":4},{"damage":13,"enemies":"2 Thieves","floor":19,"turns":3},{"damage":45,"enemies":"Sentry and Sphere","floor":20,"turns":6},{"damage":29,"enemies":"Shelled Parasite and Fungi","floor":22,"turns":4},{"damage":3,"enemies":"Book of Stabbing","floor":24,"turns":4},{"damage":16,"enemies":"Centurion and Healer","floor":28,"turns":7},{"damage":3,"enemies":"Cultist and Chosen","floor":30,"turns":4},{"damage":76,"enemies":"Champ","floor":33,"turns":10},{"damage":58,"enemies":"3 Darklings","floor":35,"turns":6},{"damage":2,"enemies":"3 Shapes","floor":36,"turns":3},{"damage":33,"enemies":"3 Darklings","floor":38,"turns":5},{"damage":43,"enemies":"Nemesis","floor":40,"turns":5},{"damage":18,"enemies":"Reptomancer","floor":44,"turns":5},{"damage":79,"enemies":"Giant Head","floor":46,"turns":7}],"seed_played":"8685689572879404509","potions_obtained":[{"floor":1,"key":"Poison Potion"},{"floor":3,"key":"PowerPotion"},{"floor":6,"key":"Swift Potion"},{"floor":12,"key":"FearPotion"},{"floor":16,"key":"Explosive Potion"},{"floor":18,"key":"BloodPotion"},{"floor":22,"key":"EntropicBrew"},{"floor":24,"key":"SpeedPotion"},{"floor":28,"key":"SkillPotion"},{"floor":35,"key":"Swift Potion"}],"is_trial":false,"path_per_floor":["M","$","M","M","?","E","R","E","T","R","M","E","?","M","R","B",null,"M","M","M","?","M","R","E","R","T","$","M","R","M","?","R","B",null,"M","M","$","M","$","E","?","R","T","M","?"],"character_chosen":"IRONCLAD","items_purchased":["Cleave","AttackPotion","Red Skull","Spot Weakness","DollysMirror","Shuriken","SpeedPotion"],"campfire_rested":4,"item_purchase_floors":[2,2,27,27,37,37,37],"current_hp_per_floor":[80,80,72,65,49,47,47,23,23,47,53,50,43,49,49,18,80,66,63,32,32,9,35,46,72,72,72,62,62,65,60,60,35,60,29,41,41,46,46,23,23,41,41,63,63,0],"gold":386,"neow_bonus":"","is_prod":false,"is_daily":false,"chose_seed":false,"campfire_upgraded":4,"win_rate":0,"timestamp":1536097484,"path_taken":["M","?","M","?","?","E","R","E","T","R","M","E","?","M","R","BOSS","M","M","M","?","M","R","E","R","T","$","M","R","M","?","R","BOSS","M","?","$","?","?","E","?","R","T","M","?","E"],"build_version":"2018-08-30","purchased_purges":0,"victory":false,"max_hp_per_floor":[80,80,80,80,80,80,80,80,80,80,80,80,80,80,80,80,80,83,87,87,87,87,87,87,87,87,87,87,87,87,60,60,60,60,60,60,60,60,60,60,60,60,60,63,63,63],"card_choices":[{"not_picked":["Wild Strike","Havoc"],"picked":"Flex","floor":1},{"not_picked":["Rampage","Sentinel"],"picked":"Combust","floor":3},{"not_picked":["Entrench","Searing Blow","Perfected Strike"],"picked":"SKIP","floor":4},{"not_picked":["Anger","Pummel"],"picked":"Rage","floor":6},{"not_picked":["Impervious","Clash"],"picked":"Iron Wave","floor":8},{"not_picked":["Whirlwind","Ghostly Armor"],"picked":"Armaments","floor":11},{"not_picked":["Ghostly Armor","Rampage"],"picked":"Fire Breathing","floor":12},{"not_picked":["Sword Boomerang","Flex"],"picked":"Anger","floor":14},{"not_picked":["Dark Embrace","Brutality"],"picked":"Feed","floor":16},{"not_picked":["Battle Trance","Reckless Charge+1"],"picked":"Sword Boomerang+1","floor":18},{"not_picked":["Pommel Strike","Uppercut"],"picked":"Pummel+1","floor":19},{"not_picked":["Power Through+1","Iron Wave"],"picked":"Thunderclap+1","floor":20},{"not_picked":["Carnage+1","Infernal Blade"],"picked":"Clothesline+1","floor":22},{"not_picked":["Wild Strike+1","Feel No Pain+1"],"picked":"Anger+1","floor":24},{"not_picked":["Entrench+1","Warcry"],"picked":"Inflame","floor":28},{"not_picked":["Clothesline+1","Body Slam"],"picked":"Dual Wield","floor":30},{"not_picked":["Immolate","Dark Embrace"],"picked":"Reaper","floor":33},{"not_picked":["Twin Strike","Carnage+1"],"picked":"Anger+1","floor":35},{"not_picked":["Body Slam+1","Headbutt+1"],"picked":"Clothesline","floor":36},{"not_picked":["Havoc","True Grit+1"],"picked":"Perfected Strike+1","floor":38},{"not_picked":["Brutality","Perfected Strike+1"],"picked":"Twin Strike+1","floor":40},{"not_picked":["Warcry","Body Slam+1"],"picked":"Shrug It Off","floor":44}],"player_experience":103295,"relics_obtained":[{"floor":6,"key":"Bronze Scales"},{"floor":8,"key":"Ornamental Fan"},{"floor":9,"key":"MawBank"},{"floor":12,"key":"Pen Nib"},{"floor":24,"key":"Pantograph"},{"floor":26,"key":"Orichalcum"},{"floor":40,"key":"Ice Cream"},{"floor":40,"key":"Ginger"},{"floor":43,"key":"Oddly Smooth Stone"}],"event_choices":[{"event_name":"Shining Light","player_choice":"Entered Light","floor":5,"damage_taken":0},{"event_name":"Scrap Ooze","player_choice":"success","floor":13,"damage_taken":7},{"event_name":"Back to Basics","player_choice":"Simplicity","floor":21,"damage_taken":0},{"event_name":"Vampires","player_choice":"Became a vampire","floor":31,"damage_taken":0},{"event_name":"Golden Shrine","player_choice":"Desecrate","floor":41,"damage_taken":0},{"event_name":"Accursed Blacksmith","player_choice":"Forge","floor":45,"damage_taken":0}],"is_beta":false,"boss_relics":[{"not_picked":["Empty Cage","White Beast Statue"],"picked":"Lizard Tail"},{"not_picked":["Busted Crown","Velvet Choker"],"picked":"Black Star"}],"items_purged_floors":[],"is_endless":false,"potions_floor_spawned":[1,3,6,12,16,18,22,24,28,35],"killed_by":"Giant Head","ascension_level":3}