{"gold_per_floor":[113,113,113,132,148,148,181,181,181,193,193,208,220,220,220,220],"floor_reached":16,"playtime":736,"items_purged":[],"score":173,"play_id":"7d3512ba-3f2b-4d7e-899a-214f70950dc7","local_time":"20180922101148","is_ascension_mode":true,"campfire_choices":[{"floor":6,"key":"REST"},{"floor":8,"key":"REST"},{"data":"Zap","floor":11,"key":"SMITH"},{"floor":15,"key":"REST"}],"neow_cost":"NONE","seed_source_timestamp":595484185328707,"circlet_count":0,"master_deck":["Strike_B","Strike_B","Strike_B","Defend_B","Defend_B","Defend_B","Defend_B","Zap+1","Dualcast","AscendersBane","Cold Snap","Auto Shields","Reinforced Body"],"relics":["Cracked Core","Happy Flower","Letter Opener","Anchor","Shuriken","Golden Idol"],"potions_floor_usage":[7],"damage_taken":[{"damage":10,"enemies":"2 Louse","floor":1,"turns":3},{"damage":0,"enemies":"Small Slimes","floor":4,"turns":3},{"damage":2,"enemies":"Jaw Worm","floor":5,"turns":3},{"damage":20,"enemies":"3 Sentries","floor":7,"turns":9},{"damage":1,"enemies":"2 Fungi Beasts","floor":10,"turns":5},{"damage":0,"enemies":"Large Slime","floor":12,"turns":6},{"damage":0,"enemies":"Exordium Wildlife","floor":13,"turns":4},{"damage":68,"enemies":"Hexaghost","floor":16,"turns":14}],"seed_played":"-6760663935275564009","potions_obtained":[{"floor":5,"key":"EssenceOfSteel"},{"floor":10,"key":"Ancient Potion"},{"floor":12,"key":"SpeedPotion"}],"is_trial":false,"path_per_floor":["M","?","?","M","M","R","E","R","T","M","R","M","M","?","R"],"character_chosen":"DEFECT","items_purchased":[],"campfire_rested":3,"item_purchase_floors":[],"current_hp_per_floor":[54,47,44,44,42,63,43,64,64,63,63,63,63,46,67,0],"gold":220,"neow_bonus":"RANDOM_COMMON_RELIC","is_prod":false,"is_daily":false,"chose_seed":false,"campfire_upgraded":1,"win_rate":0,"timestamp":1537603908,"path_taken":["M","?","?","M","M","R","E","R","T","?","R","M","M","?","R","BOSS"],"build_version":"2018-09-20","purchased_purges":0,"victory":false,"max_hp_per_floor":[71,71,71,71,71,71,71,71,71,71,71,71,71,71,71,71],"card_choices":[{"not_picked":["Steam Power","Coolheaded"],"picked":"Cold Snap","floor":1},{"not_picked":["Redo","Coolheaded","Streamline"],"picked":"SKIP","floor":4},{"not_picked":["Leap","Sunder"],"picked":"Auto Shields","floor":5},{"not_picked":["Hello World","Gash"],"picked":"Reinforced Body","floor":7},{"not_picked":["Beam Cell","Double Energy","Streamline"],"picked":"SKIP","floor":10},{"not_picked":["Redo","Hyperbeam","Leap"],"picked":"SKIP","floor":12},{"not_picked":["Undo","Hologram","Streamline"],"picked":"SKIP","floor":13}],"player_experience":530303,"relics_obtained":[{"floor":7,"key":"Anchor"},{"floor":9,"key":"Shuriken"}],"event_choices":[{"event_name":"Golden Wing","player_choice":"Card Removal","floor":2,"damage_taken":0},{"event_name":"Scrap Ooze","player_choice":"success","floor":3,"damage_taken":3},{"event_name":"Golden Idol","player_choice":"Take Damage","floor":14,"damage_taken":0}],"is_beta":false,"boss_relics":[],"items_purged_floors":[],"is_endless":false,"potions_floor_spawned":[5,10,12],"killed_by":"Hexaghost","ascension_level":14}