{"gold_per_floor":[109,109,34,58,71,71,86,126,180,150,150,4,28,41,41,41],"floor_reached":16,"playtime":691,"items_purged":["Injury"],"score":102,"play_id":"ebcbf746-0dca-4fa0-a305-32aa0b6a74dc","local_time":"20190127184553","is_ascension_mode":false,"campfire_choices":[{"data":"Footwork","floor":6,"key":"SMITH"},{"data":"Flying Knee","floor":11,"key":"SMITH"},{"floor":15,"key":"REST"}],"neow_cost":"NONE","seed_source_timestamp":318070075154250,"circlet_count":0,"master_deck":["Defend_G","Defend_G","Defend_G","Defend_G","Defend_G","Strike_G","Strike_G","Strike_G","Strike_G","Strike_G","Survivor","Neutralize","Flying Knee+1","Footwork+1","Crippling Poison","Deflect+1"],"relics":["Ring of the Snake","Golden Idol","Toxic Egg 2","Bag of Marbles","Orichalcum"],"potions_floor_usage":[8,8,16,16,16],"damage_taken":[{"damage":0,"enemies":"Small Slimes","floor":1,"turns":4},{"damage":2,"enemies":"2 Louse","floor":4,"turns":3},{"damage":4,"enemies":"Cultist","floor":5,"turns":4},{"damage":11,"enemies":"Looter","floor":7,"turns":4},{"damage":27,"enemies":"3 Sentries","floor":8,"turns":10},{"damage":3,"enemies":"3 Louse","floor":13,"turns":3},{"damage":0,"enemies":"Red Slaver","floor":14,"turns":5},{"damage":44,"enemies":"The Guardian","floor":16,"turns":17}],"seed_played":"-5874640254424150748","potions_obtained":[{"floor":1,"key":"Explosive Potion"},{"floor":5,"key":"SneckoOil"},{"floor":7,"key":"Dexterity Potion"},{"floor":10,"key":"SkillPotion"},{"floor":10,"key":"LiquidBronze"},{"floor":13,"key":"Energy Potion"}],"is_trial":false,"path_per_floor":["M","?","$","M","M","R","M","E","T","?","R","$","M","M","R","B"],"character_chosen":"THE_SILENT","items_purchased":["Orichalcum"],"campfire_rested":1,"item_purchase_floors":[12],"current_hp_per_floor":[70,70,70,68,64,64,53,26,26,26,26,26,23,23,44,0],"gold":41,"neow_bonus":"THREE_CARDS","is_prod":false,"is_daily":false,"chose_seed":false,"campfire_upgraded":2,"win_rate":0,"timestamp":1548632753,"path_taken":["M","?","$","M","M","R","M","E","T","?","R","$","M","M","R","BOSS"],"build_version":"2019-01-23","purchased_purges":1,"victory":false,"max_hp_per_floor":[70,70,70,70,70,70,70,70,70,70,70,70,70,70,70,70],"card_choices":[{"not_picked":["Endless Agony","Dash"],"picked":"Flying Knee","floor":0},{"not_picked":["Reflex","Dagger Throw"],"picked":"Footwork","floor":1},{"not_picked":["Blade Dance","Quick Slash","Acrobatics"],"picked":"SKIP","floor":4},{"not_picked":["Deadly Poison","All Out Attack"],"picked":"Crippling Poison","floor":5},{"not_picked":["Blade Dance","Endless Agony","Tactician"],"picked":"SKIP","floor":7},{"not_picked":["Deflect","Slice","Dagger Spray"],"picked":"SKIP","floor":8},{"not_picked":["Blade Dance+1","Tactician+1"],"picked":"Deflect+1","floor":13},{"not_picked":["Underhanded Strike","Unload","Tactician+1"],"picked":"SKIP","floor":14}],"player_experience":587327,"relics_obtained":[{"floor":8,"key":"Toxic Egg 2"},{"floor":9,"key":"Bag of Marbles"}],"event_choices":[{"damage_healed":0,"gold_gain":0,"player_choice":"Take Wound","damage_taken":0,"relics_obtained":["Golden Idol"],"max_hp_gain":0,"max_hp_loss":0,"event_name":"Golden Idol","floor":2,"gold_loss":0,"cards_obtained":["Injury"]},{"damage_healed":0,"gold_gain":0,"player_choice":"Bought 2 Potions","damage_taken":0,"max_hp_gain":0,"max_hp_loss":0,"event_name":"The Woman in Blue","floor":10,"gold_loss":0}],"is_beta":false,"boss_relics":[],"items_purged_floors":[3],"is_endless":false,"potions_floor_spawned":[1,5,7,13],"killed_by":"The Guardian","ascension_level":0}