{"path_per_floor":["M","M","?","?","M","R","M","R","T","M","R","M","R","M","R","B",null,"M","M","?","$","?","R","M","M","T","E","M","R","M","M","R","B",null,"M","$","M","M","M","R","M","R","T","?","R","$","?","M","R","B"],"character_chosen":"IRONCLAD","items_purchased":["Toolbox","Shrug It Off","Gambling Chip","Power Through","Orichalcum","Armaments"],"gold_per_floor":[112,127,127,127,148,148,166,166,166,181,181,199,199,213,213,334,334,352,373,373,108,149,149,170,193,193,233,246,246,270,289,289,419,419,442,76,99,112,130,130,143,143,166,388,388,187,187,210,210,210],"floor_reached":51,"campfire_rested":2,"playtime":9857,"current_hp_per_floor":[80,80,77,74,72,72,74,74,74,74,74,74,74,74,74,59,74,74,69,69,69,53,53,43,35,35,20,26,48,54,53,74,74,74,74,74,74,74,74,74,74,74,74,74,74,74,74,74,74,74],"items_purged":[],"gold":210,"score":740,"play_id":"4e4cc404-1a6f-4f4b-99dc-65a72bb85e74","local_time":"20180512045032","is_prod":false,"is_daily":false,"chose_seed":false,"is_ascension_mode":false,"campfire_upgraded":10,"timestamp":1526093432,"path_taken":["M","M","?","?","M","R","M","R","T","M","R","M","R","M","R","BOSS","M","M","?","$","?","R","?","M","T","E","M","R","M","M","R","BOSS","M","$","M","M","?","R","?","R","T","?","R","$","?","M","R","BOSS"],"build_version":"2018-05-10","seed_source_timestamp":126278625744270,"purchased_purges":0,"victory":true,"master_deck":["Strike_R+1","Strike_R+1","Strike_R+1","Strike_R+1","Strike_R+1","Defend_R+1","Defend_R+1","Defend_R+1","Defend_R+1","Bash+1","Clash","Armaments+1","Twin Strike","Clash","Metallicize+1","Warcry+1","Entrench+1","Barricade+1","Clash+1","Body Slam+1","Shrug It Off","Body Slam+1","Pommel Strike+1","Body Slam+1","Thunderclap+1","Rage+1","Power Through+1","Offering","Headbutt+1","Power Through+1","Infernal Blade+1","Iron Wave","Armaments","Mind Blast"],"max_hp_per_floor":[80,80,80,74,74,74,74,74,74,74,74,74,74,74,74,74,74,74,74,74,74,74,74,74,74,74,74,74,74,74,74,74,74,74,74,74,74,74,74,74,74,74,74,74,74,74,74,74,74,74],"relics":["Burning Blood","Torii","Golden Idol","Champion Belt","Sozu","Toolbox","Red Mask","Happy Flower","Bottled Tornado","Eternal Feather","Gambling Chip","Whetstone","Orichalcum"],"card_choices":[{"not_picked":["Bloodletting","Whirlwind"],"picked":"Clash","floor":1},{"not_picked":["Blood for Blood","Metallicize"],"picked":"Armaments","floor":2},{"not_picked":["Thunderclap","Inflame"],"picked":"Twin Strike","floor":5},{"not_picked":["Dual Wield","Corruption"],"picked":"Clash","floor":7},{"not_picked":["Feel No Pain","True Grit"],"picked":"Metallicize","floor":10},{"not_picked":["Pummel","Blood for Blood"],"picked":"Warcry","floor":12},{"not_picked":["Corruption","Warcry"],"picked":"Entrench","floor":14},{"not_picked":["Reaper","Juggernaut"],"picked":"Barricade","floor":16},{"not_picked":["Anger","Battle Trance"],"picked":"Clash","floor":18},{"not_picked":["True Grit","Clothesline"],"picked":"Body Slam","floor":19},{"not_picked":["Twin Strike","Flex"],"picked":"Body Slam","floor":22},{"not_picked":["Reaper","Warcry"],"picked":"Pommel Strike","floor":24},{"not_picked":["Pummel","Pommel Strike"],"picked":"Body Slam","floor":25},{"not_picked":["Cleave","Warcry"],"picked":"Thunderclap","floor":27},{"not_picked":["Clothesline","Sword Boomerang"],"picked":"Rage","floor":30},{"not_picked":["Twin Strike","Barricade"],"picked":"Power Through","floor":31},{"not_picked":["Berserk","Bludgeon"],"picked":"Offering","floor":33},{"not_picked":["Pommel Strike","Perfected Strike"],"picked":"Headbutt","floor":35},{"not_picked":["Cleave","Anger"],"picked":"Infernal Blade","floor":37},{"not_picked":["Perfected Strike","Reaper"],"picked":"Iron Wave","floor":39},{"not_picked":["Bandage Up","Jack Of All Trades"],"picked":"Mind Blast","floor":47}],"player_experience":17407,"potions_floor_usage":[16,16,19],"damage_taken":[{"damage":3,"enemies":"Jaw Worm","floor":1,"turns":5},{"damage":3,"enemies":"Small Slimes","floor":2,"turns":3},{"damage":8,"enemies":"2 Louse","floor":5,"turns":3},{"damage":1,"enemies":"Blue Slaver","floor":7,"turns":3},{"damage":1,"enemies":"2 Fungi Beasts","floor":10,"turns":2},{"damage":0,"enemies":"Looter","floor":12,"turns":3},{"damage":1,"enemies":"3 Louse","floor":14,"turns":3},{"damage":34,"enemies":"The Guardian","floor":16,"turns":8},{"damage":0,"enemies":"Shell Parasite","floor":18,"turns":3},{"damage":11,"enemies":"3 Byrds","floor":19,"turns":5},{"damage":26,"enemies":"Maskierte Banditen","floor":22,"turns":6},{"damage":16,"enemies":"Snake Plant","floor":24,"turns":4},{"damage":14,"enemies":"Snecko","floor":25,"turns":7},{"damage":21,"enemies":"Book of Stabbing","floor":27,"turns":5},{"damage":0,"enemies":"3 Cultists","floor":28,"turns":4},{"damage":0,"enemies":"Sentry and Sphere","floor":30,"turns":4},{"damage":7,"enemies":"Centurion and Healer","floor":31,"turns":4},{"damage":0,"enemies":"Collector","floor":33,"turns":8},{"damage":0,"enemies":"Orb Walker","floor":35,"turns":5},{"damage":0,"enemies":"3 Shapes","floor":37,"turns":4},{"damage":4,"enemies":"3 Darklings","floor":38,"turns":8},{"damage":4,"enemies":"Maw","floor":39,"turns":5},{"damage":4,"enemies":"4 Shapes","floor":41,"turns":4},{"damage":4,"enemies":"Sphere and 2 Shapes","floor":48,"turns":5},{"damage":4,"enemies":"Awakened One","floor":50,"turns":12}],"event_choices":[{"event_name":"Scrap Ooze","player_choice":"success","floor":3,"damage_taken":3},{"event_name":"Golden Idol","player_choice":"Lose Max HP","floor":4,"damage_taken":0},{"event_name":"Back to Basics","player_choice":"Simplicity","floor":20,"damage_taken":0},{"event_name":"Masked Bandits","player_choice":"Fought over 108 gold","floor":22,"damage_taken":0},{"event_name":"Tomb of Lord Red Mask","player_choice":"Wore Mask","floor":44,"damage_taken":0},{"event_name":"SensoryStone","player_choice":"Memory 1","floor":47,"damage_taken":0}],"boss_relics":[{"not_picked":["Velvet Choker","White Beast Statue"],"picked":"Sozu"},{"not_picked":["Philosopher\u0027s Stone","Runic Cube"],"picked":"Eternal Feather"}],"potions_floor_spawned":[1,14,16,18,25,27,28,31,37,41],"seed_played":"5938627189791396915","ascension_level":0,"is_trial":false}