{"path_per_floor":["M","$","?","M","M","E","R","E","T","R","M","R","M","$","R","B",null,"M","?","M","$","M","R","E","R","T","M"],"character_chosen":"THE_SILENT","items_purchased":["Heel Hook"],"gold_per_floor":[19,19,19,34,49,84,84,111,111,111,122,122,139,24,24,119,149,159,84,95,95,109,109,141,141,141,151,151],"floor_reached":28,"campfire_rested":0,"playtime":1179,"item_purchase_floors":[14],"current_hp_per_floor":[70,70,70,70,70,50,50,41,41,41,41,41,40,40,40,30,65,65,65,54,54,42,42,21,21,21,21,0],"items_purged":["Defend_G"],"gold":151,"score":310,"play_id":"298776aa-4911-4759-8529-f57f99226215","local_time":"20180531224156","is_prod":false,"is_daily":false,"chose_seed":false,"is_ascension_mode":true,"campfire_upgraded":6,"win_rate":0,"timestamp":1527820916,"campfire_choices":[{"data":"Terror","floor":7,"key":"SMITH"},{"data":"Calculated Gamble","floor":10,"key":"SMITH"},{"data":"Neutralize","floor":12,"key":"SMITH"},{"data":"Outmaneuver","floor":15,"key":"SMITH"},{"data":"Adrenaline","floor":23,"key":"SMITH"},{"data":"Caltrops","floor":25,"key":"SMITH"}],"path_taken":["M","$","?","M","M","E","R","E","T","R","M","R","M","?","R","BOSS","M","?","M","?","M","R","E","R","T","M","E"],"build_version":"2018-05-30v2","seed_source_timestamp":291416464760708,"purchased_purges":1,"victory":false,"master_deck":["Defend_G+1","Defend_G","Strike_G","Strike_G","Strike_G","Strike_G+1","Survivor+1","Neutralize+1","Terror+1","Outmaneuver+1","Quick Slash","Caltrops+1","Calculated Gamble+1","Masterful Stab","Heel Hook","Adrenaline+1","Underhanded Strike","Underhanded Strike","Underhanded Strike+1","Outmaneuver","Dagger Spray+1","Eviscerate"],"max_hp_per_floor":[70,70,70,70,70,70,70,70,70,70,70,70,70,70,70,70,75,75,75,75,75,75,75,75,75,75,75,75],"relics":["Ring of the Snake","War Paint","Tingsha","Bottled Lightning","Tiny House","Boot","Paper Crane"],"card_choices":[{"not_picked":["Crippling Poison","Backflip"],"picked":"Terror","floor":1},{"not_picked":["Calculated Gamble","Expertise"],"picked":"Outmaneuver","floor":4},{"not_picked":["Infinite Blades","Outmaneuver"],"picked":"Quick Slash","floor":5},{"not_picked":["Tactician","Skewer"],"picked":"Caltrops","floor":6},{"not_picked":["Expertise","Reflex"],"picked":"Calculated Gamble","floor":8},{"not_picked":["Cloak And Dagger","Deadly Poison","Sucker Punch"],"picked":"SKIP","floor":11},{"not_picked":["Slice","Leg Sweep"],"picked":"Masterful Stab","floor":13},{"not_picked":["Burst","Doppelganger"],"picked":"Adrenaline","floor":16},{"not_picked":["Dagger Throw","Quick Slash"],"picked":"Underhanded Strike","floor":17},{"not_picked":["Slice+1","Sucker Punch"],"picked":"Underhanded Strike","floor":18},{"not_picked":["Bouncing Flask","Sucker Punch+1"],"picked":"Underhanded Strike+1","floor":20},{"not_picked":["Leg Sweep","Venomology"],"picked":"Outmaneuver","floor":22},{"not_picked":["Outmaneuver","Leg Sweep"],"picked":"Dagger Spray+1","floor":24},{"not_picked":["Deflect","Underhanded Strike"],"picked":"Eviscerate","floor":27}],"player_experience":236571,"potions_floor_usage":[6,22],"damage_taken":[{"damage":0,"enemies":"Small Slimes","floor":1,"turns":5},{"damage":0,"enemies":"Cultist","floor":4,"turns":3},{"damage":0,"enemies":"2 Louse","floor":5,"turns":4},{"damage":20,"enemies":"Gremlin Nob","floor":6,"turns":4},{"damage":9,"enemies":"Lagavulin","floor":8,"turns":7},{"damage":0,"enemies":"Exordium Thugs","floor":11,"turns":4},{"damage":1,"enemies":"Exordium Wildlife","floor":13,"turns":4},{"damage":10,"enemies":"Hexaghost","floor":16,"turns":7},{"damage":0,"enemies":"3 Byrds","floor":18,"turns":4},{"damage":11,"enemies":"2 Thieves","floor":20,"turns":2},{"damage":12,"enemies":"Centurion and Healer","floor":22,"turns":4},{"damage":21,"enemies":"Gremlin Leader","floor":24,"turns":5},{"damage":0,"enemies":"3 Cultists","floor":27,"turns":3},{"damage":23,"enemies":"Book of Stabbing","floor":28,"turns":2}],"relics_obtained":[{"floor":6,"key":"War Paint"},{"floor":8,"key":"Tingsha"},{"floor":9,"key":"Bottled Lightning"},{"floor":24,"key":"Boot"},{"floor":26,"key":"Paper Crane"}],"event_choices":[{"event_name":"Liars Game","player_choice":"disagreed","floor":3,"damage_taken":0},{"event_name":"Beggar","player_choice":"Gave Gold","floor":19,"damage_taken":0}],"boss_relics":[{"not_picked":["Ectoplasm","Pandora\u0027s Box"],"picked":"Tiny House"}],"items_purged_floors":[14],"potions_floor_spawned":[1,11,16,18,24,27],"seed_played":"6969070396004702160","killed_by":"Book of Stabbing","ascension_level":5,"potions_obtained":[{"floor":1,"key":"Block Potion"},{"floor":11,"key":"Swift Potion"},{"floor":16,"key":"Energy Potion"},{"floor":17,"key":"EssenceOfSteel"},{"floor":24,"key":"Ancient Potion"},{"floor":27,"key":"LiquidBronze"}],"is_trial":false}