{"path_per_floor":["M","?","?","M","M","E","R","M","T","$","R","$","R","M","R","B",null,"M","M","M","M","?","R","M","R","T","E","R","M","E","?","R","B",null,"M","M","T","?","M","R","M","R","T","R","$","M","M","M","R","B"],"character_chosen":"THE_SILENT","items_purchased":["Infinite Blades","Dodge and Roll"],"gold_per_floor":[117,117,67,87,102,134,134,146,146,21,21,21,21,36,36,141,141,141,141,141,141,141,141,141,141,141,141,141,141,141,41,41,41,41,41,41,41,41,41,41,41,41,41,41,41,41,41,41,41,41],"floor_reached":51,"campfire_rested":4,"playtime":7000,"current_hp_per_floor":[59,65,65,62,58,19,39,36,36,36,36,36,36,33,33,15,69,69,68,56,54,54,54,41,41,41,29,64,53,51,51,51,48,69,67,67,67,67,53,63,42,42,42,79,79,77,65,59,79,36],"items_purged":[],"gold":41,"play_id":"267c60d7-fdc3-4a9f-ac07-12613a17d830","is_prod":false,"is_daily":false,"campfire_rituals":0,"campfire_upgraded":1,"is_hardmode":false,"path_taken":["M","?","?","M","M","E","R","M","T","$","R","$","R","M","R","BOSS","M","M","M","M","?","R","M","R","T","E","R","M","E","?","R","BOSS","M","?","?","?","M","R","M","R","T","R","?","M","M","M","R","BOSS"],"build_version":"2018-01-18-PROD4","purchased_purges":1,"victory":true,"master_deck":["Defend_G","Defend_G","Defend_G","Defend_G","Strike_G","Strike_G","Survivor","Neutralize","Blade Dance","Deadly Poison","Deflect","Dagger Spray","Flying Knee","Infinite Blades","Dodge and Roll","Poisoned Stab","Adrenaline","Caltrops","Deadly Poison","Poisoned Stab","Quick Slash","Die Die Die","Outmaneuver","Deflect","Catalyst","J.A.X.","Envenom","Prepared","Blur","Flying Knee","Calculated Gamble"],"max_hp_per_floor":[63,69,69,69,69,69,69,69,69,69,69,69,69,69,69,69,69,69,69,69,69,69,69,69,69,69,69,69,69,69,69,69,69,69,69,69,69,69,69,79,79,79,79,79,79,79,79,79,79,79],"relics":["Ring of the Snake","Darkstone Periapt","Ornamental Fan","Shovel","Matryoshka","Pen Nib","Ectoplasm","Du-Vu Doll","Centennial Puzzle","Anchor","Regal Pillow","Unceasing Top","Bottled Tornado","Whetstone","Sozu","Juzu Bracelet","Blood Vial","Pear","Ancient Tea Set","Sundial"],"campfire_meditates":0,"card_choices":[{"not_picked":["Backflip","Backstab"],"picked":"Blade Dance"},{"not_picked":["Slice","Escape Plan"],"picked":"Deadly Poison"},{"not_picked":["Outmaneuver","Prepared"],"picked":"Deflect"},{"not_picked":["Prepared","Wraith Form"],"picked":"Dagger Spray"},{"not_picked":["Heel Hook","Quick Slash"],"picked":"Flying Knee"},{"not_picked":["Acrobatics","Underhanded Strike"],"picked":"Poisoned Stab"},{"not_picked":["Tactician","Die Die Die"],"picked":"Adrenaline"},{"not_picked":["Cloak And Dagger","Riddle With Holes"],"picked":"Caltrops"},{"not_picked":["Dodge and Roll","Heel Hook"],"picked":"Deadly Poison"},{"not_picked":["Backflip","Quick Slash"],"picked":"Poisoned Stab"},{"not_picked":["Malaise","Flying Knee"],"picked":"Quick Slash"},{"not_picked":["Malaise","Escape Plan"],"picked":"Outmaneuver"},{"not_picked":["Quick Slash","Infinite Blades"],"picked":"Deflect"},{"not_picked":["PiercingWail","A Thousand Cuts"],"picked":"Catalyst"},{"not_picked":["Phantasmal Killer","Doppelganger"],"picked":"Envenom"},{"not_picked":["All Out Attack","Sucker Punch"],"picked":"Prepared"},{"not_picked":["Deflect","Deadly Poison"],"picked":"Blur"},{"not_picked":["Eviscerate","Quick Slash"],"picked":"Flying Knee"},{"not_picked":["Dagger Throw","Deadly Poison"],"picked":"Calculated Gamble"}],"player_experience":87128,"potions_floor_usage":[20,21,30,30],"damage_taken":[{"damage":4.0,"enemies":"Cultist","floor":1.0,"turns":5.0},{"damage":3.0,"enemies":"Blue Slaver","floor":4.0,"turns":7.0},{"damage":4.0,"enemies":"Jaw Worm","floor":5.0,"turns":4.0},{"damage":39.0,"enemies":"Lagavulin","floor":6.0,"turns":11.0},{"damage":3.0,"enemies":"2 Fungi Beasts","floor":8.0,"turns":5.0},{"damage":3.0,"enemies":"Large Slime","floor":14.0,"turns":7.0},{"damage":18.0,"enemies":"Hexaghost","floor":16.0,"turns":9.0},{"damage":0.0,"enemies":"3 Byrds","floor":18.0,"turns":5.0},{"damage":1.0,"enemies":"Chosen","floor":19.0,"turns":5.0},{"damage":12,"enemies":"Snake Plant","floor":20,"turns":4},{"damage":2,"enemies":"Centurion and Healer","floor":21,"turns":7},{"damage":13,"enemies":"3 Cultists","floor":24,"turns":4},{"damage":12,"enemies":"Book of Stabbing","floor":27,"turns":5},{"damage":11,"enemies":"Sentry and Sphere","floor":29,"turns":5},{"damage":2,"enemies":"Slavers","floor":30,"turns":4},{"damage":3,"enemies":"Collector","floor":33,"turns":6},{"damage":2,"enemies":"3 Shapes","floor":35,"turns":3},{"damage":0,"enemies":"Orb Walker","floor":36,"turns":3},{"damage":16,"enemies":"Maw","floor":39,"turns":5},{"damage":23,"enemies":"Sphere and 2 Shapes","floor":41,"turns":4},{"damage":2,"enemies":"4 Shapes","floor":46,"turns":4},{"damage":14,"enemies":"3 Darklings","floor":47,"turns":3},{"damage":8,"enemies":"Maw","floor":48,"turns":5},{"damage":43,"enemies":"Awakened One","floor":50,"turns":10}],"event_choices":[{"event_name":"Big Fish","player_choice":"Box","floor":2.0,"damage_taken":0.0},{"event_name":"The Cleric","player_choice":"Card Removal","floor":3.0,"damage_taken":0.0},{"event_name":"Transmorgrifier","player_choice":"Transform","floor":22,"damage_taken":0},{"event_name":"Drug Dealer","player_choice":"Got JAXXED","floor":31,"damage_taken":0},{"event_name":"Bonfire Elementals","player_choice":"BASIC","floor":38,"damage_taken":0}],"boss_relics":[{"not_picked":["The Specimen","Calling Bell"],"picked":"Sozu"}],"potions_floor_spawned":[1,5,14,16,19,29,30,33,46,48],"seed_played":"5140304819068783436","is_trial":false}