{"gold_per_floor":[213,228,228,243,262,293,468,468,494,524,541,541,573,584,584,681,681,693,710,728,538,549,566,566,591,591,605,623,723,757,767,767,869,869,883,883,900,800,816,845,845,874,953,953,602,615,646,658,658,658],"floor_reached":51,"playtime":4233,"items_purged":["Doubt","Decay","Shame"],"score":878,"play_id":"6d0e24eb-9aa6-4f1e-9cbd-d7e2db58f5c0","local_time":"20190320122507","is_ascension_mode":false,"campfire_choices":[{"data":"Uppercut","floor":8,"key":"SMITH"},{"data":"True Grit","floor":15,"key":"SMITH"},{"data":"Rampage","floor":24,"key":"SMITH"},{"data":"Entrench","floor":32,"key":"SMITH"},{"data":"Feel No Pain","floor":44,"key":"SMITH"},{"data":"Metallicize","floor":49,"key":"SMITH"}],"neow_cost":"NONE","seed_source_timestamp":127803349256345,"circlet_count":0,"master_deck":["Strike_R+1","Strike_R","Strike_R","Strike_R+1","Strike_R+1","Defend_R","Defend_R","Defend_R","Defend_R","Bash","True Grit+1","Uppercut+1","Feel No Pain+1","True Grit+1","Impervious","Shrug It Off","Pummel","Reaper+1","Iron Wave+1","Whirlwind+1","Rampage+1","Shockwave","Body Slam+1","Flame Barrier+1","Offering+1","Entrench+1","Armaments","Corruption+1","Battle Trance","Body Slam+1","Metallicize+1","Metallicize+1","Metallicize+1"],"relics":["Burning Blood","Regal Pillow","Centennial Puzzle","Vajra","StoneCalendar","Potion Belt","Cursed Key","Whetstone","Meat on the Bone","Pocketwatch","Molten Egg 2","Anchor","Orrery","Orichalcum","War Paint","Letter Opener","Oddly Smooth Stone","Lantern"],"potions_floor_usage":[16,16,25,28,29,29,29,40,42],"damage_taken":[{"damage":7,"enemies":"Small Slimes","floor":1,"turns":5},{"damage":1,"enemies":"2 Louse","floor":2,"turns":3},{"damage":1,"enemies":"Jaw Worm","floor":4,"turns":4},{"damage":4,"enemies":"2 Fungi Beasts","floor":5,"turns":5},{"damage":9,"enemies":"3 Sentries","floor":6,"turns":14},{"damage":24,"enemies":"Gremlin Nob","floor":10,"turns":4},{"damage":4,"enemies":"Gremlin Gang","floor":11,"turns":6},{"damage":13,"enemies":"3 Sentries","floor":13,"turns":7},{"damage":3,"enemies":"Exordium Wildlife","floor":14,"turns":5},{"damage":0,"enemies":"Slime Boss","floor":16,"turns":3},{"damage":11,"enemies":"3 Byrds","floor":18,"turns":7},{"damage":19,"enemies":"2 Thieves","floor":19,"turns":4},{"damage":13,"enemies":"Cultist and Chosen","floor":20,"turns":7},{"damage":21,"enemies":"Sentry and Sphere","floor":22,"turns":7},{"damage":1,"enemies":"Snecko","floor":23,"turns":4},{"damage":8,"enemies":"Gremlin Leader","floor":25,"turns":4},{"damage":19,"enemies":"Snake Plant","floor":27,"turns":5},{"damage":15,"enemies":"Shelled Parasite and Fungi","floor":28,"turns":4},{"damage":18,"enemies":"Colosseum Slavers","floor":29,"turns":4},{"damage":6,"enemies":"Colosseum Nobs","floor":29,"turns":1},{"damage":8,"enemies":"Book of Stabbing","floor":30,"turns":6},{"damage":6,"enemies":"Snecko","floor":31,"turns":4},{"damage":14,"enemies":"Automaton","floor":33,"turns":7},{"damage":0,"enemies":"Orb Walker","floor":35,"turns":3},{"damage":21,"enemies":"3 Shapes","floor":37,"turns":4},{"damage":22,"enemies":"Spire Growth","floor":39,"turns":4},{"damage":20,"enemies":"Reptomancer","floor":40,"turns":6},{"damage":0,"enemies":"Giant Head","floor":42,"turns":8},{"damage":6,"enemies":"Maw","floor":46,"turns":7},{"damage":11,"enemies":"Reptomancer","floor":47,"turns":6},{"damage":0,"enemies":"Jaw Worm Horde","floor":48,"turns":6},{"damage":22,"enemies":"Time Eater","floor":50,"turns":14}],"seed_played":"8845599063134971347","potions_obtained":[{"floor":2,"key":"Poison Potion"},{"floor":5,"key":"Energy Potion"},{"floor":10,"key":"SteroidPotion"},{"floor":11,"key":"AttackPotion"},{"floor":13,"key":"Strength Potion"},{"floor":16,"key":"Regen Potion"},{"floor":18,"key":"Strength Potion"},{"floor":19,"key":"Explosive Potion"},{"floor":28,"key":"FearPotion"},{"floor":30,"key":"GamblersBrew"},{"floor":33,"key":"BloodPotion"},{"floor":37,"key":"Fire Potion"},{"floor":46,"key":"BloodPotion"},{"floor":48,"key":"BloodPotion"}],"is_trial":false,"path_per_floor":["M","M","?","M","M","E","?","R","T","E","M","?","E","M","R","B",null,"M","M","M","$","M","M","R","E","T","M","M","?","E","M","R","B",null,"M","?","M","$","M","E","?","E","T","R","$","M","E","M","R","B",null],"character_chosen":"IRONCLAD","items_purchased":["Rampage","Shockwave","Metallicize","Oddly Smooth Stone"],"campfire_rested":0,"item_purchase_floors":[21,21,45,45],"current_hp_per_floor":[79,80,64,69,71,68,68,68,68,50,52,49,42,45,45,51,80,80,72,73,73,58,68,68,80,80,70,61,70,74,79,79,77,80,80,72,71,71,64,60,60,76,76,76,76,80,80,80,80,64],"gold":658,"neow_bonus":"HUNDRED_GOLD","is_prod":false,"is_daily":false,"chose_seed":false,"campfire_upgraded":6,"win_rate":0,"timestamp":1553099107,"path_taken":["M","M","?","M","M","E","?","R","T","E","M","?","E","M","R","BOSS","M","M","M","$","M","M","R","E","T","M","M","?","E","M","R","BOSS","M","?","M","$","?","E","?","E","T","R","$","M","E","M","R","BOSS"],"build_version":"2019-01-23","purchased_purges":3,"victory":true,"max_hp_per_floor":[80,80,80,80,80,80,80,80,80,80,80,80,80,80,80,80,80,80,80,80,80,80,80,80,80,80,80,80,80,80,80,80,80,80,80,80,80,80,80,80,80,80,80,80,80,80,80,80,80,80],"card_choices":[{"not_picked":["Iron Wave","Clash"],"picked":"True Grit","floor":1},{"not_picked":["Twin Strike","Dropkick"],"picked":"Uppercut","floor":2},{"not_picked":["Sword Boomerang","Metallicize"],"picked":"Feel No Pain","floor":4},{"not_picked":["Body Slam","Iron Wave"],"picked":"True Grit","floor":5},{"not_picked":["Pommel Strike","Headbutt","Warcry"],"picked":"SKIP","floor":6},{"not_picked":["True Grit","Heavy Blade"],"picked":"Impervious","floor":10},{"not_picked":["True Grit","Dual Wield","Wild Strike"],"picked":"SKIP","floor":11},{"not_picked":["Havoc","Reckless Charge"],"picked":"Shrug It Off","floor":13},{"not_picked":["Bloodletting","Clothesline"],"picked":"Pummel","floor":14},{"not_picked":["Offering","Impervious"],"picked":"Reaper","floor":16},{"not_picked":["Clothesline","Anger","True Grit"],"picked":"SKIP","floor":18},{"not_picked":["Anger","Clothesline"],"picked":"Iron Wave+1","floor":19},{"not_picked":["Sentinel+1","Iron Wave"],"picked":"Whirlwind+1","floor":20},{"not_picked":["Intimidate","Pommel Strike"],"picked":"Body Slam+1","floor":22},{"not_picked":["Perfected Strike","Pommel Strike+1"],"picked":"Flame Barrier+1","floor":23},{"not_picked":["Clothesline","Seeing Red"],"picked":"Offering","floor":25},{"not_picked":["Thunderclap+1","Heavy Blade+1","Havoc+1"],"picked":"SKIP","floor":27},{"not_picked":["Seeing Red+1","Perfected Strike"],"picked":"Entrench","floor":28},{"not_picked":["Shrug It Off","Perfected Strike+1"],"picked":"Armaments","floor":30},{"not_picked":["Uppercut+1","Armaments"],"picked":"Corruption+1","floor":31},{"not_picked":["Flex+1","Shockwave+1"],"picked":"Battle Trance","floor":34},{"not_picked":["Armaments+1","Headbutt+1"],"picked":"Body Slam+1","floor":34},{"not_picked":["Clash+1","Armaments+1","Infernal Blade"],"picked":"SKIP","floor":35},{"not_picked":["Armaments","Evolve+1","Ghostly Armor"],"picked":"SKIP","floor":37},{"not_picked":["Pommel Strike+1","Infernal Blade","Clash+1"],"picked":"SKIP","floor":39},{"not_picked":["Demon Form","Rage+1"],"picked":"Metallicize+1","floor":40},{"not_picked":["Intimidate+1","Evolve+1","Havoc+1"],"picked":"SKIP","floor":42},{"not_picked":["Sword Boomerang+1","True Grit+1"],"picked":"Metallicize+1","floor":46},{"not_picked":["Thunderclap+1","Armaments","Uppercut+1"],"picked":"SKIP","floor":47},{"not_picked":["Clothesline+1","Body Slam+1","Cleave+1"],"picked":"SKIP","floor":48}],"player_experience":630843,"relics_obtained":[{"floor":6,"key":"Regal Pillow"},{"floor":9,"key":"Centennial Puzzle"},{"floor":10,"key":"Vajra"},{"floor":13,"key":"Potion Belt"},{"floor":25,"key":"Whetstone"},{"floor":26,"key":"Meat on the Bone"},{"floor":29,"key":"Pocketwatch"},{"floor":29,"key":"Molten Egg 2"},{"floor":30,"key":"Anchor"},{"floor":40,"key":"Orichalcum"},{"floor":42,"key":"War Paint"},{"floor":43,"key":"Letter Opener"},{"floor":47,"key":"Lantern"}],"event_choices":[{"damage_healed":0,"gold_gain":0,"player_choice":"Entered Light","damage_taken":16,"max_hp_gain":0,"max_hp_loss":0,"event_name":"Shining Light","floor":3,"gold_loss":0,"cards_upgraded":["Strike_R","Strike_R"]},{"damage_healed":0,"gold_gain":175,"player_choice":"AGREE","damage_taken":0,"max_hp_gain":0,"max_hp_loss":0,"event_name":"Liars Game","floor":7,"gold_loss":0,"cards_obtained":["Doubt"]},{"damage_healed":0,"gold_gain":0,"player_choice":"Success","damage_taken":3,"relics_obtained":["StoneCalendar"],"max_hp_gain":0,"max_hp_loss":0,"event_name":"Scrap Ooze","floor":12,"gold_loss":0},{"damage_healed":0,"gold_gain":0,"player_choice":"Fight","damage_taken":0,"max_hp_gain":0,"max_hp_loss":0,"event_name":"Colosseum","floor":29,"gold_loss":0},{"damage_healed":0,"gold_gain":0,"player_choice":"Fought Nobs","damage_taken":0,"max_hp_gain":0,"max_hp_loss":0,"event_name":"Colosseum","floor":29,"gold_loss":0},{"damage_healed":0,"gold_gain":0,"player_choice":"Damaged","damage_taken":8,"max_hp_gain":0,"max_hp_loss":0,"event_name":"Wheel of Change","floor":36,"gold_loss":0},{"damage_healed":0,"gold_gain":0,"player_choice":"Ignored","damage_taken":0,"max_hp_gain":0,"max_hp_loss":0,"event_name":"Tomb of Lord Red Mask","floor":41,"gold_loss":0}],"is_beta":false,"boss_relics":[{"not_picked":["Busted Crown","Lizard Tail"],"picked":"Cursed Key"},{"not_picked":["Runic Pyramid","White Beast Statue"],"picked":"Orrery"}],"items_purged_floors":[21,38,45],"is_endless":false,"potions_floor_spawned":[2,5,10,11,13,16,18,19,28,29,30,33,37,46,48],"ascension_level":0}