{"gold_per_floor":[117,117,131,56,56,83,83,114,114,114,145,165,165],"floor_reached":13,"playtime":340,"items_purged":["Strike_B"],"score":202,"play_id":"f34c16cb-0617-47e5-aa49-c3ba76abda67","local_time":"20180902142348","is_ascension_mode":true,"campfire_choices":[{"data":"Zap","floor":7,"key":"SMITH"},{"data":"Zap","floor":10,"key":"SMITH"}],"neow_cost":"NONE","seed_source_timestamp":1055227967777274,"circlet_count":0,"master_deck":["Strike_B","Strike_B","Strike_B","Defend_B","Defend_B","Defend_B","Defend_B","Zap+1","Dualcast","AscendersBane","White Noise","Zap+1","Darkness","Genetic Algorithm","Beam Cell+1","Loop"],"relics":["Cracked Core","NeowsBlessing","StoneCalendar","Bottled Flame","Smiling Mask","Molten Egg 2"],"potions_floor_usage":[13,13],"damage_taken":[{"damage":0,"enemies":"Small Slimes","floor":1,"turns":1},{"damage":0,"enemies":"Cultist","floor":3,"turns":1},{"damage":0,"enemies":"3 Sentries","floor":6,"turns":1},{"damage":46,"enemies":"Gremlin Nob","floor":8,"turns":5},{"damage":20,"enemies":"Lagavulin","floor":11,"turns":6},{"damage":6,"enemies":"Jaw Worm","floor":12,"turns":4},{"damage":20,"enemies":"Gremlin Nob","floor":13,"turns":2}],"seed_played":"1920764033977880594","potions_obtained":[{"floor":11,"key":"Poison Potion"},{"floor":12,"key":"Regen Potion"}],"is_trial":false,"path_per_floor":["M","?","M","$","?","E","R","E","T","R","E","M"],"character_chosen":"DEFECT","items_purchased":[],"campfire_rested":0,"item_purchase_floors":[],"current_hp_per_floor":[68,68,68,68,73,73,73,27,27,27,7,1,0],"gold":165,"neow_bonus":"THREE_ENEMY_KILL","is_prod":false,"is_daily":false,"chose_seed":false,"campfire_upgraded":2,"win_rate":0,"timestamp":1535891028,"path_taken":["M","?","M","?","?","E","R","E","T","R","E","M","E"],"build_version":"2018-08-30","purchased_purges":1,"victory":false,"max_hp_per_floor":[75,75,75,75,80,80,80,80,80,80,80,80,80],"card_choices":[{"not_picked":["Compile Driver","Stack"],"picked":"White Noise","floor":1},{"not_picked":["Fusion","Gash"],"picked":"Darkness","floor":3},{"not_picked":["Barrage","Hologram","Redo"],"picked":"SKIP","floor":6},{"not_picked":["Force Field","Hello World"],"picked":"Genetic Algorithm","floor":8},{"not_picked":["Amplify","Sweeping Beam"],"picked":"Beam Cell","floor":11},{"not_picked":["Redo","Beam Cell+1"],"picked":"Loop","floor":12}],"player_experience":142967,"relics_obtained":[{"floor":6,"key":"StoneCalendar"},{"floor":8,"key":"Bottled Flame"},{"floor":9,"key":"Smiling Mask"},{"floor":11,"key":"Molten Egg 2"}],"event_choices":[{"event_name":"Match and Keep!","player_choice":"1 cards matched","floor":2,"damage_taken":0},{"event_name":"Big Fish","player_choice":"Donut","floor":5,"damage_taken":0}],"is_beta":true,"boss_relics":[],"items_purged_floors":[4],"is_endless":false,"potions_floor_spawned":[11,12],"killed_by":"Gremlin Nob","ascension_level":12}