{"gold_per_floor":[114,125,141,155,168,168,200,200,282,302,302,250,277,292,292,392,392,411,429,353,268,268,297,315,315,364,379,379,396,23,37,37,135,135,149,149,168,216,236,271,0,0,0,20,20,46,46,46,46,46],"floor_reached":51,"playtime":2820,"items_purged":["Strike_G"],"score":764,"play_id":"333a01f0-0971-486d-9072-2a4961e88254","local_time":"20180815232154","is_ascension_mode":false,"campfire_choices":[{"floor":6,"key":"REST"},{"data":"1","floor":8,"key":"LIFT"},{"floor":11,"key":"REST"},{"data":"2","floor":15,"key":"LIFT"},{"data":"3","floor":25,"key":"LIFT"},{"floor":28,"key":"REST"},{"floor":32,"key":"REST"},{"floor":42,"key":"REST"},{"data":"Envenom","floor":45,"key":"SMITH"},{"data":"Footwork","floor":49,"key":"SMITH"}],"neow_cost":"PERCENT_DAMAGE","seed_source_timestamp":98569744284920,"circlet_count":0,"master_deck":["Defend_G","Defend_G","Defend_G","Defend_G","Defend_G","Strike_G","Strike_G","Strike_G","Survivor","Neutralize","Prepared","Dodge and Roll","Quick Slash","Riddle With Holes","Deflect+1","Blade Dance+1","Adrenaline+1","Quick Slash","Bullet Time+1","Cloak And Dagger+1","Envenom+1","RitualDagger","Cloak And Dagger+1","Cloak And Dagger+1","Bandage Up+1","Burst+1","Cloak And Dagger+1","Prepared+1","Catalyst+1","Cloak And Dagger+1","Dagger Spray+1","Footwork+1","Backstab","Catalyst+1"],"relics":["Ring of the Snake","Girya","Pen Nib","Toxic Egg 2","Peace Pipe","Lizard Tail","Omamori","Oddly Smooth Stone","Bag of Marbles","Potion Belt","Black Star","Incense Burner","Prayer Wheel","Lantern","Regal Pillow","Red Mask","Matryoshka","Blood Vial","Juzu Bracelet"],"potions_floor_usage":[5,7,16,23,31,40,50,50,50,50],"damage_taken":[{"damage":2,"enemies":"Cultist","floor":1,"turns":4},{"damage":0,"enemies":"2 Louse","floor":2,"turns":4},{"damage":3,"enemies":"Small Slimes","floor":3,"turns":5},{"damage":5,"enemies":"Looter","floor":4,"turns":5},{"damage":2,"enemies":"Exordium Wildlife","floor":5,"turns":5},{"damage":17,"enemies":"3 Sentries","floor":7,"turns":9},{"damage":4,"enemies":"2 Fungi Beasts","floor":10,"turns":3},{"damage":12,"enemies":"Lagavulin","floor":13,"turns":5},{"damage":0,"enemies":"Exordium Thugs","floor":14,"turns":3},{"damage":31,"enemies":"Slime Boss","floor":16,"turns":9},{"damage":0,"enemies":"Spheric Guardian","floor":18,"turns":1},{"damage":1,"enemies":"Shell Parasite","floor":19,"turns":3},{"damage":20,"enemies":"Slavers","floor":23,"turns":5},{"damage":6,"enemies":"3 Cultists","floor":24,"turns":5},{"damage":4,"enemies":"Centurion and Healer","floor":27,"turns":2},{"damage":0,"enemies":"Chosen and Byrds","floor":29,"turns":5},{"damage":20,"enemies":"Snake Plant","floor":31,"turns":4},{"damage":48,"enemies":"Champ","floor":33,"turns":10},{"damage":0,"enemies":"Orb Walker","floor":35,"turns":2},{"damage":12,"floor":36,"turns":7},{"damage":0,"enemies":"3 Shapes","floor":37,"turns":2},{"damage":4,"floor":38,"turns":2},{"damage":2,"enemies":"Spire Growth","floor":39,"turns":3},{"damage":39,"enemies":"2 Orb Walkers","floor":40,"turns":6},{"damage":3,"enemies":"Sphere and 2 Shapes","floor":44,"turns":3},{"damage":1,"enemies":"Giant Head","floor":46,"turns":5},{"damage":31,"enemies":"Donu and Deca","floor":50,"turns":6}],"seed_played":"1414966653049194143","potions_obtained":[{"floor":3,"key":"Explosive Potion"},{"floor":5,"key":"PowerPotion"},{"floor":7,"key":"LiquidBronze"},{"floor":13,"key":"SmokeBomb"},{"floor":14,"key":"Block Potion"},{"floor":19,"key":"Energy Potion"},{"floor":24,"key":"SpeedPotion"},{"floor":27,"key":"Regen Potion"},{"floor":29,"key":"PowerPotion"},{"floor":37,"key":"GamblersBrew"},{"floor":38,"key":"AttackPotion"},{"floor":39,"key":"SteroidPotion"},{"floor":46,"key":"Swift Potion"}],"is_trial":false,"path_per_floor":["M","M","M","M","M","R","E","R","T","M","R","$","E","M","R","B",null,"M","M","$","?","?","E","M","R","T","M","R","M","$","M","R","B",null,"M","?","M","?","M","E","?","R","T","M","R","E","?","?","R","B"],"character_chosen":"THE_SILENT","items_purchased":["Blade Dance+1","Envenom","Potion Belt","Cloak And Dagger+1","Bandage Up+1"],"campfire_rested":5,"item_purchase_floors":[12,20,30,30,30],"current_hp_per_floor":[47,47,44,39,37,58,41,41,41,37,58,58,46,46,46,15,70,70,69,69,69,63,43,37,37,37,33,54,54,54,40,61,19,70,70,60,60,62,66,32,32,68,68,70,70,69,70,70,70,51],"gold":46,"neow_bonus":"ONE_RARE_RELIC","is_prod":false,"is_daily":false,"chose_seed":false,"campfire_upgraded":2,"win_rate":0,"timestamp":1534400514,"path_taken":["M","?","M","M","M","R","E","R","T","M","R","?","E","?","R","BOSS","M","M","$","?","?","E","M","R","T","?","R","M","$","M","R","BOSS","M","?","M","?","?","E","?","R","T","M","R","E","?","?","R","BOSS"],"build_version":"2018-08-09","purchased_purges":1,"victory":true,"max_hp_per_floor":[70,70,70,70,70,70,70,70,70,70,70,70,70,70,70,70,70,70,70,70,70,70,70,70,70,70,70,70,70,70,70,70,70,70,70,70,70,70,70,70,70,70,70,70,70,70,70,70,70,70],"card_choices":[{"not_picked":["Underhanded Strike","Expertise"],"picked":"Prepared","floor":1},{"not_picked":["Catalyst","Deflect"],"picked":"Dodge and Roll","floor":2},{"not_picked":["PiercingWail","Reflex"],"picked":"Quick Slash","floor":3},{"not_picked":["Slice","PiercingWail","Acrobatics"],"picked":"SKIP","floor":4},{"not_picked":["Flechettes","Deflect"],"picked":"Riddle With Holes","floor":5},{"not_picked":["Concentrate","Slice","Poisoned Stab"],"picked":"SKIP","floor":7},{"not_picked":["Underhanded Strike","Slice"],"picked":"Deflect+1","floor":10},{"not_picked":["Infinite Blades","Poisoned Stab"],"picked":"Adrenaline+1","floor":13},{"not_picked":["Acrobatics+1","Accuracy"],"picked":"Quick Slash","floor":14},{"not_picked":["Phantasmal Killer+1","Grand Finale"],"picked":"Bullet Time+1","floor":16},{"not_picked":["Dagger Throw","Bane","Underhanded Strike"],"picked":"SKIP","floor":18},{"not_picked":["Prepared+1","Underhanded Strike"],"picked":"Cloak And Dagger+1","floor":19},{"not_picked":["Deadly Poison+1","Slice"],"picked":"Cloak And Dagger+1","floor":23},{"not_picked":["Dagger Throw","Poisoned Stab","Dash"],"picked":"SKIP","floor":24},{"not_picked":["Tactician+1","Deadly Poison+1","PiercingWail+1"],"picked":"SKIP","floor":27},{"not_picked":["Deadly Poison+1","Outmaneuver+1","Acrobatics+1"],"picked":"SKIP","floor":29},{"not_picked":["Setup+1","Finisher","Bouncing Flask+1"],"picked":"SKIP","floor":31},{"not_picked":["Storm of Steel+1","Die Die Die"],"picked":"Burst+1","floor":33},{"not_picked":["Tactician+1","Slice"],"picked":"Cloak And Dagger+1","floor":35},{"not_picked":["Dagger Throw","Deadly Poison+1"],"picked":"Prepared+1","floor":36},{"not_picked":["Dagger Throw+1","Bane+1"],"picked":"Catalyst+1","floor":37},{"not_picked":["Caltrops","Concentrate+1"],"picked":"Cloak And Dagger+1","floor":39},{"not_picked":["Well Laid Plans","Concentrate+1","Quick Slash"],"picked":"SKIP","floor":39},{"not_picked":["Sucker Punch+1","Underhanded Strike"],"picked":"Dagger Spray+1","floor":40},{"not_picked":["Expertise+1","Outmaneuver+1"],"picked":"Footwork","floor":44},{"not_picked":["Backstab","Skewer+1","Concentrate+1"],"picked":"SKIP","floor":44},{"not_picked":["Skewer+1","Concentrate+1"],"picked":"Backstab","floor":44},{"not_picked":["Bouncing Flask+1","Dagger Spray"],"picked":"Catalyst+1","floor":46}],"player_experience":404916,"relics_obtained":[{"floor":7,"key":"Pen Nib"},{"floor":9,"key":"Toxic Egg 2"},{"floor":13,"key":"Peace Pipe"},{"floor":23,"key":"Oddly Smooth Stone"},{"floor":26,"key":"Bag of Marbles"},{"floor":36,"key":"Incense Burner"},{"floor":38,"key":"Prayer Wheel"},{"floor":40,"key":"Lantern"},{"floor":40,"key":"Regal Pillow"},{"floor":43,"key":"Matryoshka"},{"floor":46,"key":"Blood Vial"},{"floor":46,"key":"Juzu Bracelet"}],"event_choices":[{"event_name":"Addict","player_choice":"Obtained Relic","floor":21,"damage_taken":0},{"event_name":"Nest","player_choice":"Joined the Cult","floor":22,"damage_taken":0},{"event_name":"MindBloom","player_choice":"Fight","floor":36,"damage_taken":0},{"event_name":"Mysterious Sphere","player_choice":"Fight","floor":38,"damage_taken":0},{"event_name":"Tomb of Lord Red Mask","player_choice":"Paid","floor":41,"damage_taken":0},{"event_name":"Wheel of Change","player_choice":"Full Heal","floor":47,"damage_taken":0},{"event_name":"Falling","player_choice":"Removed Attack","floor":48,"damage_taken":0}],"is_beta":false,"boss_relics":[{"not_picked":["Philosopher\u0027s Stone","Runic Pyramid"],"picked":"Lizard Tail"},{"not_picked":["Eternal Feather","Empty Cage"],"picked":"Black Star"}],"items_purged_floors":[30],"is_endless":false,"potions_floor_spawned":[3,5,7,13,14,19,24,27,29,37,38,39,46],"ascension_level":0}