{"path_per_floor":["M","M","?","$","?","R","E","M","T","?","R","M","M","M","R","B",null,"M","$","M","M","?","E","M","R","T","R","$","R","M","M","R","B",null,"M","M","?","$","M","R","E","M","T","R","?","M","$","M","R","B"],"character_chosen":"THE_SILENT","items_purchased":["Well Laid Plans","Poisoned Stab","Apotheosis","Caltrops","Panache"],"gold_per_floor":[119,139,139,36,36,36,66,79,79,79,79,94,109,128,128,224,224,234,39,58,75,0,27,42,42,91,91,57,57,72,91,91,188,188,207,219,219,12,26,26,52,65,113,113,113,125,50,64,64,64],"floor_reached":51,"campfire_rested":5,"playtime":5229,"current_hp_per_floor":[68,68,56,56,56,56,31,31,31,31,31,31,31,27,63,27,70,68,68,63,47,47,9,6,42,42,42,42,42,33,14,50,51,70,66,47,47,47,29,65,22,11,11,47,47,53,53,47,47,1],"items_purged":["Pain"],"gold":64,"play_id":"0aff51ea-123e-41e5-ad9a-d0f9661f2b0f","is_prod":false,"is_daily":false,"campfire_rituals":0,"campfire_upgraded":5,"is_hardmode":false,"path_taken":["M","?","?","$","?","R","E","M","T","?","R","M","?","M","R","BOSS","M","$","M","M","?","E","M","R","T","R","$","R","M","M","R","BOSS","M","M","?","$","M","R","E","M","T","R","?","M","$","M","R","BOSS"],"build_version":"2018-01-18-PROD4","purchased_purges":1,"victory":true,"master_deck":["Defend_G","Defend_G","Defend_G","Defend_G","Defend_G","Strike_G","Strike_G","Survivor","Neutralize","Clumsy","Adrenaline","Flying Knee","Slice","Well Laid Plans","Poisoned Stab","All Out Attack","Blur","Sucker Punch","Dagger Throw","Infinite Blades","Flying Knee","Poisoned Stab","Apotheosis","Infinite Blades","Accuracy","Backflip","Poisoned Stab","Caltrops","Blade Dance","Prepared","Venomology","Backflip","Poisoned Stab","Panache","Flying Knee","Deflect","PiercingWail","Acrobatics","Terror"],"max_hp_per_floor":[70,70,70,70,70,70,70,70,70,70,70,70,70,70,70,70,70,70,70,70,70,70,70,70,70,70,70,70,70,70,70,70,70,70,70,70,70,70,70,70,70,70,70,70,70,70,70,70,70,70],"relics":["Ring of the Snake","Lantern","Regal Pillow","Du-Vu Doll","White Beast Statue","Sundial","Bag of Preparation","Cursed Key","Thread and Needle","Blood Vial"],"campfire_meditates":0,"card_choices":[{"not_picked":["Wraith Form","Unload"],"picked":"Adrenaline"},{"not_picked":["Dodge and Roll","Deflect"],"picked":"Flying Knee"},{"not_picked":["Distraction","Deadly Poison"],"picked":"Slice"},{"not_picked":["Dagger Spray","Outmaneuver"],"picked":"Blur"},{"not_picked":["Slice","Corpse Explosion"],"picked":"Sucker Punch"},{"not_picked":["Deadly Poison","Accuracy"],"picked":"Dagger Throw"},{"not_picked":["Sucker Punch","Quick Slash"],"picked":"Infinite Blades"},{"not_picked":["PiercingWail","Endless Agony"],"picked":"Flying Knee"},{"not_picked":["Acrobatics","Heel Hook"],"picked":"Poisoned Stab"},{"not_picked":["Bane","Cloak And Dagger"],"picked":"Infinite Blades"},{"not_picked":["Eviscerate","Backflip"],"picked":"Accuracy"},{"not_picked":["Well Laid Plans","Die Die Die"],"picked":"Backflip"},{"not_picked":["Quick Slash","Dagger Throw"],"picked":"Poisoned Stab"},{"not_picked":["Underhanded Strike","Riddle With Holes"],"picked":"Blade Dance"},{"not_picked":["Finisher","Flying Knee"],"picked":"Prepared"},{"not_picked":["Phantasmal Killer","Night Terror"],"picked":"Venomology"},{"not_picked":["Malaise","Reflex"],"picked":"Backflip"},{"not_picked":["Prepared","Leg Sweep"],"picked":"Poisoned Stab"},{"not_picked":["Deadly Poison","Dagger Throw"],"picked":"Flying Knee"},{"not_picked":["Backflip","Reflex"],"picked":"Deflect"},{"not_picked":["Malaise","Outmaneuver"],"picked":"PiercingWail"},{"not_picked":["Prepared","Catalyst"],"picked":"Acrobatics"},{"not_picked":["Bane","Masterful Stab"],"picked":"Terror"}],"player_experience":107433,"potions_floor_usage":[20,21,23,24,24,30,33,35,36,36,39,41,41,41,46,46,48,48,50,50,50,50],"damage_taken":[{"damage":2,"enemies":"Blue Slaver","floor":1,"turns":6},{"damage":0,"enemies":"Jaw Worm","floor":2,"turns":4},{"damage":25,"enemies":"Lagavulin","floor":7,"turns":7},{"damage":0,"enemies":"Cultist","floor":8,"turns":3},{"damage":0,"enemies":"Large Slime","floor":12,"turns":4},{"damage":0,"enemies":"2 Fungi Beasts","floor":13,"turns":2},{"damage":4,"enemies":"Gremlin Gang","floor":14,"turns":2},{"damage":36,"enemies":"The Guardian","floor":16,"turns":12},{"damage":2,"enemies":"Chosen","floor":18,"turns":3},{"damage":5,"enemies":"Spheric Guardian","floor":20,"turns":4},{"damage":16,"enemies":"Centurion and Healer","floor":21,"turns":5},{"damage":38,"enemies":"Book of Stabbing","floor":23,"turns":6},{"damage":3,"enemies":"Snecko","floor":24,"turns":4},{"damage":9,"enemies":"3 Cultists","floor":30,"turns":4},{"damage":19,"enemies":"Snake Plant","floor":31,"turns":4},{"damage":14,"enemies":"Champ","floor":33,"turns":13},{"damage":4,"enemies":"3 Darklings","floor":35,"turns":3},{"damage":19,"enemies":"3 Shapes","floor":36,"turns":3},{"damage":18,"enemies":"Maw","floor":39,"turns":7},{"damage":43,"enemies":"2 Orb Walkers","floor":41,"turns":5},{"damage":11,"enemies":"Sphere and 2 Shapes","floor":42,"turns":5},{"damage":5,"enemies":"3 Darklings","floor":46,"turns":4},{"damage":8,"enemies":"4 Shapes","floor":48,"turns":6},{"damage":48,"enemies":"Donu and Deca","floor":50,"turns":9}],"event_choices":[{"event_name":"Scrap Ooze","player_choice":"success","floor":3,"damage_taken":12},{"event_name":"Transmorgrifier","player_choice":"Transform","floor":5,"damage_taken":0},{"event_name":"Liars Game","player_choice":"disagreed","floor":10,"damage_taken":0},{"event_name":"Beggar","player_choice":"Gave Gold","floor":22,"damage_taken":0},{"event_name":"Mysterious Sphere","player_choice":"Ignore","floor":37,"damage_taken":0},{"event_name":"Purifier","player_choice":"One Purge","floor":45,"damage_taken":0}],"boss_relics":[{"not_picked":["Ectoplasm","Tiny House"],"picked":"White Beast Statue"},{"not_picked":["Snecko Eye","Sozu"],"picked":"Cursed Key"}],"potions_floor_spawned":[7,13,16,18,20,21,23,24,30,31,33,35,36,39,41,42,46,48],"seed_played":"2002373440802396329","is_trial":false}