{"gold_per_floor":[111,36,46,62,62,62,94,94,94,94,123,136,153,172,172,246,246,257,45,60,60,60,60,60],"floor_reached":24,"playtime":814,"items_purged":[],"score":402,"play_id":"6c6066df-4e1e-4df4-a06e-5c9fb6453ff8","local_time":"20180926231301","is_ascension_mode":true,"campfire_choices":[{"data":"Zap","floor":6,"key":"SMITH"},{"floor":8,"key":"REST"},{"floor":10,"key":"REST"},{"data":"Dualcast","floor":15,"key":"SMITH"},{"data":"Sunder","floor":23,"key":"SMITH"}],"neow_cost":"CURSE","seed_source_timestamp":987886492760300,"circlet_count":0,"master_deck":["Defend_B","Defend_B","Defend_B","Zap+1","Dualcast+1","AscendersBane","Amplify","Compile Driver","Rip and Tear","BootSequence","White Noise","Conserve Battery","Capacitor","Machine Learning","Reprogram+1","Rainbow+1","Fusion+1","Go for the Eyes+1","Sunder+1","Conserve Battery","Writhe"],"relics":["Cracked Core","Meat on the Bone","Darkstone Periapt","Mercury Hourglass","Bottled Flame","Astrolabe","Bronze Scales","Boot"],"potions_floor_usage":[7,14,16,16,20],"damage_taken":[{"damage":7,"enemies":"Jaw Worm","floor":1,"turns":2},{"damage":6,"enemies":"Small Slimes","floor":3,"turns":3},{"damage":1,"enemies":"Cultist","floor":4,"turns":3},{"damage":37,"enemies":"Lagavulin","floor":7,"turns":6},{"damage":20,"enemies":"3 Sentries","floor":11,"turns":5},{"damage":3,"enemies":"Blue Slaver","floor":12,"turns":2},{"damage":2,"enemies":"Lots of Slimes","floor":13,"turns":2},{"damage":1,"enemies":"Exordium Thugs","floor":14,"turns":3},{"damage":21,"enemies":"Slime Boss","floor":16,"turns":8},{"damage":15,"enemies":"2 Thieves","floor":18,"turns":3},{"damage":15,"enemies":"Chosen","floor":20,"turns":4},{"damage":73,"enemies":"Gremlin Leader","floor":24,"turns":6}],"seed_played":"372213902016639773","potions_obtained":[{"floor":1,"key":"Strength Potion"},{"floor":11,"key":"FearPotion"},{"floor":12,"key":"FearPotion"},{"floor":14,"key":"Regen Potion"},{"floor":16,"key":"FearPotion"}],"is_trial":false,"path_per_floor":["M","?","M","M","?","R","E","R","T","R","E","M","M","M","R","B",null,"M","$","M","?","?","R"],"character_chosen":"DEFECT","items_purchased":["Bronze Scales","Sunder"],"campfire_rested":2,"item_purchase_floors":[19,19],"current_hp_per_floor":[57,57,51,50,45,45,20,41,41,62,49,46,51,50,50,44,64,49,49,46,52,67,67,0],"gold":60,"neow_bonus":"TRANSFORM_TWO_CARDS","is_prod":false,"is_daily":false,"chose_seed":false,"campfire_upgraded":3,"win_rate":0,"timestamp":1537996381,"path_taken":["M","?","M","M","?","R","E","R","T","R","E","M","M","M","R","BOSS","M","$","M","?","?","R","E"],"build_version":"2018-09-20","purchased_purges":0,"victory":false,"max_hp_per_floor":[71,71,71,71,71,71,71,71,71,71,71,71,71,71,71,71,71,71,71,71,77,77,77,77],"card_choices":[{"not_picked":["Go for the Eyes","Stack","Hologram"],"picked":"SKIP","floor":1},{"not_picked":["Gash","Fusion"],"picked":"Rip and Tear","floor":3},{"not_picked":["Force Field","Hologram"],"picked":"BootSequence","floor":4},{"not_picked":["Undo","Lockon"],"picked":"White Noise","floor":7},{"not_picked":["Beam Cell","Steam"],"picked":"Conserve Battery","floor":11},{"not_picked":["Rainbow","Barrage","Storm"],"picked":"SKIP","floor":12},{"not_picked":["Sweeping Beam","Rebound"],"picked":"Capacitor","floor":13},{"not_picked":["Hologram","Compile Driver","Barrage"],"picked":"SKIP","floor":14},{"not_picked":["Biased Cognition","Fission"],"picked":"Machine Learning","floor":16},{"not_picked":["Redo","Static Discharge"],"picked":"Go for the Eyes+1","floor":18},{"not_picked":["Beam Cell","BootSequence"],"picked":"Conserve Battery","floor":20}],"player_experience":716647,"relics_obtained":[{"floor":7,"key":"Darkstone Periapt"},{"floor":9,"key":"Mercury Hourglass"},{"floor":11,"key":"Bottled Flame"}],"event_choices":[{"event_name":"The Cleric","player_choice":"Card Removal","floor":2,"damage_taken":0},{"event_name":"Scrap Ooze","player_choice":"success","floor":5,"damage_taken":5},{"event_name":"The Mausoleum","player_choice":"Yes","floor":21,"damage_taken":0},{"event_name":"The Library","player_choice":"Heal","floor":22,"damage_taken":0}],"is_beta":false,"boss_relics":[{"not_picked":["Coffee Dripper","Busted Crown"],"picked":"Astrolabe"}],"items_purged_floors":[],"is_endless":false,"potions_floor_spawned":[1,11,12,14,16],"killed_by":"Gremlin Leader","ascension_level":19}