{"gold_per_floor":[118,118,43,43,43,60,76,76,153,153,169,187,187,199,199,199],"floor_reached":16,"playtime":588,"items_purged":[],"score":175,"play_id":"2f260c82-4ef3-4cd3-a55e-b2eeac8cf7ae","local_time":"20180924230535","is_ascension_mode":true,"campfire_choices":[{"data":"Dualcast","floor":8,"key":"SMITH"},{"data":"Streamline","floor":10,"key":"SMITH"},{"data":"Defragment","floor":13,"key":"SMITH"},{"floor":15,"key":"REST"}],"neow_cost":"NONE","seed_source_timestamp":814862474571328,"circlet_count":0,"master_deck":["Strike_B","Strike_B","Strike_B","Defend_B","Defend_B","Zap+1","Dualcast+1","AscendersBane","Streamline+1","Stack","Darkness","Beam Cell","Defragment+1","Reinforced Body","White Noise"],"relics":["Cracked Core","Darkstone Periapt"],"potions_floor_usage":[12],"damage_taken":[{"damage":6,"enemies":"Cultist","floor":1,"turns":3},{"damage":7,"enemies":"Jaw Worm","floor":6,"turns":2},{"damage":0,"enemies":"2 Louse","floor":7,"turns":1},{"damage":9,"enemies":"2 Fungi Beasts","floor":11,"turns":2},{"damage":0,"enemies":"Large Slime","floor":12,"turns":4},{"damage":33,"enemies":"Gremlin Gang","floor":14,"turns":4},{"damage":42,"enemies":"The Guardian","floor":16,"turns":6}],"seed_played":"-4865415577793714265","potions_obtained":[{"floor":11,"key":"Regen Potion"}],"is_trial":false,"path_per_floor":["M","?","?","?","$","M","M","R","T","R","M","M","R","M","R"],"character_chosen":"DEFECT","items_purchased":[],"campfire_rested":1,"item_purchase_floors":[],"current_hp_per_floor":[58,58,58,58,58,51,51,51,51,51,42,54,54,21,42,0],"gold":199,"neow_bonus":"UPGRADE_CARD","is_prod":false,"is_daily":false,"chose_seed":false,"campfire_upgraded":3,"win_rate":0,"timestamp":1537823135,"path_taken":["M","?","?","?","$","M","M","R","T","R","M","M","R","M","R","BOSS"],"build_version":"2018-09-20","purchased_purges":0,"victory":false,"max_hp_per_floor":[71,71,71,71,71,71,71,71,71,71,71,71,71,71,71,71],"card_choices":[{"not_picked":["Rebound","Undo"],"picked":"Streamline","floor":1},{"not_picked":["Fusion","Turbo"],"picked":"Darkness","floor":6},{"not_picked":["Scrape","Redo"],"picked":"Beam Cell","floor":7},{"not_picked":["Beam Cell","Compile Driver"],"picked":"Defragment","floor":11},{"not_picked":["Leap","Force Field"],"picked":"Reinforced Body","floor":12},{"not_picked":["Beam Cell","BootSequence"],"picked":"White Noise","floor":14}],"player_experience":648887,"relics_obtained":[{"floor":9,"key":"Darkstone Periapt"}],"event_choices":[{"event_name":"Transmorgrifier","player_choice":"Transform","floor":2,"damage_taken":0},{"event_name":"The Cleric","player_choice":"Card Removal","floor":3,"damage_taken":0},{"event_name":"Purifier","player_choice":"One Purge","floor":4,"damage_taken":0}],"is_beta":false,"boss_relics":[],"items_purged_floors":[],"is_endless":false,"potions_floor_spawned":[11],"killed_by":"The Guardian","ascension_level":18}