{"gold_per_floor":[113,130,142,157,157,157,190,208,208,208,227,256,256,271,271,370,370,388,303,322,158,184,240,240,267,348,150,150,150,175,186,186,281,281,295,60,60,75,85,120,120,120],"floor_reached":42,"playtime":3115,"items_purged":["Strike_B","Regret","Mind Blast"],"score":719,"play_id":"ef1aa821-d9e5-4abf-9522-e68d717949ce","local_time":"20181108213209","is_ascension_mode":true,"campfire_choices":[{"floor":6,"key":"REST"},{"floor":10,"key":"REST"},{"floor":13,"key":"REST"},{"floor":15,"key":"REST"},{"floor":24,"key":"REST"},{"floor":28,"key":"REST"},{"data":"Buffer","floor":32,"key":"SMITH"},{"data":"Echo Form","floor":41,"key":"SMITH"}],"neow_cost":"PERCENT_DAMAGE","seed_source_timestamp":23838432426677,"circlet_count":0,"master_deck":["Defend_B","Defend_B","Defend_B","Defend_B","Zap","Dualcast","Good Instincts","Defragment","Steam","Seek","Ball Lightning","Genetic Algorithm","Buffer+1","Blizzard","Electrodynamics","BootSequence","Conserve Battery","Glacier","Bite+1","Bite","Bite+1","Bite","Bite","Ball Lightning","Echo Form+1","Apotheosis","Cold Snap+1","Ball Lightning"],"relics":["Cracked Core","Singing Bowl","Torii","The Courier","Cursed Key","Pocketwatch","Red Mask","Tiny Chest","Strawberry","Sundial","Anchor","Whetstone","Sozu","Gremlin Horn"],"potions_floor_usage":[12,12,16,22,22,33,42],"damage_taken":[{"damage":6,"enemies":"Jaw Worm","floor":1,"turns":4},{"damage":1,"enemies":"Cultist","floor":2,"turns":3},{"damage":5,"enemies":"Small Slimes","floor":3,"turns":4},{"damage":10,"enemies":"3 Louse","floor":4,"turns":3},{"damage":35,"enemies":"3 Sentries","floor":7,"turns":8},{"damage":7,"enemies":"Looter","floor":8,"turns":3},{"damage":9,"enemies":"Red Slaver","floor":11,"turns":3},{"damage":15,"enemies":"Lagavulin","floor":12,"turns":6},{"damage":1,"enemies":"2 Fungi Beasts","floor":14,"turns":3},{"damage":21,"enemies":"Slime Boss","floor":16,"turns":11},{"damage":12,"enemies":"Spheric Guardian","floor":18,"turns":4},{"damage":7,"enemies":"2 Thieves","floor":20,"turns":3},{"damage":19,"enemies":"Masked Bandits","floor":22,"turns":3},{"damage":28,"enemies":"Slavers","floor":23,"turns":5},{"damage":24,"enemies":"Book of Stabbing","floor":25,"turns":8},{"damage":43,"enemies":"Gremlin Leader","floor":30,"turns":10},{"damage":7,"enemies":"Cultist and Chosen","floor":31,"turns":6},{"damage":8,"enemies":"Automaton","floor":33,"turns":11},{"damage":1,"enemies":"3 Darklings","floor":35,"turns":5},{"damage":0,"enemies":"3 Shapes","floor":38,"turns":5},{"damage":45,"enemies":"Jaw Worm Horde","floor":39,"turns":5},{"damage":10,"enemies":"Nemesis","floor":40,"turns":9},{"damage":98,"enemies":"Giant Head","floor":42,"turns":11}],"seed_played":"-8758739870080748124","potions_obtained":[{"floor":2,"key":"FocusPotion"},{"floor":8,"key":"AttackPotion"},{"floor":14,"key":"Dexterity Potion"},{"floor":18,"key":"SkillPotion"},{"floor":31,"key":"FocusPotion"},{"floor":33,"key":"Regen Potion"}],"is_trial":false,"path_per_floor":["M","M","M","M","?","R","E","M","T","R","M","E","R","M","R","B",null,"M","?","M","$","?","E","R","E","T","$","R","?","E","M","R","B",null,"M","$","?","M","M","E","R","E"],"character_chosen":"DEFECT","items_purchased":["Glacier","PowerPotion","Anchor","Apotheosis"],"campfire_rested":6,"item_purchase_floors":[21,21,27,36],"current_hp_per_floor":[44,43,38,28,28,50,15,8,8,30,23,8,31,30,53,32,66,54,54,47,47,30,4,28,13,13,13,40,40,27,36,36,58,63,67,67,67,69,29,45,45,0],"gold":120,"neow_bonus":"RANDOM_COLORLESS_2","is_prod":false,"is_daily":false,"chose_seed":false,"campfire_upgraded":2,"win_rate":0,"timestamp":1541730729,"path_taken":["M","M","M","M","?","R","E","?","T","R","M","E","R","M","R","BOSS","M","?","M","$","?","E","R","E","T","$","R","?","E","M","R","BOSS","M","$","?","M","M","E","R","E"],"build_version":"2018-11-01","purchased_purges":3,"victory":false,"max_hp_per_floor":[75,75,75,75,75,75,75,75,75,75,77,77,77,77,77,77,77,77,77,77,77,79,81,81,90,90,90,90,63,65,65,65,65,65,67,67,67,69,69,69,69,69],"card_choices":[{"not_picked":["Skim","Go for the Eyes"],"picked":"Defragment","floor":1},{"not_picked":["Undo","Barrage"],"picked":"Streamline","floor":2},{"not_picked":["Compile Driver","Force Field"],"picked":"Steam","floor":3},{"not_picked":["Redo","Gash"],"picked":"Seek","floor":4},{"not_picked":["Compile Driver","Conserve Battery"],"picked":"Ball Lightning","floor":7},{"not_picked":["Barrage","Hologram"],"picked":"Genetic Algorithm","floor":8},{"not_picked":["Steam","Darkness","Compile Driver"],"picked":"Singing Bowl","floor":11},{"not_picked":["Gash","Thunder Strike"],"picked":"Buffer","floor":12},{"not_picked":["Steam","Compile Driver"],"picked":"Blizzard","floor":14},{"not_picked":["Biased Cognition","Reboot"],"picked":"Electrodynamics","floor":16},{"not_picked":["Stack","Storm"],"picked":"BootSequence","floor":18},{"not_picked":["Lockon","Hologram"],"picked":"Conserve Battery","floor":20},{"not_picked":["Steam Power","Conserve Battery","BootSequence"],"picked":"Singing Bowl","floor":22},{"not_picked":["Beam Cell","Recycle","Hologram"],"picked":"Singing Bowl","floor":23},{"not_picked":["Streamline","Tempest","Conserve Battery"],"picked":"Singing Bowl","floor":25},{"not_picked":["Redo","Darkness","Sweeping Beam+1"],"picked":"Singing Bowl","floor":30},{"not_picked":["Sweeping Beam","Scrape"],"picked":"Ball Lightning","floor":31},{"not_picked":["Thunder Strike","Core Surge"],"picked":"Echo Form","floor":33},{"not_picked":["Double Energy","BootSequence","Barrage+1"],"picked":"Singing Bowl","floor":35},{"not_picked":["Skim+1","Sweeping Beam","Steam"],"picked":"Singing Bowl","floor":38},{"not_picked":["Conserve Battery+1","Streamline"],"picked":"Cold Snap+1","floor":39},{"not_picked":["Turbo","Rebound"],"picked":"Ball Lightning","floor":40}],"player_experience":196275,"relics_obtained":[{"floor":7,"key":"Singing Bowl"},{"floor":9,"key":"Torii"},{"floor":12,"key":"The Courier"},{"floor":22,"key":"Red Mask"},{"floor":23,"key":"Tiny Chest"},{"floor":25,"key":"Strawberry"},{"floor":26,"key":"Sundial"},{"floor":30,"key":"Whetstone"},{"floor":40,"key":"Gremlin Horn"}],"event_choices":[{"cards_removed":["Strike_B"],"damage_healed":0,"gold_gain":0,"player_choice":"Purged","damage_taken":0,"max_hp_gain":0,"max_hp_loss":0,"event_name":"Purifier","floor":5,"gold_loss":0},{"damage_healed":0,"gold_gain":0,"player_choice":"Obtained Relic","damage_taken":0,"relics_obtained":["Pocketwatch"],"max_hp_gain":0,"max_hp_loss":0,"event_name":"Addict","floor":19,"gold_loss":85},{"damage_healed":0,"gold_gain":0,"player_choice":"Fought Bandits","damage_taken":0,"max_hp_gain":0,"max_hp_loss":0,"event_name":"Masked Bandits","floor":22,"gold_loss":0},{"damage_healed":0,"gold_gain":0,"player_choice":"Became a vampire","damage_taken":0,"max_hp_gain":0,"max_hp_loss":27,"event_name":"Vampires","floor":29,"gold_loss":0,"cards_obtained":["Bite","Bite","Bite","Bite","Bite"]},{"cards_removed":["Streamline"],"damage_healed":0,"gold_gain":0,"player_choice":"Removed Attack","damage_taken":0,"max_hp_gain":0,"max_hp_loss":0,"event_name":"Falling","floor":37,"gold_loss":0}],"is_beta":false,"boss_relics":[{"not_picked":["Empty Cage","Nuclear Battery"],"picked":"Cursed Key"},{"not_picked":["Busted Crown","White Beast Statue"],"picked":"Sozu"}],"items_purged_floors":[21,27,36],"is_endless":false,"potions_floor_spawned":[2,8,14,18,31,33,38,39],"killed_by":"Giant Head","ascension_level":8}