{"gold_per_floor":[112,130,130,143,69,96,96,111,111,123,140,140,140],"floor_reached":13,"playtime":1222,"items_purged":[],"score":87,"play_id":"ed558635-8faf-46bc-9a2a-c3dd60dc424c","local_time":"20181003161517","is_ascension_mode":false,"campfire_choices":[{"data":"Chaos","floor":7,"key":"SMITH"}],"neow_cost":"","seed_source_timestamp":625568771923177,"circlet_count":0,"master_deck":["Strike_B","Strike_B","Strike_B","Strike_B","Defend_B","Defend_B","Defend_B","Defend_B","Zap","Dualcast","Beam Cell","Leap","Stack","Barrage","Stack","Chaos+1","Redo","Coolheaded","Storm"],"relics":["Cracked Core","Happy Flower","Question Card","Regal Pillow"],"potions_floor_usage":[10,13,13],"damage_taken":[{"damage":1,"enemies":"Cultist","floor":1,"turns":3},{"damage":0,"enemies":"2 Louse","floor":2,"turns":2},{"damage":1,"enemies":"Small Slimes","floor":4,"turns":4},{"damage":32,"enemies":"3 Sentries","floor":6,"turns":8},{"damage":9,"enemies":"Red Slaver","floor":8,"turns":4},{"damage":11,"enemies":"Large Slime","floor":10,"turns":4},{"damage":7,"enemies":"3 Louse","floor":11,"turns":3},{"damage":47,"enemies":"Gremlin Nob","floor":13,"turns":6}],"seed_played":"-3844753687790860207","potions_obtained":[{"floor":2,"key":"Weak Potion"},{"floor":8,"key":"Fire Potion"},{"floor":11,"key":"FairyPotion"},{"floor":12,"key":"Weak Potion"},{"floor":12,"key":"Regen Potion"}],"is_trial":false,"path_per_floor":["M","M","?","M","$","E","R","M","T","M","M","?"],"character_chosen":"DEFECT","items_purchased":["Barrage","Stack"],"campfire_rested":0,"item_purchase_floors":[5,5],"current_hp_per_floor":[74,74,74,73,73,41,41,32,32,21,14,14,0],"gold":140,"neow_bonus":"","is_prod":false,"is_daily":false,"chose_seed":false,"campfire_upgraded":1,"win_rate":0.0,"timestamp":1538597717,"path_taken":["M","M","?","M","$","E","R","M","T","M","M","?","E"],"build_version":"2018-09-27","purchased_purges":0,"victory":false,"max_hp_per_floor":[75,75,75,75,75,75,75,75,75,75,75,75,75],"card_choices":[{"not_picked":["Stack","Sweeping Beam"],"picked":"Beam Cell","floor":1},{"not_picked":["Compile Driver","Beam Cell"],"picked":"Leap","floor":2},{"not_picked":["Gash","Go for the Eyes"],"picked":"Stack","floor":4},{"not_picked":["Conserve Battery","Blizzard"],"picked":"Chaos","floor":6},{"not_picked":["Skim","Biased Cognition","Chaos"],"picked":"Redo","floor":8},{"not_picked":["Barrage","Gash","Beam Cell"],"picked":"Coolheaded","floor":10},{"not_picked":["Tempest","Hologram","Streamline"],"picked":"Storm","floor":11}],"player_experience":13339,"relics_obtained":[{"floor":6,"key":"Question Card"},{"floor":9,"key":"Regal Pillow"}],"event_choices":[{"event_name":"WeMeetAgain","player_choice":"Potion","floor":3,"damage_taken":0},{"event_name":"The Lab","player_choice":"Got Potions","floor":12,"damage_taken":0}],"is_beta":false,"boss_relics":[],"items_purged_floors":[],"is_endless":false,"potions_floor_spawned":[2,8,11],"killed_by":"Gremlin Nob","ascension_level":0}