{"path_per_floor":["M","?","?","?","$","E","M","R","T","M","R","E","M","?","R","B",null,"M","M","$"],"character_chosen":"THE_SILENT","items_purchased":["Heel Hook","Adrenaline","Apotheosis"],"gold_per_floor":[112,287,287,287,134,172,190,190,217,236,236,275,294,294,294,424,424,437,455,81,81],"floor_reached":21,"campfire_rested":0,"playtime":642,"item_purchase_floors":[5,20,20],"current_hp_per_floor":[70,70,70,53,53,53,53,53,53,53,53,40,40,26,26,11,55,30,13,13,0],"items_purged":["Defend_G","Strike_G"],"gold":81,"score":265,"play_id":"7cbe5255-ae0b-47bb-a6b9-0daaf60dc979","local_time":"20180531225436","is_prod":false,"is_daily":false,"chose_seed":false,"is_ascension_mode":true,"campfire_upgraded":3,"win_rate":0,"timestamp":1527821676,"campfire_choices":[{"data":"Neutralize","floor":8,"key":"SMITH"},{"data":"Outmaneuver","floor":11,"key":"SMITH"},{"data":"Blade Dance","floor":15,"key":"SMITH"}],"path_taken":["M","?","?","?","$","E","?","R","T","M","R","E","M","?","R","BOSS","M","M","$","M"],"build_version":"2018-05-30v2","seed_source_timestamp":292715907693369,"purchased_purges":2,"victory":false,"master_deck":["Defend_G","Defend_G","Defend_G","Defend_G+1","Strike_G","Strike_G","Strike_G","Strike_G","Survivor","Neutralize+1","Blade Dance+1","Heel Hook","Dagger Spray+1","Outmaneuver+1","Infinite Blades","Poisoned Stab","Bullet Time","Bouncing Flask","Bane","Adrenaline","Apotheosis"],"max_hp_per_floor":[70,70,70,70,70,70,70,70,70,70,70,70,70,70,70,70,70,70,70,70,70],"relics":["Ring of the Snake","NeowsBlessing","Golden Idol","Mercury Hourglass","Snake Skull","Bag of Preparation","Black Star"],"card_choices":[{"not_picked":["Endless Agony","Setup"],"picked":"Blade Dance","floor":1},{"not_picked":["Acrobatics","Underhanded Strike"],"picked":"Dagger Spray","floor":6},{"not_picked":["Deflect","Flechettes"],"picked":"Outmaneuver","floor":7},{"not_picked":["Sucker Punch","Backflip","Leg Sweep"],"picked":"SKIP","floor":10},{"not_picked":["Sucker Punch","Flechettes"],"picked":"Infinite Blades","floor":12},{"not_picked":["Wraith Form v2","Outmaneuver"],"picked":"Poisoned Stab","floor":13},{"not_picked":["Glass Knife","Storm of Steel"],"picked":"Bullet Time","floor":16},{"not_picked":["Prepared","Deadly Poison"],"picked":"Bouncing Flask","floor":18},{"not_picked":["Backflip","Flying Knee"],"picked":"Bane","floor":19}],"player_experience":237750,"potions_floor_usage":[],"damage_taken":[{"damage":0,"enemies":"Jaw Worm","floor":1,"turns":1},{"damage":0,"enemies":"Lagavulin","floor":6,"turns":1},{"damage":0,"enemies":"2 Louse","floor":7,"turns":1},{"damage":0,"enemies":"Cultist","floor":10,"turns":3},{"damage":13,"enemies":"3 Sentries","floor":12,"turns":5},{"damage":0,"enemies":"2 Fungi Beasts","floor":13,"turns":3},{"damage":15,"enemies":"Hexaghost","floor":16,"turns":9},{"damage":25,"enemies":"Spheric Guardian","floor":18,"turns":4},{"damage":17,"enemies":"2 Thieves","floor":19,"turns":5},{"damage":15,"enemies":"Snake Plant","floor":21,"turns":2}],"relics_obtained":[{"floor":6,"key":"Mercury Hourglass"},{"floor":9,"key":"Snake Skull"},{"floor":12,"key":"Bag of Preparation"}],"event_choices":[{"event_name":"Liars Game","player_choice":"agreed","floor":2,"damage_taken":0},{"event_name":"Fountain of Cleansing","player_choice":"Removed Curse","floor":3,"damage_taken":0},{"event_name":"Golden Idol","player_choice":"Take Damage","floor":4,"damage_taken":0},{"event_name":"Shining Light","player_choice":"Entered Light","floor":14,"damage_taken":0}],"boss_relics":[{"not_picked":["Ectoplasm","Pandora\u0027s Box"],"picked":"Black Star"}],"items_purged_floors":[5,20],"potions_floor_spawned":[1,7,12,16,19],"seed_played":"3211438680207156999","killed_by":"Snake Plant","ascension_level":5,"potions_obtained":[{"floor":1,"key":"GamblersBrew"},{"floor":7,"key":"Strength Potion"},{"floor":12,"key":"EssenceOfSteel"},{"floor":19,"key":"Energy Potion"}],"is_trial":false}