{"gold_per_floor":[110,110,126,143,163,163,180,193,218,251,251,281,292,307,307,411,411,423,423,435,435,455,455,224,255,255,354,384,399,415,448,448,551,551,567,585,239,239,257,257,283,283,283,283,283,314,329,342,342,342,342,342,40,74,74],"floor_reached":55,"playtime":4764,"items_purged":[],"score":1475,"play_id":"08e9e4ec-42c0-4728-bca6-b32239b8307b","local_time":"20181227172011","is_ascension_mode":true,"campfire_choices":[{"data":"Genetic Algorithm","floor":6,"key":"SMITH"},{"floor":11,"key":"REST"},{"floor":15,"key":"REST"},{"floor":23,"key":"RECALL"},{"data":"Apotheosis","floor":32,"key":"SMITH"},{"floor":40,"key":"DIG"},{"floor":42,"key":"DIG"},{"floor":44,"key":"DIG"},{"floor":49,"key":"DIG"},{"floor":52,"key":"DIG"}],"neow_cost":"NONE","seed_source_timestamp":669439647978609,"circlet_count":0,"master_deck":["AscendersBane","Strike_B+1","Strike_B+1","Strike_B+1","Defend_B+1","Defend_B+1","Defend_B+1","Defend_B+1","Zap","Dualcast","Leap","Defragment","Genetic Algorithm+1","Cold Snap","Defragment","Defragment","Hyperbeam","Cold Snap","Coolheaded+1","Machine Learning","Chill","Blizzard","Apotheosis+1","Leap+1","Coolheaded+1","Buffer","Electrodynamics","Cold Snap","BootSequence","Coolheaded"],"relics":["Cracked Core","Pen Nib","Bag of Preparation","Orichalcum","Coffee Dripper","Strawberry","Matryoshka","Shovel","Happy Flower","Sozu","Blood Vial","OrangePellets","Frozen Egg 2","Bottled Flame","Ornamental Fan","Bag of Marbles","Calipers","FossilizedHelix","War Paint","Dodecahedron","Runic Capacitor","Pear"],"potions_floor_usage":[8,10,14,16,31,31,33,41],"damage_taken":[{"damage":4,"enemies":"Jaw Worm","floor":1,"turns":3},{"damage":0,"enemies":"Cultist","floor":3,"turns":3},{"damage":3,"enemies":"Small Slimes","floor":4,"turns":3},{"damage":11,"enemies":"Looter","floor":5,"turns":4},{"damage":12,"enemies":"3 Louse","floor":7,"turns":3},{"damage":3,"enemies":"2 Fungi Beasts","floor":8,"turns":3},{"damage":33,"enemies":"Lagavulin","floor":10,"turns":10},{"damage":16,"enemies":"3 Sentries","floor":12,"turns":8},{"damage":0,"enemies":"Looter","floor":13,"turns":2},{"damage":0,"enemies":"Exordium Wildlife","floor":14,"turns":5},{"damage":7,"enemies":"The Guardian","floor":16,"turns":15},{"damage":14,"enemies":"Chosen","floor":18,"turns":5},{"damage":3,"enemies":"Spheric Guardian","floor":20,"turns":5},{"damage":0,"enemies":"Snake Plant","floor":22,"turns":5},{"damage":32,"enemies":"Gremlin Leader","floor":25,"turns":8},{"damage":16,"enemies":"Slavers","floor":28,"turns":9},{"damage":0,"enemies":"Centurion and Healer","floor":29,"turns":3},{"damage":0,"enemies":"3 Cultists","floor":30,"turns":5},{"damage":9,"enemies":"Book of Stabbing","floor":31,"turns":6},{"damage":0,"enemies":"Champ","floor":33,"turns":15},{"damage":0,"enemies":"Orb Walker","floor":35,"turns":4},{"damage":22,"enemies":"3 Darklings","floor":36,"turns":5},{"damage":0,"enemies":"Spire Growth","floor":39,"turns":7},{"damage":6,"enemies":"Reptomancer","floor":41,"turns":5},{"damage":15,"enemies":"Nemesis","floor":46,"turns":9},{"damage":20,"enemies":"4 Shapes","floor":47,"turns":3},{"damage":9,"enemies":"Writhing Mass","floor":48,"turns":9},{"damage":0,"enemies":"Time Eater","floor":50,"turns":16},{"damage":21,"enemies":"Shield and Spear","floor":54,"turns":9},{"damage":60,"enemies":"The Heart","floor":55,"turns":11}],"seed_played":"-7878696586098351467","potions_obtained":[{"floor":1,"key":"FearPotion"},{"floor":7,"key":"SpeedPotion"},{"floor":13,"key":"Regen Potion"},{"floor":14,"key":"PowerPotion"},{"floor":25,"key":"SteroidPotion"},{"floor":28,"key":"GamblersBrew"},{"floor":30,"key":"AttackPotion"},{"floor":31,"key":"PowerPotion"},{"floor":33,"key":"Block Potion"}],"is_trial":false,"path_per_floor":["M","?","M","M","M","R","M","M","T","E","R","E","M","M","R","B",null,"M","?","M","?","M","R","$","E","T","?","E","M","M","E","R","B",null,"M","M","$","?","M","R","E","R","T","R","?","E","M","M","R","B",null,"R","$","E","B"],"character_chosen":"DEFECT","items_purchased":["Blizzard","Apotheosis","Blood Vial","OrangePellets","Cold Snap","BootSequence","Runic Capacitor"],"campfire_rested":2,"item_purchase_floors":[24,24,37,37,53,53,53],"current_hp_per_floor":[71,63,63,60,49,49,37,34,34,1,25,9,9,23,47,40,72,58,82,79,79,79,79,79,54,54,54,38,38,38,29,29,29,74,74,52,52,52,54,54,50,50,50,50,50,37,19,12,12,14,67,67,67,58,0],"gold":74,"neow_bonus":"TEN_PERCENT_HP_BONUS","is_prod":false,"is_daily":false,"chose_seed":false,"campfire_upgraded":2,"win_rate":0,"timestamp":1545952811,"path_taken":["M","?","M","?","M","R","?","M","T","E","R","E","M","M","R","BOSS","M","?","M","?","M","R","$","E","T","?","E","M","M","E","R","BOSS","M","M","$","?","M","R","E","R","T","R","?","E","M","M","R","BOSS","R","$","E","BOSS"],"build_version":"2018-12-20","purchased_purges":0,"victory":false,"max_hp_per_floor":[82,82,82,82,82,82,82,82,82,82,82,82,82,82,82,82,82,82,82,82,82,82,82,82,89,89,89,89,89,89,89,89,89,89,89,89,89,85,85,85,85,85,85,85,85,85,85,85,85,85,85,85,85,95,95],"card_choices":[{"not_picked":["Streamline","Tempest"],"picked":"Leap","floor":1},{"not_picked":["Scrape","Go for the Eyes"],"picked":"Defragment","floor":3},{"not_picked":["Gash","Conserve Battery"],"picked":"Genetic Algorithm","floor":4},{"not_picked":["Redo","Melter"],"picked":"Cold Snap","floor":5},{"not_picked":["Compile Driver","Go for the Eyes"],"picked":"Defragment","floor":7},{"not_picked":["Turbo","Gash","Rebound"],"picked":"SKIP","floor":8},{"not_picked":["Redo","Steam"],"picked":"Defragment","floor":10},{"not_picked":["Redo","White Noise"],"picked":"Hyperbeam","floor":12},{"not_picked":["Chill","Go for the Eyes"],"picked":"Cold Snap","floor":13},{"not_picked":["Cold Snap","Recycle"],"picked":"Coolheaded","floor":14},{"not_picked":["Hyperbeam","Fission"],"picked":"Machine Learning","floor":16},{"not_picked":["Auto Shields","Turbo","Beam Cell"],"picked":"SKIP","floor":18},{"not_picked":["Coolheaded","Sunder"],"picked":"Chill","floor":20},{"not_picked":["Go for the Eyes","FTL","Reinforced Body"],"picked":"SKIP","floor":22},{"not_picked":["Melter","Sweeping Beam"],"picked":"Leap","floor":25},{"not_picked":["Machine Learning","Scrape","Leap+1"],"picked":"SKIP","floor":28},{"not_picked":["Lockon","Steam Power","Streamline"],"picked":"SKIP","floor":29},{"not_picked":["Leap","Genetic Algorithm","Gash"],"picked":"SKIP","floor":30},{"not_picked":["Thunder Strike","Static Discharge"],"picked":"Coolheaded+1","floor":31},{"not_picked":["Fission","Meteor Strike"],"picked":"Buffer","floor":33},{"not_picked":["Sweeping Beam","Redo+1","Lockon"],"picked":"SKIP","floor":35},{"not_picked":["Leap+1","Steam"],"picked":"Electrodynamics","floor":36},{"not_picked":["Recycle","Reinforced Body","Aggregate"],"picked":"SKIP","floor":39},{"not_picked":["Go for the Eyes","Heatsinks+1","Stack"],"picked":"SKIP","floor":41},{"not_picked":["Sweeping Beam+1","Auto Shields","Aggregate"],"picked":"SKIP","floor":46},{"not_picked":["Chill","Force Field+1","Turbo"],"picked":"SKIP","floor":47},{"not_picked":["Go for the Eyes","Sweeping Beam","Consume"],"picked":"SKIP","floor":48},{"not_picked":["Electrodynamics+1","Steam+1"],"picked":"Coolheaded","floor":54}],"player_experience":314573,"relics_obtained":[{"floor":9,"key":"Pen Nib"},{"floor":10,"key":"Bag of Preparation"},{"floor":12,"key":"Orichalcum"},{"floor":25,"key":"Strawberry"},{"floor":26,"key":"Matryoshka"},{"floor":28,"key":"Shovel"},{"floor":31,"key":"Happy Flower"},{"floor":40,"key":"Frozen Egg 2"},{"floor":41,"key":"Bottled Flame"},{"floor":42,"key":"Ornamental Fan"},{"floor":43,"key":"Bag of Marbles"},{"floor":44,"key":"Calipers"},{"floor":46,"key":"FossilizedHelix"},{"floor":49,"key":"War Paint"},{"floor":52,"key":"Dodecahedron"},{"floor":54,"key":"Pear"}],"event_choices":[{"damage_healed":0,"gold_gain":0,"player_choice":"Damaged","damage_taken":8,"max_hp_gain":0,"max_hp_loss":0,"event_name":"Wheel of Change","floor":2,"gold_loss":0},{"damage_healed":27,"gold_gain":0,"player_choice":"Heal","damage_taken":0,"max_hp_gain":0,"max_hp_loss":0,"event_name":"The Library","floor":19,"gold_loss":0},{"damage_healed":0,"gold_gain":0,"player_choice":"Simplicity","damage_taken":0,"max_hp_gain":0,"max_hp_loss":0,"event_name":"Back to Basics","floor":21,"gold_loss":0,"cards_upgraded":["Strike_B","Strike_B","Strike_B","Strike_B","Defend_B","Defend_B","Defend_B","Defend_B"]},{"damage_healed":0,"gold_gain":99,"player_choice":"Stole From Cult","damage_taken":0,"max_hp_gain":0,"max_hp_loss":0,"event_name":"Nest","floor":27,"gold_loss":0},{"damage_healed":0,"gold_gain":0,"player_choice":"Max HP","damage_taken":0,"max_hp_gain":0,"max_hp_loss":4,"event_name":"Winding Halls","floor":38,"gold_loss":0},{"cards_removed":["Strike_B"],"damage_healed":0,"gold_gain":0,"player_choice":"Removed Attack","damage_taken":0,"max_hp_gain":0,"max_hp_loss":0,"event_name":"Falling","floor":45,"gold_loss":0}],"is_beta":false,"boss_relics":[{"not_picked":["Tiny House","Black Star"],"picked":"Coffee Dripper"},{"not_picked":["Nuclear Battery","Velvet Choker"],"picked":"Sozu"}],"items_purged_floors":[],"is_endless":false,"potions_floor_spawned":[1,7,13,14,25,28,30,31,33,35,39,48],"killed_by":"The Heart","ascension_level":12}