{"gold_per_floor":[119,30,0,16,33,33,33,52,102,8,8,19,31,57,57,136,136,150,150,0,11,24,24,24],"floor_reached":24,"playtime":883,"items_purged":[],"score":411,"play_id":"29ee4957-52d8-4c0f-848f-f83d6c75a5fa","local_time":"20181002225321","is_ascension_mode":true,"campfire_choices":[{"data":"Zap","floor":6,"key":"SMITH"},{"floor":11,"key":"REST"},{"floor":15,"key":"REST"},{"floor":23,"key":"REST"}],"neow_cost":"NONE","seed_source_timestamp":423299573138708,"circlet_count":0,"master_deck":["Defend_B","Defend_B","Defend_B","Defend_B","Zap+1","Dualcast","AscendersBane","Conserve Battery","Capacitor","Auto Shields","Static Discharge","Melter","Rip and Tear","Thunder Strike","Streamline+1","Bite","Bite","Bite","Bite","Bite","Self Repair","Undo"],"relics":["Cracked Core","Boot","Inserter"],"potions_floor_usage":[14,21,22],"damage_taken":[{"damage":4,"enemies":"Jaw Worm","floor":1,"turns":3},{"damage":1,"enemies":"Cultist","floor":4,"turns":4},{"damage":3,"enemies":"Small Slimes","floor":5,"turns":3},{"damage":6,"enemies":"Blue Slaver","floor":8,"turns":4},{"damage":6,"enemies":"2 Fungi Beasts","floor":12,"turns":4},{"damage":11,"enemies":"3 Louse","floor":13,"turns":4},{"damage":8,"enemies":"Lagavulin","floor":14,"turns":5},{"damage":34,"enemies":"Hexaghost","floor":16,"turns":9},{"damage":0,"enemies":"Spheric Guardian","floor":18,"turns":1},{"damage":26,"enemies":"2 Thieves","floor":21,"turns":4},{"damage":37,"enemies":"Snake Plant","floor":22,"turns":5},{"damage":46,"enemies":"Book of Stabbing","floor":24,"turns":3}],"seed_played":"-6838907529574761156","potions_obtained":[{"floor":5,"key":"Weak Potion"},{"floor":16,"key":"GamblersBrew"},{"floor":21,"key":"AttackPotion"}],"is_trial":false,"path_per_floor":["M","$","?","M","M","R","?","M","T","$","R","M","M","E","R","B",null,"M","?","?","M","M","R"],"character_chosen":"DEFECT","items_purchased":["Capacitor","Static Discharge"],"campfire_rested":3,"item_purchase_floors":[2,10],"current_hp_per_floor":[60,60,60,59,56,56,49,43,43,43,64,58,47,39,60,28,60,62,62,62,42,20,41,0],"gold":24,"neow_bonus":"REMOVE_CARD","is_prod":false,"is_daily":false,"chose_seed":false,"campfire_upgraded":1,"win_rate":0,"timestamp":1538513601,"path_taken":["M","$","?","M","M","R","?","M","T","$","R","M","M","E","R","BOSS","M","?","?","M","M","R","E"],"build_version":"2018-09-27","purchased_purges":0,"victory":false,"max_hp_per_floor":[71,71,71,71,71,71,71,71,71,71,71,71,71,71,71,71,71,71,71,71,71,71,71,71],"card_choices":[{"not_picked":["Hologram","Go for the Eyes"],"picked":"Conserve Battery","floor":1},{"not_picked":["Gash","Double Energy"],"picked":"Auto Shields","floor":4},{"not_picked":["Hologram","Gash","Leap"],"picked":"SKIP","floor":5},{"not_picked":["Fission","Double Energy","Undo"],"picked":"SKIP","floor":8},{"not_picked":["Hologram","Rebound"],"picked":"Melter","floor":12},{"not_picked":["Beam Cell","Barrage"],"picked":"Rip and Tear","floor":13},{"not_picked":["Barrage","Leap","Darkness"],"picked":"SKIP","floor":14},{"not_picked":["Creative AI","Multi-Cast"],"picked":"Thunder Strike","floor":16},{"not_picked":["Stack","Rebound"],"picked":"Streamline+1","floor":18},{"not_picked":["Sweeping Beam","Coolheaded"],"picked":"Self Repair","floor":21},{"not_picked":["Rip and Tear","Coolheaded+1"],"picked":"Undo","floor":22}],"player_experience":736768,"relics_obtained":[{"floor":9,"key":"Boot"},{"floor":14,"key":"Blood Vial"}],"event_choices":[{"event_name":"World of Goop","player_choice":"Left","floor":3,"damage_taken":0},{"event_name":"Golden Wing","player_choice":"Card Removal","floor":7,"damage_taken":0},{"event_name":"Vampires","player_choice":"Became a vampire (Vial)","floor":19,"damage_taken":0},{"event_name":"Masked Bandits","player_choice":"Paid Fearfully","floor":20,"damage_taken":0}],"is_beta":false,"boss_relics":[{"not_picked":["Fusion Hammer","Runic Dome"],"picked":"Inserter"}],"items_purged_floors":[],"is_endless":false,"potions_floor_spawned":[5,16,21],"killed_by":"Book of Stabbing","ascension_level":19}