{"path_per_floor":["M","M","M","M","M","E","R","M","T","E","R","M","M","E","R","B",null,"M","$","?","?","M","R","E","R","T"],"character_chosen":"THE_SILENT","items_purchased":["Kunai"],"gold_per_floor":[115,131,142,162,176,202,202,220,245,272,272,286,299,333,333,437,437,455,132,132,232,247,247,274,274,301,301],"floor_reached":27,"campfire_rested":1,"playtime":1497,"item_purchase_floors":[19],"current_hp_per_floor":[69,69,69,46,34,13,13,13,13,4,25,25,23,23,23,48,65,57,57,57,57,46,54,11,19,19,0],"items_purged":["Defend_G"],"gold":301,"score":413,"play_id":"035b1848-59a2-4001-b830-9f51646124d4","local_time":"20180603192354","is_prod":false,"is_daily":false,"chose_seed":false,"is_ascension_mode":true,"campfire_upgraded":4,"win_rate":0,"timestamp":1528068234,"campfire_choices":[{"data":"Neutralize","floor":7,"key":"SMITH"},{"floor":11,"key":"REST"},{"data":"Footwork","floor":15,"key":"SMITH"},{"data":"Bullet Time","floor":23,"key":"SMITH"},{"data":"A Thousand Cuts","floor":25,"key":"SMITH"}],"path_taken":["M","M","M","M","M","E","R","M","T","E","R","M","M","E","R","BOSS","M","$","?","?","M","R","E","R","T","?"],"build_version":"2018-05-30v2","seed_source_timestamp":119276637802954,"purchased_purges":1,"victory":false,"master_deck":["Defend_G+1","Defend_G+1","Defend_G+1","Defend_G+1","Strike_G+1","Strike_G+1","Strike_G+1","Strike_G+1","Strike_G+1","Survivor","Neutralize+1","Footwork+1","Cloak And Dagger","A Thousand Cuts+1","Backflip","Terror","Quick Slash","Well Laid Plans","Bullet Time+1","Outmaneuver","Cloak And Dagger","Blade Dance"],"max_hp_per_floor":[70,70,70,70,70,70,70,70,70,70,70,70,70,70,70,70,70,70,70,70,70,70,70,70,70,70,70],"relics":["Ring of the Snake","Art of War","Bag of Marbles","Oddly Smooth Stone","Pantograph","Potion Belt","Eternal Feather","Kunai","Omamori","Dream Catcher"],"card_choices":[{"not_picked":["Quick Slash","Accuracy"],"picked":"Footwork","floor":1},{"not_picked":["Concentrate","Noxious Fumes"],"picked":"Cloak And Dagger","floor":2},{"not_picked":["Acrobatics","Predator"],"picked":"A Thousand Cuts","floor":3},{"not_picked":["Deflect","Expertise"],"picked":"Backflip","floor":4},{"not_picked":["Deflect","Flechettes","Prepared"],"picked":"SKIP","floor":5},{"not_picked":["Grand Finale","Calculated Gamble","Finisher"],"picked":"SKIP","floor":6},{"not_picked":["Bane","Dodge and Roll","Deadly Poison"],"picked":"SKIP","floor":8},{"not_picked":["Prepared","Expertise"],"picked":"Terror","floor":10},{"not_picked":["Underhanded Strike","Outmaneuver"],"picked":"Quick Slash","floor":12},{"not_picked":["Night Terror","Eviscerate","Dagger Spray"],"picked":"SKIP","floor":13},{"not_picked":["Sucker Punch","Dagger Throw"],"picked":"Well Laid Plans","floor":14},{"not_picked":["Glass Knife","Night Terror"],"picked":"Bullet Time","floor":16},{"not_picked":["Deflect+1","Backflip"],"picked":"Outmaneuver","floor":18},{"not_picked":["Dagger Spray","Poisoned Stab"],"picked":"Cloak And Dagger","floor":22},{"not_picked":["Eviscerate","Predator"],"picked":"Blade Dance","floor":24}],"player_experience":277029,"potions_floor_usage":[4,5,6,8,14,14,27],"damage_taken":[{"damage":1,"enemies":"Small Slimes","floor":1,"turns":4},{"damage":0,"enemies":"2 Louse","floor":2,"turns":3},{"damage":0,"enemies":"Cultist","floor":3,"turns":4},{"damage":23,"enemies":"Exordium Wildlife","floor":4,"turns":12},{"damage":12,"enemies":"Gremlin Gang","floor":5,"turns":7},{"damage":21,"enemies":"Gremlin Nob","floor":6,"turns":5},{"damage":0,"enemies":"Lots of Slimes","floor":8,"turns":2},{"damage":9,"enemies":"3 Sentries","floor":10,"turns":11},{"damage":0,"enemies":"Exordium Wildlife","floor":12,"turns":4},{"damage":2,"enemies":"Blue Slaver","floor":13,"turns":4},{"damage":0,"enemies":"Lagavulin","floor":14,"turns":6},{"damage":0,"enemies":"The Guardian","floor":16,"turns":15},{"damage":8,"enemies":"3 Byrds","floor":18,"turns":8},{"damage":11,"enemies":"2 Thieves","floor":22,"turns":4},{"damage":43,"enemies":"Gremlin Leader","floor":24,"turns":15},{"damage":43,"enemies":"Cultist and Chosen","floor":27,"turns":4}],"relics_obtained":[{"floor":6,"key":"Bag of Marbles"},{"floor":9,"key":"Oddly Smooth Stone"},{"floor":10,"key":"Pantograph"},{"floor":14,"key":"Potion Belt"},{"floor":24,"key":"Omamori"},{"floor":26,"key":"Dream Catcher"}],"event_choices":[{"event_name":"Back to Basics","player_choice":"Simplicity","floor":20,"damage_taken":0},{"event_name":"Golden Shrine","player_choice":"Pray","floor":21,"damage_taken":0}],"boss_relics":[{"not_picked":["White Beast Statue","Orrery"],"picked":"Eternal Feather"}],"items_purged_floors":[19],"potions_floor_spawned":[3,4,5,6,10,12,24],"seed_played":"-1348862593859636111","killed_by":"Cultist and Chosen","ascension_level":5,"potions_obtained":[{"floor":3,"key":"SpeedPotion"},{"floor":4,"key":"AttackPotion"},{"floor":5,"key":"Explosive Potion"},{"floor":6,"key":"Explosive Potion"},{"floor":10,"key":"Dexterity Potion"},{"floor":12,"key":"PowerPotion"},{"floor":24,"key":"Poison Potion"}],"is_trial":false}