{"gold_per_floor":[117,133,208,219,219,219,245,245,268,284,284,284,300,300,300,399,399,417,52,49,59,75,75,106,131,131,131,165,181,200,233,233,334,334,349,365,365,381,381,410,410,420,420,420,440,452,462,476,476,476,476,476,163,196,196],"floor_reached":55,"playtime":4273,"items_purged":["Parasite"],"score":1141,"play_id":"da9c8480-c564-4a8f-9306-50c4400fd4dd","local_time":"20190106110854","is_ascension_mode":true,"campfire_choices":[{"data":"Bludgeon","floor":6,"key":"SMITH"},{"floor":8,"key":"REST"},{"data":"True Grit","floor":12,"key":"SMITH"},{"floor":15,"key":"REST"},{"floor":23,"key":"REST"},{"data":"Barricade","floor":27,"key":"SMITH"},{"data":"Entrench","floor":32,"key":"SMITH"},{"data":"Impervious","floor":41,"key":"SMITH"},{"floor":44,"key":"RECALL"},{"data":"Juggernaut","floor":49,"key":"SMITH"},{"data":"Shockwave","floor":52,"key":"SMITH"}],"neow_cost":"NONE","seed_source_timestamp":909208448661285,"circlet_count":0,"master_deck":["AscendersBane","Strike_R","Strike_R","Strike_R","Strike_R","Defend_R","Defend_R+1","Defend_R","Defend_R","Bash","Armaments+1","Entrench+1","Bludgeon+1","Rampage","True Grit+1","Barricade+1","Disarm","Cleave","Ghostly Armor","Headbutt","Impervious+1","Inflame","Battle Trance","Metallicize+1","Juggernaut+1","Shockwave+1","Shrug It Off","Bash","Dark Shackles","Ghostly Armor+1","Metallicize","Inflame"],"relics":["Burning Blood","Centennial Puzzle","War Paint","Sozu","PreservedInsect","Blood Vial","Boot","Happy Flower","Mercury Hourglass","Bird Faced Urn","Anchor","Snecko Eye","Vajra","Kunai","Red Skull"],"potions_floor_usage":[13,16,16],"damage_taken":[{"damage":5,"enemies":"Small Slimes","floor":1,"turns":4},{"damage":6,"enemies":"Cultist","floor":2,"turns":3},{"damage":2,"enemies":"2 Louse","floor":4,"turns":4},{"damage":70,"enemies":"3 Sentries","floor":7,"turns":10},{"damage":9,"enemies":"2 Fungi Beasts","floor":10,"turns":3},{"damage":9,"enemies":"Lots of Slimes","floor":13,"turns":8},{"damage":22,"enemies":"Hexaghost","floor":16,"turns":9},{"damage":7,"enemies":"Chosen","floor":18,"turns":4},{"damage":21,"enemies":"2 Thieves","floor":20,"turns":5},{"damage":18,"enemies":"Snecko","floor":21,"turns":5},{"damage":18,"enemies":"3 Cultists","floor":22,"turns":4},{"damage":31,"enemies":"Slavers","floor":24,"turns":7},{"damage":18,"enemies":"Gremlin Leader","floor":28,"turns":4},{"damage":1,"enemies":"Centurion and Healer","floor":29,"turns":8},{"damage":0,"enemies":"Chosen and Byrds","floor":30,"turns":8},{"damage":10,"enemies":"Book of Stabbing","floor":31,"turns":4},{"damage":61,"enemies":"Collector","floor":33,"turns":13},{"damage":0,"enemies":"Orb Walker","floor":35,"turns":4},{"damage":0,"enemies":"3 Shapes","floor":36,"turns":4},{"damage":13,"enemies":"3 Darklings","floor":38,"turns":4},{"damage":38,"enemies":"Reptomancer","floor":40,"turns":7},{"damage":0,"enemies":"Writhing Mass","floor":42,"turns":7},{"damage":1,"enemies":"Jaw Worm Horde","floor":45,"turns":6},{"damage":15,"enemies":"Spire Growth","floor":46,"turns":4},{"damage":1,"enemies":"Maw","floor":47,"turns":8},{"damage":10,"enemies":"Sphere and 2 Shapes","floor":48,"turns":5},{"damage":23,"enemies":"Donu and Deca","floor":50,"turns":12},{"damage":59,"enemies":"Shield and Spear","floor":54,"turns":8},{"damage":59,"enemies":"The Heart","floor":55,"turns":8}],"seed_played":"-2392456003109392915","potions_obtained":[{"floor":1,"key":"Weak Potion"},{"floor":4,"key":"Energy Potion"},{"floor":13,"key":"Ancient Potion"},{"floor":14,"key":"Dexterity Potion"}],"is_trial":false,"path_per_floor":["M","M","?","M","?","R","E","R","T","M","?","R","M","?","R","B",null,"M","$","M","M","M","R","E","T","T","R","E","M","M","E","R","B",null,"M","M","?","M","?","E","R","M","T","R","M","M","M","M","R","B",null,"R","$","E","B"],"character_chosen":"IRONCLAD","items_purchased":["PreservedInsect","Disarm","Blood Vial","Kunai"],"campfire_rested":3,"item_purchase_floors":[19,19,19,53],"current_hp_per_floor":[81,81,70,74,74,74,10,36,36,33,33,33,30,30,56,40,76,75,75,62,52,42,68,45,45,45,45,35,44,56,56,56,9,68,84,88,88,81,81,59,59,75,75,75,88,83,88,88,88,81,86,86,85,38,0],"gold":196,"neow_bonus":"TEN_PERCENT_HP_BONUS","is_prod":false,"is_daily":false,"chose_seed":false,"campfire_upgraded":7,"win_rate":0,"timestamp":1546794534,"path_taken":["M","M","?","M","?","R","E","R","T","?","?","R","M","?","R","BOSS","M","$","M","M","?","R","E","?","T","R","E","M","?","E","R","BOSS","M","M","?","M","?","E","R","?","T","R","M","M","M","M","R","BOSS","R","$","E","BOSS"],"build_version":"2019-01-03v4","purchased_purges":1,"victory":false,"max_hp_per_floor":[88,88,88,88,88,88,88,88,88,88,88,88,88,88,88,88,88,88,88,88,88,88,88,88,88,88,88,88,88,88,88,88,88,88,88,88,88,88,88,88,88,88,88,88,88,88,88,88,88,88,88,88,85,85,85],"card_choices":[{"not_picked":["Sever Soul","Body Slam"],"picked":"Armaments","floor":1},{"not_picked":["Sentinel","Flex"],"picked":"Entrench","floor":2},{"not_picked":["Perfected Strike","Rupture"],"picked":"Bludgeon","floor":4},{"not_picked":["Heavy Blade","Twin Strike"],"picked":"Rampage","floor":7},{"not_picked":["Clothesline","Combust"],"picked":"True Grit","floor":10},{"not_picked":["Armaments","Twin Strike","Rampage"],"picked":"SKIP","floor":13},{"not_picked":["Fiend Fire","Double Tap"],"picked":"Barricade","floor":16},{"not_picked":["Twin Strike","Infernal Blade+1"],"picked":"Clothesline","floor":18},{"not_picked":["Infernal Blade","Iron Wave","Warcry"],"picked":"SKIP","floor":20},{"not_picked":["Body Slam","Blood for Blood"],"picked":"Cleave","floor":21},{"not_picked":["Armaments","Body Slam"],"picked":"Ghostly Armor","floor":22},{"not_picked":["Warcry","Headbutt","Flex"],"picked":"SKIP","floor":24},{"not_picked":["Warcry","Flex"],"picked":"Headbutt","floor":24},{"not_picked":["Anger","Fire Breathing"],"picked":"Impervious","floor":28},{"not_picked":["Hemokinesis","Entrench+1"],"picked":"Inflame","floor":29},{"not_picked":["Twin Strike","Flex"],"picked":"Battle Trance","floor":30},{"not_picked":["Thunderclap","Heavy Blade"],"picked":"Metallicize+1","floor":31},{"not_picked":["Barricade","Dark Embrace"],"picked":"Juggernaut","floor":33},{"not_picked":["Wild Strike","Havoc+1","Anger+1"],"picked":"SKIP","floor":35},{"not_picked":["Seeing Red","Clash"],"picked":"Shockwave","floor":36},{"not_picked":["Iron Wave","Clothesline"],"picked":"Shrug It Off","floor":38},{"not_picked":["Warcry","Armaments"],"picked":"Ghostly Armor+1","floor":40},{"not_picked":["Evolve+1","Pommel Strike"],"picked":"Metallicize","floor":42},{"not_picked":["Headbutt+1","Armaments","Thunderclap"],"picked":"SKIP","floor":45},{"not_picked":["Perfected Strike","Feed","Flex"],"picked":"SKIP","floor":46},{"not_picked":["Warcry","Rampage+1"],"picked":"Inflame","floor":47},{"not_picked":["Warcry","True Grit","Sword Boomerang"],"picked":"SKIP","floor":48},{"not_picked":["Seeing Red","Pommel Strike","Perfected Strike"],"picked":"SKIP","floor":54}],"player_experience":410758,"relics_obtained":[{"floor":7,"key":"Centennial Puzzle"},{"floor":9,"key":"War Paint"},{"floor":24,"key":"Boot"},{"floor":25,"key":"Happy Flower"},{"floor":26,"key":"Mercury Hourglass"},{"floor":28,"key":"Bird Faced Urn"},{"floor":31,"key":"Anchor"},{"floor":40,"key":"Vajra"},{"floor":54,"key":"Red Skull"}],"event_choices":[{"damage_healed":0,"gold_gain":75,"player_choice":"Gather Gold","damage_taken":11,"max_hp_gain":0,"max_hp_loss":0,"event_name":"World of Goop","floor":3,"gold_loss":0},{"cards_removed":["Strike_R"],"damage_healed":0,"gold_gain":0,"player_choice":"Card Removal","damage_taken":0,"max_hp_gain":0,"max_hp_loss":0,"event_name":"Wheel of Change","floor":5,"gold_loss":0},{"damage_healed":0,"gold_gain":0,"player_choice":"Ignored","damage_taken":0,"max_hp_gain":0,"max_hp_loss":0,"event_name":"Liars Game","floor":11,"gold_loss":0},{"damage_healed":0,"gold_gain":0,"player_choice":"Got Potions","damage_taken":0,"max_hp_gain":0,"max_hp_loss":0,"event_name":"Lab","floor":14,"gold_loss":0},{"cards_removed":["Clothesline"],"damage_healed":0,"gold_gain":0,"player_choice":"Removed Attack","damage_taken":0,"max_hp_gain":0,"max_hp_loss":0,"event_name":"Falling","floor":37,"gold_loss":0},{"damage_healed":0,"gold_gain":0,"player_choice":"2 cards matched","damage_taken":0,"max_hp_gain":0,"max_hp_loss":0,"event_name":"Match and Keep!","floor":39,"gold_loss":0,"cards_obtained":["Bash","Dark Shackles"]}],"is_beta":false,"boss_relics":[{"not_picked":["White Beast Statue","Calling Bell"],"picked":"Sozu"},{"not_picked":["Tiny House","Runic Dome"],"picked":"Snecko Eye"}],"items_purged_floors":[53],"is_endless":false,"potions_floor_spawned":[1,4,10,13,18,21,28,29,31,38,42,46],"killed_by":"The Heart","ascension_level":12}