{"path_per_floor":["M","M","?","?","T","E","R","E","T","E","M","?","R","?","R","B",null,"M","M","?","M","?","R","E","R","T","R","M","$","M","?","R","B",null,"M","?","$","M","?","R","E","M","T","T","M","M","$","?","R","B"],"character_chosen":"THE_SILENT","items_purchased":["Ornamental Fan","Accuracy","Infinite Blades","Bag of Preparation","Mercury Hourglass"],"gold_per_floor":[99,111,111,111,111,152,152,196,249,290,306,306,306,306,306,435,435,448,427,327,340,340,340,378,378,378,378,394,77,93,93,93,213,213,227,227,70,90,423,423,457,468,468,491,502,512,0,0,0,0],"floor_reached":51,"campfire_rested":2,"playtime":5497,"current_hp_per_floor":[70,70,70,70,70,70,70,46,46,42,42,35,35,52,52,37,70,68,65,65,61,37,68,17,48,48,58,53,53,42,26,36,21,70,45,63,63,63,63,70,23,20,20,27,34,34,34,34,48,5],"items_purged":["Writhe","Parasite"],"gold":0,"score":666,"play_id":"04c665ba-a50b-4a9a-b07c-23a11b0da029","is_prod":false,"is_daily":false,"is_ascension_mode":true,"campfire_upgraded":7,"path_taken":["M","M","?","?","?","E","R","E","T","E","M","?","R","?","R","BOSS","M","M","?","M","?","R","E","R","T","R","M","$","?","?","R","BOSS","M","?","$","M","?","R","E","M","T","?","?","M","$","?","R","BOSS"],"build_version":"2018-02-22-PROD1","purchased_purges":2,"victory":true,"master_deck":["Defend_G","Defend_G","Defend_G","Defend_G","Defend_G","Strike_G","Strike_G","Strike_G","Strike_G","Survivor","Neutralize+1","Quick Slash","Dagger Throw","Cloak And Dagger+1","Backflip+1","Well Laid Plans+1","Backflip","Tactician","Infinite Blades+1","Acrobatics","J.A.X.","Blur","Madness","Panacea","Caltrops+1","Accuracy+1","Underhanded Strike+1","Necronomicurse","Tools of the Trade","Flying Knee+1","Infinite Blades+1","Dagger Spray+1","Cloak And Dagger+1","Terror+1","Backflip","Cloak And Dagger+1"],"max_hp_per_floor":[70,70,70,70,70,70,70,70,70,70,70,70,70,70,70,70,70,70,70,70,70,70,70,70,70,70,70,70,70,70,70,70,70,70,70,70,70,70,70,70,70,70,70,77,77,77,74,74,74,74],"relics":["Ring of the Snake","NeowsBlessing","Thread and Needle","Mummified Hand","Pantograph","Bronze Scales","Ginger","Eternal Feather","Lantern","Toolbox","Ornamental Fan","Necronomicon","Black Star","Oddly Smooth Stone","Pen Nib","Calipers","Strawberry","Bag of Preparation","Mercury Hourglass"],"card_choices":[{"not_picked":["Deflect","Slice"],"picked":"Quick Slash"},{"not_picked":["Flechettes","Dagger Spray"],"picked":"Dagger Throw"},{"not_picked":["Expertise","Eviscerate"],"picked":"Cloak And Dagger"},{"not_picked":["Predator","Well Laid Plans"],"picked":"Backflip"},{"not_picked":["Deflect","Predator"],"picked":"Well Laid Plans"},{"not_picked":["Deflect","Predator"],"picked":"Backflip"},{"not_picked":["Storm of Steel","Phantasmal Killer"],"picked":"Tactician"},{"not_picked":["Backflip","Sucker Punch"],"picked":"Infinite Blades"},{"not_picked":["Riddle With Holes","Slice"],"picked":"Acrobatics"},{"not_picked":["Setup","Acrobatics"],"picked":"Blur"},{"not_picked":["Sucker Punch","Malaise"],"picked":"Caltrops"},{"not_picked":["Noxious Fumes","Heel Hook"],"picked":"Underhanded Strike"},{"not_picked":["Corpse Explosion","Doppelganger"],"picked":"Tools of the Trade"},{"not_picked":["Poisoned Stab","Quick Slash"],"picked":"Flying Knee"},{"not_picked":["Sucker Punch","Poisoned Stab"],"picked":"Dagger Spray"},{"not_picked":["Flying Knee","Dagger Throw"],"picked":"Cloak And Dagger"},{"not_picked":["Sucker Punch","Dodge and Roll"],"picked":"Terror"},{"not_picked":["Dagger Spray","All Out Attack"],"picked":"Backflip"},{"not_picked":["Die Die Die","Outmaneuver"],"picked":"Cloak And Dagger"}],"player_experience":166307,"potions_floor_usage":[16,24,33,45,50,50,50],"damage_taken":[{"damage":0,"enemies":"Cultist","floor":1,"turns":1},{"damage":0,"enemies":"Jaw Worm","floor":2,"turns":1},{"damage":0,"enemies":"Lagavulin","floor":6,"turns":1},{"damage":24,"enemies":"Gremlin Nob","floor":8,"turns":5},{"damage":4,"enemies":"3 Sentries","floor":10,"turns":8},{"damage":0,"enemies":"2 Louse","floor":11,"turns":2},{"damage":33,"enemies":"Hexaghost","floor":16,"turns":12},{"damage":2,"enemies":"Spheric Guardian","floor":18,"turns":5},{"damage":3,"enemies":"2 Thieves","floor":19,"turns":5},{"damage":4,"enemies":"Snecko","floor":21,"turns":6},{"damage":51,"enemies":"Slavers","floor":24,"turns":8},{"damage":5,"enemies":"Cultist and Chosen","floor":28,"turns":6},{"damage":11,"enemies":"Sentry and Sphere","floor":30,"turns":5},{"damage":40,"enemies":"Automaton","floor":33,"turns":11},{"damage":25,"enemies":"3 Shapes","floor":35,"turns":6},{"damage":0,"enemies":"Orb Walker","floor":38,"turns":3},{"damage":47,"enemies":"Nemesis","floor":41,"turns":7},{"damage":3,"enemies":"Maw","floor":42,"turns":7},{"damage":5,"enemies":"4 Shapes","floor":45,"turns":6},{"damage":0,"enemies":"3 Darklings","floor":46,"turns":4},{"damage":68,"enemies":"Awakened One","floor":50,"turns":11}],"event_choices":[{"event_name":"Golden Idol","player_choice":"Take Wound","floor":3,"damage_taken":0},{"event_name":"Purifier","player_choice":"One Purge","floor":4,"damage_taken":0},{"event_name":"Golden Wing","player_choice":"Card Removal","floor":12,"damage_taken":0},{"event_name":"Mushrooms","player_choice":"Healed and dodged fight","floor":14,"damage_taken":0},{"event_name":"Drug Dealer","player_choice":"Got JAXXED","floor":20,"damage_taken":0},{"event_name":"Knowing Skull","player_choice":"CARD CARD ","floor":22,"damage_taken":0},{"event_name":"Cursed Tome","player_choice":"Obtained Book","floor":31,"damage_taken":0},{"event_name":"Winding Halls","player_choice":"Writhe","floor":36,"damage_taken":0},{"event_name":"The Moai Head","player_choice":"Gave Idol","floor":39,"damage_taken":0},{"event_name":"Mysterious Sphere","player_choice":"Ignore","floor":48,"damage_taken":0}],"boss_relics":[{"not_picked":["The Specimen","Snecko Eye"],"picked":"Eternal Feather"},{"not_picked":["White Beast Statue","Astrolabe"],"picked":"Black Star"}],"potions_floor_spawned":[8,19,24,30,35,41,45],"seed_played":"4362609012957914167","ascension_level":3,"is_trial":false}