{"path_per_floor":["M","?","?","M","$","E","M","E","T","M","R","?","M","M","R","B",null,"M","M","?","M","$","E","$","R","T","M","M","E","?","M","R","B",null,"M","$","?","M","M","E","R","M","T","$","T","E","M","M","R","B"],"character_chosen":"DEFECT","items_purchased":["Lockon","Whetstone","DataDisk","Hologram","Block Potion","War Paint","Dexterity Potion"],"gold_per_floor":[111,111,286,306,3,38,51,84,84,96,96,171,183,195,195,295,295,310,328,328,343,47,81,30,30,30,40,55,81,81,96,96,194,224,241,84,84,103,114,139,139,159,183,7,7,36,54,66,66,66],"floor_reached":51,"campfire_rested":1,"playtime":2786,"current_hp_per_floor":[75,72,72,72,72,72,66,53,53,53,53,42,42,39,39,28,89,89,81,81,70,70,58,58,58,58,54,52,44,44,38,64,58,94,94,94,94,94,94,83,83,83,83,83,83,79,81,83,83,85],"items_purged":["Doubt","Strike_B","Decay"],"gold":66,"score":823,"play_id":"4283e3e5-761b-4165-be36-f9e3d95dc93f","local_time":"20180504154457","is_prod":false,"is_daily":false,"chose_seed":false,"is_ascension_mode":true,"campfire_upgraded":5,"timestamp":1525441497,"path_taken":["M","?","?","M","$","E","M","E","T","M","R","?","?","M","R","BOSS","M","M","?","M","$","E","$","R","T","M","M","E","?","?","R","BOSS","M","$","?","M","M","E","R","M","T","?","?","E","?","M","R","BOSS"],"build_version":"2018-05-03","seed_source_timestamp":12162442282025,"purchased_purges":3,"victory":true,"master_deck":["Strike_B","Strike_B","Strike_B","Defend_B","Defend_B","Defend_B+1","Defend_B","Zap+1","Dualcast","Multi-Cast+1","Darkness+1","Rip and Tear+1","Lockon+1","Undo","Seek","Axe Kick","Fusion+1","Leap+1","Undo","Hologram+1","Reinforced Body+1","Machine Learning+1","Impulse+1","Leap+1","Reinforced Body+1","Buffer","Recycle+1","Leap+1","Hologram+1"],"max_hp_per_floor":[75,75,75,75,75,89,89,89,89,89,89,89,89,89,89,89,89,89,89,89,89,89,89,89,89,89,89,89,89,89,89,89,89,94,94,94,94,94,94,94,94,94,94,94,94,94,94,94,94,94],"relics":["Cracked Core","Bag of Preparation","Whetstone","Mango","Centennial Puzzle","Gremlin Horn","Nuclear Battery","DataDisk","Cables","Molten Egg 2","Blood Vial","Tiny House","War Paint","Calipers","Bronze Scales","Letter Opener","Thread and Needle"],"card_choices":[{"not_picked":["Coolheaded","Impulse"],"picked":"Darkness","floor":1},{"not_picked":["Impulse","Storm"],"picked":"Rip and Tear","floor":4},{"not_picked":["Skim","Recycle"],"picked":"Undo","floor":6},{"not_picked":["Sweeping Beam","Barrage"],"picked":"Seek","floor":10},{"not_picked":["Capacitor","Scrape"],"picked":"Axe Kick","floor":13},{"not_picked":["Thunder Strike","Biased Cognition"],"picked":"Fusion","floor":16},{"not_picked":["Axe Kick","Cold Snap"],"picked":"Leap","floor":18},{"not_picked":["Consume","Sweeping Beam"],"picked":"Sunder","floor":19},{"not_picked":["Axe Kick","Storm"],"picked":"Undo","floor":21},{"not_picked":["Coolheaded","Beam Cell"],"picked":"Reinforced Body","floor":23},{"not_picked":["Beam Cell","Turbo"],"picked":"Machine Learning","floor":27},{"not_picked":["Rebound","Reprogram"],"picked":"Impulse","floor":34},{"not_picked":["Capacitor","Lockon"],"picked":"Leap","floor":35},{"not_picked":["Axe Kick","Streamline"],"picked":"Reinforced Body","floor":38},{"not_picked":["Capacitor","Ball Lightning"],"picked":"Buffer","floor":39},{"not_picked":["Go for the Eyes","Capacitor"],"picked":"Recycle","floor":42},{"not_picked":["Lockon","Capacitor"],"picked":"Leap","floor":47},{"not_picked":["Impulse","Cold Snap"],"picked":"Hologram","floor":48}],"player_experience":37126,"potions_floor_usage":[16,21,42,48,50,50],"damage_taken":[{"damage":0,"enemies":"Small Slimes","floor":1,"turns":3},{"damage":0,"enemies":"Cultist","floor":4,"turns":3},{"damage":14,"enemies":"Gremlin Nob","floor":6,"turns":3},{"damage":6,"enemies":"Jaw Worm","floor":7,"turns":3},{"damage":21,"enemies":"Lagavulin","floor":8,"turns":5},{"damage":0,"enemies":"2 Fungi Beasts","floor":10,"turns":2},{"damage":2,"enemies":"3 Louse","floor":13,"turns":2},{"damage":7,"enemies":"Exordium Thugs","floor":14,"turns":3},{"damage":11,"enemies":"The Guardian","floor":16,"turns":5},{"damage":11,"enemies":"3 Byrds","floor":18,"turns":4},{"damage":8,"enemies":"Shell Parasite","floor":19,"turns":3},{"damage":11,"enemies":"Snake Plant","floor":21,"turns":3},{"damage":27,"enemies":"Book of Stabbing","floor":23,"turns":5},{"damage":14,"enemies":"Slaver and Parasite","floor":27,"turns":5},{"damage":13,"enemies":"Centurion and Healer","floor":28,"turns":4},{"damage":8,"enemies":"Slavers","floor":29,"turns":4},{"damage":8,"enemies":"Snake Plant","floor":31,"turns":3},{"damage":13,"enemies":"Champ","floor":33,"turns":7},{"damage":0,"enemies":"Orb Walker","floor":35,"turns":4},{"damage":10,"enemies":"Flame Bruiser 1 Orb","floor":38,"turns":4},{"damage":1,"enemies":"Spire Growth","floor":39,"turns":4},{"damage":24,"enemies":"Nemesis","floor":40,"turns":7},{"damage":27,"enemies":"Maw","floor":42,"turns":7},{"damage":34,"enemies":"Giant Head","floor":46,"turns":10},{"damage":0,"enemies":"Flame Bruiser 2 Orb","floor":47,"turns":4},{"damage":0,"enemies":"Sphere and 2 Shapes","floor":48,"turns":3},{"damage":9,"enemies":"Time Eater","floor":50,"turns":7}],"event_choices":[{"event_name":"Scrap Ooze","player_choice":"success","floor":2,"damage_taken":3},{"event_name":"Liars Game","player_choice":"agreed","floor":3,"damage_taken":0},{"event_name":"World of Goop","player_choice":"Gather Gold","floor":12,"damage_taken":0},{"event_name":"The Mausoleum","player_choice":"No","floor":20,"damage_taken":0},{"event_name":"Forgotten Altar","player_choice":"Smashed Altar","floor":30,"damage_taken":0}],"boss_relics":[{"not_picked":["White Beast Statue","Runic Dome"],"picked":"Nuclear Battery"},{"not_picked":["Orrery","Inserter"],"picked":"Tiny House"}],"potions_floor_spawned":[6,10,14,16,18,29,33,38,46,47],"seed_played":"-2874938634100236656","ascension_level":1,"is_trial":false}