{"path_per_floor":["M","M","?","?","M","R","M","?","T","M","M","$","T","$","R","B",null,"M","?","?","?","M","R","M","R","T","R","M","E","M","M","R","B",null,"M","?","M","$","M","R","M","R","T","M","?","M","M","M","R"],"character_chosen":"THE_SILENT","items_purchased":["Die Die Die","Enlightenment","Glass Knife"],"gold_per_floor":[114,130,130,130,143,143,155,213,213,230,250,24,24,24,24,121,121,137,137,52,52,71,71,87,87,161,161,180,207,223,237,237,339,339,352,452,463,97,112,112,127,127,153,173,0,20,37,54,54,54],"floor_reached":50,"campfire_rested":3,"playtime":3952,"current_hp_per_floor":[78,76,76,76,68,68,67,40,40,40,34,34,34,34,59,19,84,75,75,75,75,72,72,68,68,68,68,77,68,56,55,55,35,84,69,69,73,73,37,74,68,82,82,77,77,56,47,27,66,0],"items_purged":["Defend_G","Defend_G"],"gold":54,"score":485,"play_id":"e6613b9e-257f-436a-a5ab-8bd0fc84c1e2","local_time":"20180323224554","is_prod":false,"is_daily":false,"is_ascension_mode":false,"campfire_upgraded":6,"timestamp":1521841554,"path_taken":["M","M","?","?","?","R","M","?","T","M","M","$","?","?","R","BOSS","M","?","?","?","M","R","M","R","T","R","?","E","M","M","R","BOSS","M","?","M","$","M","R","M","R","T","M","?","M","M","M","R","BOSS"],"build_version":"2018-03-22v2","purchased_purges":3,"victory":false,"master_deck":["Defend_G","Defend_G","Defend_G","Strike_G","Strike_G","Strike_G","Strike_G","Strike_G","Survivor","Neutralize+1","Decay","Dagger Spray+1","Sucker Punch","Sucker Punch","Backstab","Distraction","Poisoned Stab","Phantasmal Killer+1","Die Die Die","Infinite Blades+1","Phantasmal Killer+1","Quick Slash+1","Quick Slash","Flying Knee","Adrenaline","Adrenaline","Heel Hook","Tools of the Trade+1","Adrenaline","Escape Plan","Flying Knee+1","Enlightenment","Glass Knife+1","Riddle With Holes+1","Quick Slash+1","Flying Knee","Dagger Spray","Heel Hook+1","Outmaneuver","Blade Dance+1"],"max_hp_per_floor":[84,84,84,84,84,84,84,84,84,84,84,84,84,84,84,84,84,84,84,84,84,84,84,84,84,84,84,84,84,84,84,84,84,84,84,84,84,84,84,84,84,84,84,84,84,84,84,84,84,84],"relics":["Ring of the Snake","Mango","Dream Catcher","Orichalcum","Thread and Needle","Nloth\u0027s Gift","Vajra","Tough Bandages","Bag of Preparation","Eternal Feather","Prayer Wheel","Red Mask"],"card_choices":[{"not_picked":["Malaise","Prepared"],"picked":"Dagger Spray","floor":1},{"not_picked":["Outmaneuver","Heel Hook"],"picked":"Sucker Punch","floor":2},{"not_picked":["Deadly Poison","Dagger Throw"],"picked":"Sucker Punch","floor":5},{"not_picked":["Flechettes","Bane"],"picked":"Backstab","floor":7},{"not_picked":["Leg Sweep","Expertise"],"picked":"Distraction","floor":8},{"not_picked":["Outmaneuver","Deflect"],"picked":"Poisoned Stab","floor":10},{"not_picked":["Prepared","Quick Slash"],"picked":"Phantasmal Killer","floor":11},{"not_picked":["Dagger Spray","Escape Plan"],"picked":"Infinite Blades","floor":15},{"not_picked":["Burst","Bullet Time"],"picked":"Phantasmal Killer","floor":16},{"not_picked":["Deadly Poison","Acrobatics"],"picked":"Quick Slash","floor":18},{"not_picked":["Acrobatics","Dagger Spray"],"picked":"Quick Slash","floor":22},{"not_picked":["Prepared","Dodge and Roll"],"picked":"Flying Knee","floor":24},{"not_picked":["Distraction","Deadly Poison"],"picked":"Adrenaline","floor":28},{"not_picked":["Quick Slash","PiercingWail"],"picked":"Adrenaline","floor":29},{"not_picked":["Backflip","Sucker Punch"],"picked":"Heel Hook","floor":30},{"not_picked":["Predator","Poisoned Stab"],"picked":"Tools of the Trade","floor":31},{"not_picked":["Envenom","A Thousand Cuts"],"picked":"Adrenaline","floor":33},{"not_picked":["Burst","Poisoned Stab"],"picked":"Escape Plan","floor":35},{"not_picked":["Dodge and Roll","All Out Attack"],"picked":"Flying Knee","floor":37},{"not_picked":["Flying Knee","Backflip"],"picked":"Riddle With Holes","floor":39},{"not_picked":["Deflect","PiercingWail"],"picked":"Quick Slash","floor":40},{"not_picked":["Bouncing Flask","Backflip"],"picked":"Flying Knee","floor":41},{"not_picked":["Blur","Poisoned Stab"],"picked":"Dagger Spray","floor":44},{"not_picked":["A Thousand Cuts","Dagger Throw"],"picked":"Heel Hook","floor":46},{"not_picked":["Bane","Unload"],"picked":"Outmaneuver","floor":47},{"not_picked":["Underhanded Strike","Poisoned Stab"],"picked":"Blade Dance","floor":49}],"player_experience":53884,"potions_floor_usage":[7,8,11,16,28,29,33,33,33,37,41,44,47,50,50],"damage_taken":[{"damage":6.0,"enemies":"2 Louse","floor":1.0,"turns":3.0},{"damage":2,"enemies":"Small Slimes","floor":2,"turns":3},{"damage":8,"enemies":"Exordium Wildlife","floor":5,"turns":3},{"damage":1,"enemies":"Exordium Thugs","floor":7,"turns":4},{"damage":27,"enemies":"Lagavulin Event","floor":8,"turns":6},{"damage":0,"enemies":"3 Louse","floor":10,"turns":1},{"damage":6,"enemies":"Large Slime","floor":11,"turns":2},{"damage":40,"enemies":"The Guardian","floor":16,"turns":10},{"damage":9,"enemies":"Spheric Guardian","floor":18,"turns":4},{"damage":3,"enemies":"Shell Parasite","floor":22,"turns":6},{"damage":4,"enemies":"Cultist and Chosen","floor":24,"turns":5},{"damage":0,"enemies":"3 Cultists","floor":28,"turns":4},{"damage":9,"enemies":"Gremlin Leader","floor":29,"turns":5},{"damage":12,"enemies":"Snake Plant","floor":30,"turns":2},{"damage":1,"enemies":"Centurion and Healer","floor":31,"turns":3},{"damage":20,"enemies":"Collector","floor":33,"turns":6},{"damage":15,"enemies":"3 Shapes","floor":35,"turns":3},{"damage":2,"enemies":"Orb Walker","floor":37,"turns":3},{"damage":36,"enemies":"4 Shapes","floor":39,"turns":3},{"damage":6,"enemies":"3 Darklings","floor":41,"turns":3},{"damage":5,"enemies":"Maw","floor":44,"turns":6},{"damage":21,"enemies":"4 Shapes","floor":46,"turns":5},{"damage":12,"enemies":"Sphere and 2 Shapes","floor":47,"turns":2},{"damage":20,"enemies":"3 Darklings","floor":48,"turns":3},{"damage":67,"enemies":"Donu and Deca","floor":50,"turns":4}],"event_choices":[{"event_name":"Accursed Blacksmith","player_choice":"Forge","floor":3,"damage_taken":0},{"event_name":"The Lab","player_choice":"Got Potions","floor":4,"damage_taken":0},{"event_name":"Dead Adventurer","player_choice":"Searched \u00271\u0027 times","floor":8,"damage_taken":0},{"event_name":"N\u0027loth","player_choice":"Traded a Runic Dome","floor":19,"damage_taken":0},{"event_name":"Addict","player_choice":"Obtained Relic","floor":20,"damage_taken":0},{"event_name":"Beggar","player_choice":"Ignored","floor":21,"damage_taken":0},{"event_name":"Golden Shrine","player_choice":"Pray","floor":36,"damage_taken":0},{"event_name":"Tomb of Lord Red Mask","player_choice":"Paid","floor":45,"damage_taken":0}],"boss_relics":[{"not_picked":["Question Card","Snecko Eye"],"picked":"Runic Dome"},{"not_picked":["Philosopher\u0027s Stone","Sozu"],"picked":"Eternal Feather"}],"potions_floor_spawned":[1,5,7,8,10,28,29,31,33,35,39,41,44,46],"seed_played":"2199062984117481146","killed_by":"Donu and Deca","ascension_level":0,"is_trial":false}