{"gold_per_floor":[118,118,130,305,325,325,352,352,400,429,35,54,54,69,69,174,174,174,0,0,0,0,0,0,0,0,0],"floor_reached":27,"playtime":1329,"items_purged":["Doubt"],"score":259,"play_id":"04f9c73d-b569-45dc-993d-fde9a06ddad7","local_time":"20180925172045","is_ascension_mode":true,"campfire_choices":[{"data":"Neutralize","floor":6,"key":"SMITH"},{"floor":8,"key":"REST"},{"floor":13,"key":"REST"},{"floor":15,"key":"REST"},{"floor":23,"key":"REST"}],"neow_cost":"","seed_source_timestamp":978172888791248,"circlet_count":0,"master_deck":["Defend_G","Defend_G","Defend_G","Defend_G","Defend_G","Strike_G","Strike_G","Strike_G","Strike_G","Survivor","Neutralize+1","Backflip","Predator","Escape Plan","Calculated Gamble","Noxious Fumes","Noxious Fumes","After Image","Dagger Spray","Escape Plan","Cloak And Dagger","Blur"],"relics":["Ring of the Snake","Happy Flower","Orichalcum","Pen Nib","Gremlin Horn","Ectoplasm","Mummified Hand"],"potions_floor_usage":[7,10,16,16,25],"damage_taken":[{"damage":0,"enemies":"Small Slimes","floor":1,"turns":5},{"damage":0,"enemies":"Jaw Worm","floor":3,"turns":5},{"damage":2,"enemies":"Cultist","floor":5,"turns":4},{"damage":45,"enemies":"Gremlin Nob","floor":7,"turns":7},{"damage":23,"enemies":"3 Sentries","floor":10,"turns":10},{"damage":1,"enemies":"Large Slime","floor":12,"turns":8},{"damage":3,"enemies":"Exordium Thugs","floor":14,"turns":4},{"damage":13,"enemies":"Slime Boss","floor":16,"turns":8},{"damage":15,"enemies":"3 Byrds","floor":18,"turns":4},{"damage":15,"enemies":"2 Thieves","floor":20,"turns":4},{"damage":3,"enemies":"Cultist and Chosen","floor":22,"turns":5},{"damage":19,"enemies":"Sentry and Sphere","floor":24,"turns":8},{"damage":13,"enemies":"Snake Plant","floor":25,"turns":5},{"damage":23,"enemies":"Snecko","floor":27,"turns":5}],"seed_played":"-7477723572436690880","potions_obtained":[{"floor":1,"key":"Dexterity Potion"},{"floor":7,"key":"SteroidPotion"},{"floor":10,"key":"SkillPotion"},{"floor":16,"key":"Poison Potion"},{"floor":22,"key":"Dexterity Potion"},{"floor":24,"key":"Poison Potion"},{"floor":25,"key":"LiquidBronze"}],"is_trial":false,"path_per_floor":["M","?","M","?","M","R","E","R","T","E","$","M","R","M","R","B",null,"M","?","M","?","M","R","M","M","T"],"character_chosen":"THE_SILENT","items_purchased":["Gremlin Horn","Noxious Fumes"],"campfire_rested":4,"item_purchase_floors":[11,11],"current_hp_per_floor":[70,63,63,63,61,61,16,37,37,14,14,13,34,31,52,39,70,55,55,40,27,24,46,27,14,14,0],"gold":0,"neow_bonus":"","is_prod":false,"is_daily":false,"chose_seed":false,"campfire_upgraded":1,"win_rate":0,"timestamp":1537888845,"path_taken":["M","?","?","?","M","R","E","R","T","E","?","M","R","M","R","BOSS","M","?","M","?","M","R","M","M","T","M"],"build_version":"2018-09-24","purchased_purges":1,"victory":false,"max_hp_per_floor":[70,70,70,70,70,70,70,70,70,70,70,70,70,70,70,70,70,70,70,70,75,75,75,75,75,75,75],"card_choices":[{"not_picked":["Endless Agony","Quick Slash"],"picked":"Backflip","floor":1},{"not_picked":["All Out Attack","Flying Knee"],"picked":"Predator","floor":3},{"not_picked":["Underhanded Strike","Deflect"],"picked":"Escape Plan","floor":5},{"not_picked":["Bane","Distraction","Phantasmal Killer"],"picked":"SKIP","floor":7},{"not_picked":["Dagger Spray","Underhanded Strike"],"picked":"Calculated Gamble","floor":10},{"not_picked":["Quick Slash","Expertise"],"picked":"Noxious Fumes","floor":12},{"not_picked":["Quick Slash","Blade Dance","All Out Attack"],"picked":"SKIP","floor":14},{"not_picked":["Bullet Time","Burst"],"picked":"After Image","floor":16},{"not_picked":["Underhanded Strike","Slice"],"picked":"Dagger Spray","floor":18},{"not_picked":["Flying Knee","PiercingWail+1"],"picked":"Escape Plan","floor":20},{"not_picked":["Predator","Prepared"],"picked":"Cloak And Dagger","floor":22},{"not_picked":["Envenom","Quick Slash"],"picked":"Blur","floor":24},{"not_picked":["Outmaneuver+1","Dagger Spray","Slice"],"picked":"SKIP","floor":25}],"player_experience":145691,"relics_obtained":[{"floor":7,"key":"Happy Flower"},{"floor":9,"key":"Orichalcum"},{"floor":10,"key":"Pen Nib"},{"floor":26,"key":"Mummified Hand"}],"event_choices":[{"event_name":"Golden Wing","player_choice":"Card Removal","floor":2,"damage_taken":0},{"event_name":"Liars Game","player_choice":"agreed","floor":4,"damage_taken":0},{"event_name":"Masked Bandits","player_choice":"Paid Fearfully","floor":19,"damage_taken":0},{"event_name":"Forgotten Altar","player_choice":"Shed Blood","floor":21,"damage_taken":0}],"is_beta":true,"boss_relics":[{"not_picked":["Busted Crown","Philosopher\u0027s Stone"],"picked":"Ectoplasm"}],"items_purged_floors":[11],"is_endless":false,"potions_floor_spawned":[1,7,10,16,22,24,25],"killed_by":"Snecko","ascension_level":3}