{"path_per_floor":["M","M","M","?","M","E","?","M","T","M","M","?","?","M","R","B",null,"M","$","?","M","?","R","E","R","T","M","?","M","$","E","R"],"character_chosen":"IRONCLAD","items_purchased":["Centennial Puzzle","Strength Potion","Bludgeon"],"gold_per_floor":[115,126,142,142,162,194,194,204,229,244,261,336,336,355,355,450,450,460,72,72,92,92,92,126,126,208,227,227,240,31,61,61,61],"floor_reached":33,"campfire_rested":0,"playtime":1664,"current_hp_per_floor":[80,79,79,79,70,46,66,66,66,66,66,55,39,39,39,11,80,75,75,53,37,37,37,30,30,30,39,39,44,44,52,52,0],"items_purged":["Parasite","Defend_R"],"gold":61,"score":315,"play_id":"fec9acea-0187-40cf-81ba-8f039f8a9494","local_time":"20180326233837","is_prod":false,"is_daily":false,"is_ascension_mode":false,"campfire_upgraded":4,"timestamp":1522100317,"path_taken":["M","M","M","?","M","E","?","M","T","?","M","?","?","M","R","BOSS","M","$","?","M","?","R","E","R","T","M","?","M","$","E","R","BOSS"],"build_version":"2018-03-22v2","purchased_purges":2,"victory":false,"master_deck":["Defend_R","Defend_R","Defend_R","Bash+1","Corruption","Thunderclap","Sever Soul+1","Perfected Strike","Armaments+1","Carnage+1","Reaper+1","Cleave","Bite","Bite","Bite","Bite","Bite","Ghostly Armor+1","Writhe","Feed","Heavy Blade+1","Blood for Blood+1","Bludgeon"],"max_hp_per_floor":[80,80,80,80,80,80,80,80,80,80,80,80,80,80,80,80,80,80,77,53,53,53,53,53,53,53,56,56,59,59,69,69,69],"relics":["Snecko Eye","Du-Vu Doll","Bag of Marbles","Mark of Pain","Centennial Puzzle","Omamori","Lantern","Smiling Mask","Pear"],"card_choices":[{"not_picked":["Flex","Combust"],"picked":"Corruption","floor":1},{"not_picked":["Clash","Body Slam"],"picked":"Thunderclap","floor":3},{"not_picked":["Double Tap","Searing Blow"],"picked":"Sever Soul","floor":6},{"not_picked":["True Grit","Pommel Strike"],"picked":"Perfected Strike","floor":8},{"not_picked":["True Grit","Feel No Pain"],"picked":"Armaments","floor":10},{"not_picked":["Warcry","Seeing Red"],"picked":"Carnage","floor":14},{"not_picked":["Offering","Berserk"],"picked":"Reaper","floor":16},{"not_picked":["Thunderclap","Warcry"],"picked":"Cleave","floor":18},{"not_picked":["Thunderclap","Cleave"],"picked":"Ghostly Armor","floor":21},{"not_picked":["Hemokinesis","Wild Strike"],"picked":"Feed","floor":24},{"not_picked":["Flex","True Grit"],"picked":"Heavy Blade","floor":27},{"not_picked":["Flex","Wild Strike"],"picked":"Blood for Blood","floor":29}],"player_experience":97462,"potions_floor_usage":[6,6,16,16,16,24,31],"damage_taken":[{"damage":0,"enemies":"Jaw Worm","floor":1,"turns":1},{"damage":1,"enemies":"Cultist","floor":2,"turns":3},{"damage":0,"enemies":"2 Louse","floor":3,"turns":3},{"damage":9,"enemies":"2 Fungi Beasts","floor":5,"turns":2},{"damage":24,"enemies":"Lagavulin","floor":6,"turns":5},{"damage":0,"enemies":"Blue Slaver","floor":8,"turns":3},{"damage":0,"enemies":"Exordium Thugs","floor":10,"turns":3},{"damage":0,"enemies":"Gremlin Gang","floor":11,"turns":2},{"damage":0,"enemies":"2 Fungi Beasts","floor":14,"turns":1},{"damage":28,"enemies":"Slime Boss","floor":16,"turns":8},{"damage":5,"enemies":"Shell Parasite","floor":18,"turns":3},{"damage":20,"enemies":"Spheric Guardian","floor":21,"turns":4},{"damage":25,"enemies":"Slavers","floor":24,"turns":2},{"damage":0,"enemies":"3 Cultists","floor":27,"turns":2},{"damage":0,"enemies":"Snake Plant","floor":29,"turns":2},{"damage":21,"enemies":"Book of Stabbing","floor":31,"turns":3},{"damage":80,"enemies":"Automaton","floor":33,"turns":6}],"event_choices":[{"event_name":"The Lab","player_choice":"Got Potions","floor":4,"damage_taken":0},{"event_name":"Mushrooms","player_choice":"Healed and dodged fight","floor":7,"damage_taken":0},{"event_name":"World of Goop","player_choice":"Gather Gold","floor":12,"damage_taken":0},{"event_name":"Shining Light","player_choice":"Entered Light","floor":13,"damage_taken":0},{"event_name":"Vampires","player_choice":"Became a vampire","floor":20,"damage_taken":0},{"event_name":"The Mausoleum","player_choice":"Yes","floor":22,"damage_taken":0},{"event_name":"Forgotten Altar","player_choice":"Smashed Altar","floor":28,"damage_taken":0}],"boss_relics":[{"not_picked":["Eternal Feather","Runic Pyramid"],"picked":"Mark of Pain"}],"potions_floor_spawned":[1,5,6,10,11,14,29],"seed_played":"-5851911587992496563","killed_by":"Automaton","ascension_level":0,"is_trial":false}