{"gold_per_floor":[117,17,32,44,44,44,44,60,60,78,78,104,54,68,68,68],"floor_reached":16,"playtime":727,"items_purged":["Strike_R"],"score":153,"play_id":"8b7eb74e-a930-471b-b999-41c257e39b54","local_time":"20190102003634","is_ascension_mode":true,"campfire_choices":[{"data":"Pommel Strike","floor":6,"key":"SMITH"},{"floor":11,"key":"RECALL"},{"data":"Barricade","floor":15,"key":"SMITH"}],"neow_cost":"NONE","seed_source_timestamp":788214822438236,"circlet_count":0,"master_deck":["AscendersBane","Strike_R","Strike_R","Strike_R","Defend_R","Defend_R","Defend_R","Defend_R","Bash","Sever Soul","Pommel Strike+1","Iron Wave","Cleave","Body Slam","Thunderclap","Barricade+1","True Grit"],"relics":["Burning Blood","Matryoshka","Bag of Preparation","Self Forming Clay","Question Card"],"potions_floor_usage":[10,12,14,16],"damage_taken":[{"damage":0,"enemies":"Small Slimes","floor":1,"turns":4},{"damage":0,"enemies":"2 Louse","floor":3,"turns":2},{"damage":6,"enemies":"Cultist","floor":4,"turns":4},{"damage":8,"enemies":"Large Slime","floor":8,"turns":5},{"damage":0,"enemies":"2 Fungi Beasts","floor":10,"turns":3},{"damage":45,"enemies":"Lagavulin","floor":12,"turns":7},{"damage":0,"enemies":"Exordium Wildlife","floor":14,"turns":1},{"damage":55,"enemies":"Hexaghost","floor":16,"turns":15}],"seed_played":"659862267096785207","potions_obtained":[{"floor":1,"key":"FearPotion"},{"floor":3,"key":"Block Potion"},{"floor":4,"key":"Explosive Potion"},{"floor":10,"key":"LiquidBronze"},{"floor":14,"key":"SneckoOil"}],"is_trial":false,"path_per_floor":["M","$","M","M","?","R","$","M","T","M","R","E","?","M","R","B"],"character_chosen":"IRONCLAD","items_purchased":["Pommel Strike"],"campfire_rested":0,"item_purchase_floors":[2],"current_hp_per_floor":[86,86,88,88,81,81,81,79,79,85,85,46,46,52,52,0],"gold":68,"neow_bonus":"TEN_PERCENT_HP_BONUS","is_prod":false,"is_daily":false,"chose_seed":false,"campfire_upgraded":2,"win_rate":0,"timestamp":1546410994,"path_taken":["M","$","M","M","?","R","$","M","T","M","R","E","?","M","R","BOSS"],"build_version":"2018-12-20","purchased_purges":1,"victory":false,"max_hp_per_floor":[88,88,88,88,88,88,88,88,88,88,88,88,88,88,88,88],"card_choices":[{"not_picked":["Blood for Blood","Bloodletting"],"picked":"Sever Soul","floor":1},{"not_picked":["Flex","Warcry"],"picked":"Iron Wave","floor":3},{"not_picked":["Headbutt","Perfected Strike"],"picked":"Cleave","floor":4},{"not_picked":["Perfected Strike","Headbutt"],"picked":"Body Slam","floor":8},{"not_picked":["Clash","Cleave"],"picked":"Thunderclap","floor":10},{"not_picked":["Feel No Pain","Perfected Strike"],"picked":"Barricade","floor":12},{"not_picked":["Headbutt","Heavy Blade","Bloodletting"],"picked":"True Grit","floor":14}],"player_experience":368529,"relics_obtained":[{"floor":9,"key":"Bag of Preparation"},{"floor":9,"key":"Self Forming Clay"},{"floor":12,"key":"Question Card"}],"event_choices":[{"damage_healed":0,"gold_gain":0,"player_choice":"Success","damage_taken":7,"relics_obtained":["Matryoshka"],"max_hp_gain":0,"max_hp_loss":0,"event_name":"Scrap Ooze","floor":5,"gold_loss":0},{"cards_removed":["Strike_R"],"damage_healed":0,"gold_gain":0,"player_choice":"Card Removal","damage_taken":0,"max_hp_gain":0,"max_hp_loss":0,"event_name":"The Cleric","floor":13,"gold_loss":50}],"is_beta":false,"boss_relics":[],"items_purged_floors":[2],"is_endless":false,"potions_floor_spawned":[1,3,4,10,14],"killed_by":"Hexaghost","ascension_level":10}