{"gold_per_floor":[12,32,32,46,46,46,71,71,71,90,110,110,130,148,148,148],"floor_reached":16,"playtime":706,"items_purged":[],"score":114,"play_id":"b00a4f3f-565b-4733-a790-07682e79e300","local_time":"20190326193454","is_ascension_mode":true,"campfire_choices":[{"data":"Hologram","floor":6,"key":"SMITH"},{"floor":8,"key":"REST"},{"floor":12,"key":"REST"},{"floor":15,"key":"REST"}],"neow_cost":"NO_GOLD","seed_source_timestamp":78922263746725,"circlet_count":0,"master_deck":["Strike_B","Strike_B","Strike_B","Strike_B","Defend_B","Defend_B","Defend_B","Defend_B","Zap","Dualcast","Reinforced Body","Hologram+1"],"relics":["Cracked Core","Pocketwatch","Gambling Chip","Ornamental Fan","Strawberry"],"potions_floor_usage":[16],"damage_taken":[{"damage":6,"enemies":"Cultist","floor":1,"turns":3},{"damage":7,"enemies":"Jaw Worm","floor":2,"turns":3},{"damage":5,"enemies":"Small Slimes","floor":4,"turns":3},{"damage":34,"enemies":"Gremlin Nob","floor":7,"turns":4},{"damage":21,"enemies":"Exordium Thugs","floor":10,"turns":5},{"damage":11,"enemies":"Looter","floor":11,"turns":3},{"damage":36,"enemies":"Gremlin Gang","floor":13,"turns":6},{"damage":7,"enemies":"2 Fungi Beasts","floor":14,"turns":4},{"damage":39,"enemies":"Slime Boss","floor":16,"turns":7}],"seed_played":"-718159741952847524","potions_obtained":[{"floor":1,"key":"Swift Potion"},{"floor":10,"key":"Swift Potion"},{"floor":14,"key":"Fire Potion"}],"is_trial":false,"path_per_floor":["M","M","?","M","T","R","E","R","T","M","M","R","M","M","R","B"],"character_chosen":"DEFECT","items_purchased":[],"campfire_rested":3,"item_purchase_floors":[],"current_hp_per_floor":[69,62,67,62,62,62,28,52,59,38,27,53,17,10,36,0],"gold":148,"neow_bonus":"ONE_RARE_RELIC","is_prod":false,"is_daily":false,"chose_seed":false,"campfire_upgraded":1,"win_rate":0,"timestamp":1553643294,"path_taken":["M","M","?","M","?","R","E","R","T","M","M","R","?","M","R","BOSS"],"build_version":"2019-01-23","purchased_purges":0,"victory":false,"max_hp_per_floor":[75,75,80,80,80,80,80,80,87,87,87,87,87,87,87,87],"card_choices":[{"not_picked":["Darkness","Streamline"],"picked":"Reinforced Body","floor":1},{"not_picked":["Ball Lightning","Hello World"],"picked":"Hologram","floor":2},{"not_picked":["Fusion","Streamline","Heatsinks"],"picked":"SKIP","floor":4},{"not_picked":["Sunder","Conserve Battery","Double Energy"],"picked":"SKIP","floor":7},{"not_picked":["Rebound","Blizzard","Lockon"],"picked":"SKIP","floor":10},{"not_picked":["Redo","Ball Lightning","Barrage"],"picked":"SKIP","floor":11},{"not_picked":["Tempest","Stack","Consume"],"picked":"SKIP","floor":13},{"not_picked":["Sweeping Beam","Hologram","Biased Cognition"],"picked":"SKIP","floor":14}],"player_experience":756219,"relics_obtained":[{"floor":5,"key":"Gambling Chip"},{"floor":7,"key":"Ornamental Fan"},{"floor":9,"key":"Strawberry"}],"event_choices":[{"damage_healed":0,"gold_gain":0,"player_choice":"Donut","damage_taken":0,"max_hp_gain":5,"max_hp_loss":0,"event_name":"Big Fish","floor":3,"gold_loss":0}],"is_beta":false,"boss_relics":[],"items_purged_floors":[],"is_endless":false,"potions_floor_spawned":[1,10,14],"killed_by":"Slime Boss","ascension_level":2}