{"gold_per_floor":[112,187,187,202,46,46,46,11,11,11,11,26,26,26,26,129,129,140,140,155,155,185,216,216,242,242,242,252,267,267,286,286,383,383,401,416,1415,1430,1129,1129,1141,1141,1141,1156,1156,1186,1186,456,456,456,456,456,19,47,47],"floor_reached":55,"playtime":1397,"items_purged":["Normality","Normality"],"score":1006,"play_id":"54bbff97-4938-4343-a40d-3bff6da18f06","local_time":"20181229201431","is_ascension_mode":true,"campfire_choices":[{"data":"Zap","floor":6,"key":"SMITH"},{"data":"Static Discharge","floor":10,"key":"SMITH"},{"data":"Static Discharge","floor":13,"key":"SMITH"},{"data":"Dualcast","floor":15,"key":"SMITH"},{"floor":24,"key":"REST"},{"floor":27,"key":"REST"},{"data":"Biased Cognition","floor":32,"key":"SMITH"},{"floor":40,"key":"RECALL"},{"data":"Lockon","floor":42,"key":"SMITH"},{"floor":45,"key":"REST"},{"data":"Mayhem","floor":49,"key":"SMITH"},{"data":"Defragment","floor":52,"key":"SMITH"}],"neow_cost":"NONE","seed_source_timestamp":709146398958995,"circlet_count":0,"master_deck":["Strike_B","Strike_B","Strike_B","Strike_B","Defend_B","Defend_B","Defend_B","Defend_B","Zap+1","Dualcast+1","Static Discharge+1","Capacitor","Static Discharge+1","Electrodynamics","Ball Lightning+1","Sunder+1","Leap","Tempest","Barrage","Biased Cognition+1","Barrage+1","Electrodynamics","Skim+1","Stack+1","Go for the Eyes+1","Lockon+1","Loop","Stack+1","Force Field","Defragment+1","Conserve Battery","Mayhem+1","Consume","Double Energy+1"],"relics":["Cracked Core","DataDisk","Bag of Preparation","Meat on the Bone","Sozu","Tiny Chest","Shuriken","Regal Pillow","Pantograph","Eternal Feather","Ancient Tea Set","Kunai","Bag of Marbles","TheAbacus","Oddly Smooth Stone","Toolbox","Sundial"],"potions_floor_usage":[20,23],"damage_taken":[{"damage":14,"enemies":"Jaw Worm","floor":1,"turns":3},{"damage":0,"enemies":"Small Slimes","floor":4,"turns":3},{"damage":1,"enemies":"Cultist","floor":12,"turns":3},{"damage":28,"enemies":"Slime Boss","floor":16,"turns":6},{"damage":6,"enemies":"Spheric Guardian","floor":18,"turns":3},{"damage":13,"enemies":"2 Thieves","floor":20,"turns":2},{"damage":18,"enemies":"Gremlin Leader","floor":23,"turns":4},{"damage":44,"enemies":"Book of Stabbing","floor":25,"turns":3},{"damage":32,"enemies":"Centurion and Healer","floor":28,"turns":4},{"damage":7,"enemies":"Chosen and Byrds","floor":29,"turns":4},{"damage":8,"enemies":"3 Cultists","floor":31,"turns":3},{"damage":65,"enemies":"Champ","floor":33,"turns":7},{"damage":11,"enemies":"3 Darklings","floor":35,"turns":2},{"damage":0,"enemies":"3 Shapes","floor":36,"turns":3},{"damage":9,"enemies":"Sphere and 2 Shapes","floor":38,"turns":2},{"damage":0,"enemies":"4 Shapes","floor":41,"turns":2},{"damage":49,"enemies":"Spire Growth","floor":44,"turns":4},{"damage":47,"enemies":"Reptomancer","floor":46,"turns":4},{"damage":67,"enemies":"Time Eater","floor":50,"turns":6},{"damage":43,"enemies":"Shield and Spear","floor":54,"turns":2},{"damage":73,"enemies":"The Heart","floor":55,"turns":3}],"seed_played":"4557740363617982629","potions_obtained":[{"floor":1,"key":"EssenceOfSteel"},{"floor":16,"key":"PowerPotion"}],"is_trial":false,"path_per_floor":["M","?","$","M","$","R","?","?","T","R","$","M","R","$","R","B",null,"M","$","M","?","?","E","R","E","T","R","M","M","?","M","R","B",null,"M","M","?","M","$","R","M","R","T","M","R","E","?","$","R","B",null,"R","$","E","B"],"character_chosen":"DEFECT","items_purchased":["DataDisk","Ancient Tea Set","Lockon","Bag of Marbles","Defragment","Conserve Battery","Mayhem","TheAbacus","Oddly Smooth Stone","Toolbox","Consume"],"campfire_rested":3,"item_purchase_floors":[5,39,39,48,48,48,48,48,53,53,53],"current_hp_per_floor":[61,50,50,50,50,50,50,70,70,70,70,69,69,69,69,53,75,69,69,56,56,56,50,74,42,42,81,49,42,42,46,46,18,66,55,55,55,46,46,61,61,76,76,39,82,47,47,47,65,23,64,78,78,47,0],"gold":47,"neow_bonus":"TEN_PERCENT_HP_BONUS","is_prod":false,"is_daily":false,"chose_seed":false,"campfire_upgraded":8,"win_rate":0,"timestamp":1546110871,"path_taken":["M","?","$","M","$","R","?","?","T","R","?","?","R","$","R","BOSS","M","$","M","?","?","E","R","E","T","R","?","M","?","M","R","BOSS","M","?","?","M","$","R","M","R","T","M","R","E","?","$","R","BOSS","R","$","E","BOSS"],"build_version":"2018-12-20","purchased_purges":2,"victory":false,"max_hp_per_floor":[82,82,82,82,82,82,82,82,82,82,82,82,82,82,82,82,82,82,82,82,82,82,82,82,82,82,82,82,82,82,82,82,82,82,82,82,82,82,82,82,82,82,82,82,82,82,78,78,78,78,78,78,78,78,78],"card_choices":[{"not_picked":["Aggregate","Hello World"],"picked":"Static Discharge","floor":1},{"not_picked":["Steam","Barrage"],"picked":"Capacitor","floor":4},{"not_picked":["Redo","Turbo"],"picked":"Static Discharge","floor":12},{"not_picked":["Rainbow","Meteor Strike"],"picked":"Electrodynamics","floor":16},{"not_picked":["Darkness+1","Self Repair"],"picked":"Static Discharge","floor":18},{"not_picked":["Turbo","Gash"],"picked":"Ball Lightning+1","floor":20},{"not_picked":["Aggregate","Cold Snap","Blizzard"],"picked":"SKIP","floor":23},{"not_picked":["Streamline","Steam"],"picked":"Sunder+1","floor":25},{"not_picked":["Streamline","Conserve Battery"],"picked":"Leap","floor":28},{"not_picked":["Cold Snap","Redo","Hologram"],"picked":"SKIP","floor":29},{"not_picked":["Fusion","Darkness"],"picked":"Barrage+1","floor":31},{"not_picked":["Creative AI","All For One"],"picked":"Electrodynamics","floor":33},{"not_picked":["Gash+1","Leap+1"],"picked":"Skim+1","floor":35},{"not_picked":["Hello World+1","Hologram"],"picked":"Stack+1","floor":36},{"not_picked":["Rebound+1","Sunder"],"picked":"Go for the Eyes+1","floor":38},{"not_picked":["Hologram","Coolheaded"],"picked":"Loop","floor":41},{"not_picked":["Sweeping Beam+1","FTL"],"picked":"Stack+1","floor":44},{"not_picked":["Genetic Algorithm","Hologram+1"],"picked":"Force Field","floor":46},{"not_picked":["Compile Driver","Steam"],"picked":"Double Energy+1","floor":54}],"player_experience":482637,"relics_obtained":[{"floor":9,"key":"Meat on the Bone"},{"floor":23,"key":"Shuriken"},{"floor":25,"key":"Regal Pillow"},{"floor":26,"key":"Pantograph"},{"floor":46,"key":"Kunai"},{"floor":54,"key":"Sundial"}],"event_choices":[{"damage_healed":0,"gold_gain":75,"player_choice":"Gather Gold","damage_taken":11,"max_hp_gain":0,"max_hp_loss":0,"event_name":"World of Goop","floor":2,"gold_loss":0},{"damage_healed":0,"gold_gain":0,"player_choice":"Searched \u00272\u0027 times","damage_taken":0,"relics_obtained":["Bag of Preparation"],"max_hp_gain":0,"max_hp_loss":0,"event_name":"Dead Adventurer","floor":7,"gold_loss":0},{"damage_healed":20,"gold_gain":0,"player_choice":"Healed","damage_taken":0,"max_hp_gain":0,"max_hp_loss":0,"event_name":"The Cleric","floor":8,"gold_loss":35},{"damage_healed":0,"gold_gain":0,"player_choice":"Ignored","damage_taken":0,"max_hp_gain":0,"max_hp_loss":0,"event_name":"Beggar","floor":21,"gold_loss":0},{"cards_removed":["Static Discharge"],"damage_healed":0,"gold_gain":0,"player_choice":"Gave Card","damage_taken":0,"relics_obtained":["Tiny Chest"],"max_hp_gain":0,"max_hp_loss":0,"event_name":"WeMeetAgain","floor":22,"gold_loss":0},{"damage_healed":0,"gold_gain":0,"player_choice":"3 cards matched","damage_taken":0,"max_hp_gain":0,"max_hp_loss":0,"event_name":"Match and Keep!","floor":30,"gold_loss":0,"cards_obtained":["Tempest","Barrage","Biased Cognition"]},{"damage_healed":0,"gold_gain":999,"player_choice":"Gold","damage_taken":0,"max_hp_gain":0,"max_hp_loss":0,"event_name":"MindBloom","floor":37,"gold_loss":0,"cards_obtained":["Normality","Normality"]},{"damage_healed":0,"gold_gain":0,"player_choice":"Max HP","damage_taken":0,"max_hp_gain":0,"max_hp_loss":4,"event_name":"Winding Halls","floor":47,"gold_loss":0}],"is_beta":false,"boss_relics":[{"not_picked":["Snecko Eye","Pandora\u0027s Box"],"picked":"Sozu"},{"not_picked":["Cursed Key","Fusion Hammer"],"picked":"Eternal Feather"}],"items_purged_floors":[39,48],"is_endless":false,"potions_floor_spawned":[1,16,23,29,31,35,44],"killed_by":"The Heart","ascension_level":8}