{"gold_per_floor":[117,42,42,55,69,69,79,96,133,133,96,109,109,93,93,93],"floor_reached":16,"playtime":1475,"items_purged":["Slimebound:Tackle","Regret"],"score":144,"play_id":"c7ef19b6-78e6-4be4-a4d2-4a553784a9ed","local_time":"20190315011754","is_ascension_mode":false,"campfire_choices":[{"data":"Slimebound:GrowthPunch","floor":6,"key":"SMITH"},{"data":"Sharp Hide","floor":13,"key":"SMITH"},{"floor":15,"key":"REST"}],"neow_cost":"","seed_source_timestamp":112709652393882,"circlet_count":0,"master_deck":["Slimebound:GrowthPunch+1","Slimebound:Strike_Slimebound","Slimebound:Strike_Slimebound","Slimebound:Strike_Slimebound","Delirium","Looming Evil","EpicFetus","Slimebound:CorrosiveSpit","Slimebound:Defend_Slimebound","Slimebound:Defend_Slimebound","Slimebound:Defend_Slimebound","Slimebound:Defend_Slimebound","Slimebound:ServeAndProtect","Sharp Hide+1","Slimebound:SlimeSpikes","Slimebound:Split","Slimebound:SplitBruiser","Fortune_colorness+1","Power_colorless+1","Unbreaking_colorless+1"],"relics":["Slimebound:AbsorbEndCombat","HushsDoor","KeepersGift","EnchantBook_Base","Baka","Replay:WaspNest","DoctorsRemote","Ring of Hypnosis","ReplayTheSpireMod:Ring of Collecting","ReplayTheSpireMod:CursedCoin"],"potions_floor_usage":[7,8,9,16],"damage_taken":[{"damage":11,"enemies":"Small Slimes","floor":1,"turns":4},{"damage":32,"enemies":"Jaw Worm","floor":4,"turns":3},{"damage":15,"enemies":"Cultist","floor":5,"turns":3},{"damage":23,"enemies":"Gremlin Gang","floor":7,"turns":3},{"damage":13,"enemies":"3 Louse","floor":8,"turns":2},{"damage":3,"enemies":"Blue Slaver","floor":9,"turns":3},{"damage":11,"enemies":"Blue Slaver","floor":12,"turns":4},{"damage":35,"enemies":"Exordium Thugs","floor":14,"turns":4},{"damage":61,"enemies":"Fading Forest","floor":16,"turns":6}],"seed_played":"-5739595966460861028","potions_obtained":[{"floor":1,"key":"Strength Potion"},{"floor":5,"key":"Weak Potion"},{"floor":7,"key":"Adrenaline Potion"},{"floor":14,"key":"Weak Potion"}],"is_trial":false,"path_per_floor":["M","$","?","M","M","R","M","M","MIM","?","$","M","R","M","R","B"],"character_chosen":"SLIMEBOUND","items_purchased":["Slimebound:GrowthPunch","Slimebound:ServeAndProtect","ReplayTheSpireMod:CursedCoin","Sharp Hide"],"campfire_rested":1,"item_purchase_floors":[0,0,11,11],"current_hp_per_floor":[68,68,68,48,51,51,34,37,46,46,46,44,44,28,49,0],"gold":93,"neow_bonus":"","is_prod":false,"is_daily":false,"chose_seed":false,"campfire_upgraded":2,"win_rate":0,"timestamp":1552627074,"path_taken":["M","$","?","?","M","R","M","?","MIM","?","$","M","R","M","R","BOSS"],"build_version":"2019-01-23","purchased_purges":2,"victory":false,"max_hp_per_floor":[70,70,70,70,70,70,70,70,70,70,70,70,70,70,70,70],"card_choices":[{"not_picked":[],"picked":"EpicFetus","floor":0},{"not_picked":["Slimebound:SplitMire","Slimebound:SlimeSpikes"],"picked":"Bomb","floor":1},{"not_picked":["Slimebound:DivideAndConquer","Slimebound:GoopSpray","Slimebound:SplitLeeching"],"picked":"SKIP","floor":4},{"not_picked":["Slimebound:LeechLife","Slimebound:Replication","Slimebound:VenomTackle"],"picked":"SKIP","floor":5},{"not_picked":["Efficiency_colorless+2","Looting_colorless+1"],"picked":"Power_colorless+1","floor":7},{"not_picked":["Slimebound:SpikyOuterGoop","Slimebound:Equalize"],"picked":"Bomb","floor":7},{"not_picked":["Fortune_colorness+1","Flame_colorless+1"],"picked":"Unbreaking_colorless+1","floor":8},{"not_picked":["Slimebound:RollThrough","Slimebound:VenomTackle"],"picked":"Slimebound:SlimeSpikes","floor":8},{"not_picked":["Auto_colorless+1","Flame_colorless+1"],"picked":"Fortune_colorness+1","floor":12},{"not_picked":["Slimebound:SplitBruiser","Slimebound:ItLooksTasty","Slimebound:RollThrough"],"picked":"SKIP","floor":12},{"not_picked":["Slimebound:PressTheAttack","Slimebound:RejuvenatingLick"],"picked":"Slimebound:SplitBruiser","floor":14}],"player_experience":778410,"relics_obtained":[{"floor":1,"key":"Baka"},{"floor":9,"key":"DoctorsRemote"},{"floor":10,"key":"Ring of Hypnosis"},{"floor":10,"key":"ReplayTheSpireMod:Ring of Collecting"}],"event_choices":[{"damage_healed":0,"gold_gain":0,"player_choice":"Box","damage_taken":0,"relics_obtained":["Replay:WaspNest"],"max_hp_gain":0,"max_hp_loss":0,"event_name":"Big Fish","floor":3,"gold_loss":0,"cards_obtained":["Regret"]}],"is_beta":false,"boss_relics":[],"items_purged_floors":[2,11],"is_endless":false,"potions_floor_spawned":[1,5,7,14],"killed_by":"Fading Forest","ascension_level":0}