{"path_per_floor":["M","M","?","M","?","E","R","E","T","R","E","R","$","M","R","B",null,"M","M","$","?","?","E","R","E","T","?","R","E","M","M","R","B",null,"M","?","$","M","M","E","R","M","T","M","M","?","T","M","R","B"],"character_chosen":"DEFECT","items_purchased":["Capacitor","Chill+1","Capacitor","Explosive Potion","Capacitor+1"],"gold_per_floor":[118,138,88,101,176,201,201,233,233,233,262,262,97,115,115,214,214,225,242,67,67,67,100,100,132,132,47,47,76,89,105,105,203,203,213,213,37,51,71,100,100,113,113,130,143,0,0,20,20,20],"floor_reached":51,"campfire_rested":3,"playtime":2729,"item_purchase_floors":[13,13,20,20,37],"current_hp_per_floor":[68,68,68,68,57,52,52,47,47,47,53,53,53,53,53,53,77,75,75,75,59,59,27,52,52,52,52,52,52,52,52,52,52,81,81,71,71,71,63,47,74,69,69,33,33,33,33,24,51,51],"items_purged":["Strike_B","Strike_B","Strike_B"],"gold":20,"score":1290,"play_id":"2478db9f-59f7-47e7-8305-a9d0baf57b23","local_time":"20180525130511","is_prod":false,"is_daily":false,"chose_seed":false,"is_ascension_mode":true,"campfire_upgraded":6,"win_rate":0,"timestamp":1527246311,"campfire_choices":[{"data":"Defragment","floor":7,"key":"SMITH"},{"data":"Chaos","floor":10,"key":"SMITH"},{"data":"Chill","floor":12,"key":"SMITH"},{"data":"Capacitor","floor":15,"key":"SMITH"},{"floor":24,"key":"REST"},{"data":"Capacitor","floor":28,"key":"SMITH"},{"data":"Barrage","floor":32,"key":"SMITH"},{"floor":41,"key":"REST"},{"floor":49,"key":"REST"}],"path_taken":["M","M","?","M","?","E","R","E","T","R","E","R","$","M","R","BOSS","M","M","$","?","?","E","R","E","T","?","R","E","?","M","R","BOSS","M","?","$","?","?","E","R","M","T","M","M","?","?","M","R","BOSS"],"build_version":"2018-05-24","seed_source_timestamp":90785582721865,"purchased_purges":3,"victory":true,"master_deck":["Defend_B","Defend_B","Defend_B","Defend_B","Zap+1","Dualcast","Defragment+1","Glacier","Chaos+1","Chill+1","Streamline","Consume+1","Capacitor+1","Chill+1","Compile Driver","Reboot+1","Coolheaded+1","Capacitor+1","Necronomicurse","Barrage+1","Glacier+1","Blizzard+1","Fusion+1","Electrodynamics+1","Redo+1","Thinking Ahead+1","Panacea+1","Master of Strategy+1","Capacitor+1","Force Field+1","Tempest+1","Consume+1","Fusion+1"],"max_hp_per_floor":[75,75,75,75,75,75,75,75,75,75,85,85,85,85,85,85,85,85,85,85,85,85,85,85,85,85,85,85,85,85,85,85,90,90,90,90,90,90,90,90,90,90,90,90,90,90,90,90,90,90],"relics":["Cracked Core","Emotion Chip","Cables","Toxic Egg 2","Pear","Nuclear Battery","Necronomicon","Thread and Needle","Frozen Egg 2","Dodecahedron","Ornamental Fan","Letter Opener","Lizard Tail","Symbiotic Virus","Unceasing Top","Red Mask","Kunai"],"card_choices":[{"not_picked":["Compile Driver","Sweeping Beam"],"picked":"Defragment","floor":1},{"not_picked":["Steam","Coolheaded"],"picked":"Glacier","floor":2},{"not_picked":["Hologram","Heatsinks"],"picked":"Chaos","floor":4},{"not_picked":["Undo","Hologram"],"picked":"Chill","floor":6},{"not_picked":["Biased Cognition","Sunder"],"picked":"Streamline","floor":8},{"not_picked":["Sweeping Beam","Gash"],"picked":"Consume+1","floor":11},{"not_picked":["Force Field+1","Steam+1"],"picked":"Compile Driver","floor":14},{"not_picked":["Creative AI","Thunder Strike"],"picked":"Reboot+1","floor":16},{"not_picked":["Turbo+1","Aggregate+1"],"picked":"Coolheaded+1","floor":18},{"not_picked":["Streamline","Sweeping Beam","Aggregate+1"],"picked":"SKIP","floor":19},{"not_picked":["Melter","Hologram+1"],"picked":"Barrage","floor":23},{"not_picked":["Barrage","Chill+1"],"picked":"Glacier+1","floor":25},{"not_picked":["Tempest+1","Chaos+1"],"picked":"Blizzard+1","floor":29},{"not_picked":["Go for the Eyes","Fission+1"],"picked":"Fusion+1","floor":30},{"not_picked":["Aggregate+1","Rebound","Streamline"],"picked":"SKIP","floor":31},{"not_picked":["Buffer+1","Creative AI+1"],"picked":"Electrodynamics+1","floor":33},{"not_picked":["Rebound+1","Go for the Eyes+1"],"picked":"Redo+1","floor":35},{"not_picked":["Panacea","Swift Strike"],"picked":"Thinking Ahead","floor":36},{"not_picked":["Swift Strike","Madness"],"picked":"Panacea","floor":36},{"not_picked":["Panacea","Deep Breath"],"picked":"Master of Strategy","floor":36},{"not_picked":["Chill+1","Rebound+1"],"picked":"Force Field+1","floor":38},{"not_picked":["Beam Cell","Skim+1"],"picked":"Tempest+1","floor":39},{"not_picked":["Barrage","Rebound+1","Sweeping Beam+1"],"picked":"SKIP","floor":40},{"not_picked":["Go for the Eyes+1","Coolheaded+1"],"picked":"Consume+1","floor":42},{"not_picked":["Compile Driver+1","Turbo+1","Ball Lightning+1"],"picked":"SKIP","floor":44},{"not_picked":["Consume+1","Recycle+1","Steam Power+1"],"picked":"SKIP","floor":45},{"not_picked":["Rip and Tear","Undo+1"],"picked":"Fusion+1","floor":48}],"player_experience":102546,"potions_floor_usage":[16,19,23,29,33,33,44,45,50],"damage_taken":[{"damage":0,"enemies":"Jaw Worm","floor":1,"turns":3},{"damage":0,"enemies":"2 Louse","floor":2,"turns":2},{"damage":0,"enemies":"Small Slimes","floor":4,"turns":3},{"damage":5,"enemies":"3 Sentries","floor":6,"turns":10},{"damage":5,"enemies":"Lagavulin","floor":8,"turns":7},{"damage":4,"enemies":"Gremlin Nob","floor":11,"turns":3},{"damage":0,"enemies":"Red Slaver","floor":14,"turns":3},{"damage":0,"enemies":"Hexaghost","floor":16,"turns":13},{"damage":2,"enemies":"3 Byrds","floor":18,"turns":6},{"damage":0,"enemies":"2 Thieves","floor":19,"turns":4},{"damage":32,"enemies":"Gremlin Leader","floor":23,"turns":6},{"damage":0,"enemies":"Book of Stabbing","floor":25,"turns":5},{"damage":0,"enemies":"Gremlin Leader","floor":29,"turns":8},{"damage":0,"enemies":"Snake Plant","floor":30,"turns":4},{"damage":0,"enemies":"Centurion and Healer","floor":31,"turns":6},{"damage":5,"enemies":"Champ","floor":33,"turns":8},{"damage":0,"enemies":"Orb Walker","floor":35,"turns":5},{"damage":0,"enemies":"3 Darklings","floor":38,"turns":3},{"damage":8,"enemies":"Sphere and 2 Shapes","floor":39,"turns":8},{"damage":16,"enemies":"Nemesis","floor":40,"turns":5},{"damage":5,"enemies":"Flame Bruiser 2 Orb","floor":42,"turns":4},{"damage":36,"enemies":"Transient","floor":44,"turns":5},{"damage":0,"enemies":"4 Shapes","floor":45,"turns":6},{"damage":9,"enemies":"Spire Growth","floor":48,"turns":6},{"damage":0,"enemies":"Time Eater","floor":50,"turns":11}],"relics_obtained":[{"floor":6,"key":"Emotion Chip"},{"floor":8,"key":"Cables"},{"floor":9,"key":"Toxic Egg 2"},{"floor":11,"key":"Pear"},{"floor":21,"key":"Necronomicon"},{"floor":23,"key":"Thread and Needle"},{"floor":25,"key":"Frozen Egg 2"},{"floor":26,"key":"Dodecahedron"},{"floor":29,"key":"Letter Opener"},{"floor":40,"key":"Symbiotic Virus"},{"floor":43,"key":"Unceasing Top"},{"floor":47,"key":"Kunai"}],"event_choices":[{"event_name":"The Cleric","player_choice":"Card Removal","floor":3,"damage_taken":0},{"event_name":"World of Goop","player_choice":"Gather Gold","floor":5,"damage_taken":0},{"event_name":"Cursed Tome","player_choice":"Obtained Book","floor":21,"damage_taken":0},{"event_name":"Vampires","player_choice":"Ignored","floor":22,"damage_taken":0},{"event_name":"Addict","player_choice":"Obtained Relic","floor":27,"damage_taken":0},{"event_name":"SensoryStone","player_choice":"Memory 3","floor":36,"damage_taken":0},{"event_name":"Tomb of Lord Red Mask","player_choice":"Paid","floor":46,"damage_taken":0}],"boss_relics":[{"not_picked":["Eternal Feather","Snecko Eye"],"picked":"Nuclear Battery"},{"not_picked":["Tiny House","Runic Pyramid"],"picked":"Lizard Tail"}],"items_purged_floors":[13,20,37],"potions_floor_spawned":[1,14,16,25,29,31,33,35,42,44,48],"seed_played":"3491643018162456308","ascension_level":9,"potions_obtained":[{"floor":1,"key":"Swift Potion"},{"floor":14,"key":"GamblersBrew"},{"floor":16,"key":"Block Potion"},{"floor":25,"key":"FocusPotion"},{"floor":29,"key":"Fruit Juice"},{"floor":31,"key":"Explosive Potion"},{"floor":33,"key":"Poison Potion"},{"floor":35,"key":"Strength Potion"},{"floor":42,"key":"FocusPotion"},{"floor":44,"key":"GamblersBrew"},{"floor":48,"key":"Block Potion"}],"is_trial":false}