{"gold_per_floor":[117,117,117,131,131,159,159,177,232,232,250,277,277,335,335],"floor_reached":15,"playtime":362,"items_purged":[],"score":160,"play_id":"c26d64e4-4e0f-4f0a-94c1-162817157472","local_time":"20181202135528","is_ascension_mode":true,"campfire_choices":[{"data":"Recycle","floor":7,"key":"SMITH"},{"data":"Dualcast","floor":10,"key":"SMITH"},{"data":"Zap","floor":13,"key":"SMITH"},{"floor":15,"key":"REST"}],"neow_cost":"NONE","seed_source_timestamp":1374982348493278,"circlet_count":0,"master_deck":["Strike_B","Strike_B","Strike_B","Strike_B","Defend_B","Defend_B","Defend_B","Defend_B","Zap+1","Dualcast+1","Recycle+1","Regret","White Noise+1","Conserve Battery","Auto Shields","Buffer","Static Discharge","Double Energy"],"relics":["Cracked Core","NeowsBlessing","Dream Catcher","Nunchaku","Tiny Chest","Pen Nib","Strawberry"],"potions_floor_usage":[8,12,14],"damage_taken":[{"damage":0,"enemies":"Jaw Worm","floor":1,"turns":1},{"damage":0,"enemies":"Small Slimes","floor":4,"turns":1},{"damage":0,"enemies":"Lagavulin","floor":6,"turns":1},{"damage":2,"enemies":"2 Louse","floor":8,"turns":2},{"damage":5,"enemies":"Blue Slaver","floor":11,"turns":4},{"damage":32,"enemies":"3 Sentries","floor":12,"turns":6},{"damage":38,"enemies":"Lagavulin Event","floor":14,"turns":7}],"seed_played":"-711286287937634194","potions_obtained":[{"floor":1,"key":"Fruit Juice"},{"floor":6,"key":"SteroidPotion"},{"floor":11,"key":"EssenceOfSteel"}],"is_trial":false,"path_per_floor":["M","?","?","M","?","E","R","M","T","R","M","E","R","?","R"],"character_chosen":"DEFECT","items_purchased":[],"campfire_rested":1,"item_purchase_floors":[],"current_hp_per_floor":[75,75,75,75,75,75,75,78,78,78,73,41,41,10,36],"gold":335,"neow_bonus":"THREE_ENEMY_KILL","is_prod":false,"is_daily":false,"chose_seed":false,"campfire_upgraded":3,"win_rate":0,"timestamp":1543755328,"path_taken":["M","?","?","M","?","E","R","M","T","R","M","E","R","?","R"],"build_version":"2018-11-15","purchased_purges":0,"victory":false,"max_hp_per_floor":[75,75,75,75,75,75,75,80,80,80,80,80,80,87,87],"card_choices":[{"not_picked":["Ball Lightning","Rebound"],"picked":"Recycle","floor":1},{"not_picked":["Leap","Streamline"],"picked":"White Noise","floor":4},{"not_picked":["Chill","Stack","Coolheaded"],"picked":"SKIP","floor":6},{"not_picked":["Sweeping Beam","Rip and Tear"],"picked":"Conserve Battery","floor":8},{"not_picked":["Rebound","Barrage"],"picked":"Auto Shields","floor":11},{"not_picked":["Cold Snap","Hologram"],"picked":"Buffer","floor":12},{"not_picked":["Stack","Steam"],"picked":"Static Discharge","floor":14},{"not_picked":["Steam","Skim"],"picked":"Double Energy","floor":15}],"player_experience":391557,"relics_obtained":[{"floor":6,"key":"Nunchaku"},{"floor":9,"key":"Tiny Chest"},{"floor":12,"key":"Pen Nib"},{"floor":14,"key":"Strawberry"}],"event_choices":[{"damage_healed":0,"gold_gain":0,"player_choice":"Box","damage_taken":0,"relics_obtained":["Dream Catcher"],"max_hp_gain":0,"max_hp_loss":0,"event_name":"Big Fish","floor":2,"gold_loss":0,"cards_obtained":["Regret"]},{"damage_healed":0,"gold_gain":0,"player_choice":"Ignored","damage_taken":0,"max_hp_gain":0,"max_hp_loss":0,"event_name":"Shining Light","floor":3,"gold_loss":0},{"damage_healed":0,"gold_gain":0,"player_choice":"Grow","damage_taken":0,"max_hp_gain":0,"max_hp_loss":0,"event_name":"Living Wall","floor":5,"gold_loss":0,"cards_upgraded":["White Noise"]},{"damage_healed":0,"gold_gain":30,"player_choice":"Searched \u00272\u0027 times","damage_taken":0,"max_hp_gain":0,"max_hp_loss":0,"event_name":"Dead Adventurer","floor":14,"gold_loss":0}],"is_beta":false,"boss_relics":[],"items_purged_floors":[],"is_endless":false,"potions_floor_spawned":[1,6,11],"ascension_level":5}