{"path_per_floor":["M","?","M","M","M","E","$","M","T","?","R","$","R","M","R","B",null,"M","?","?","M","T","E","$","R","T","E","M","E","M","?","R","B",null,"M","M","$","M","M","?","E","?","T","M","R","M","$","M","R","B"],"character_chosen":"THE_SILENT","items_purchased":["Caltrops","Dash","Footwork","Oddly Smooth Stone"],"gold_per_floor":[111,111,125,138,149,176,176,186,186,186,186,75,75,88,88,183,183,193,193,108,123,153,179,111,111,111,142,156,183,193,193,193,289,289,303,323,93,106,116,116,145,145,145,155,155,169,69,83,83,83],"floor_reached":51,"campfire_rested":3,"playtime":2809,"item_purchase_floors":[12,12,24,37],"current_hp_per_floor":[68,54,54,54,53,40,40,39,39,39,39,39,39,39,60,53,70,67,67,67,53,53,48,48,48,48,48,44,25,20,20,41,17,70,67,67,67,67,61,61,56,56,56,39,39,37,37,28,49,19],"items_purged":["Strike_G","Pain"],"gold":83,"score":826,"play_id":"41bbc723-2cee-457f-a246-cda6126169c0","local_time":"20180528095313","is_prod":false,"is_daily":false,"chose_seed":false,"is_ascension_mode":true,"campfire_upgraded":2,"win_rate":0,"timestamp":1527526393,"campfire_choices":[{"data":"Malaise","floor":11,"key":"SMITH"},{"data":"Neutralize","floor":13,"key":"SMITH"},{"floor":15,"key":"REST"},{"floor":25,"key":"DIG"},{"floor":32,"key":"REST"},{"floor":45,"key":"DIG"},{"floor":49,"key":"REST"}],"path_taken":["M","?","M","?","M","E","$","M","T","?","R","?","R","?","R","BOSS","M","?","?","M","?","E","?","R","T","E","M","E","?","?","R","BOSS","M","M","$","M","M","?","E","?","T","M","R","M","?","M","R","BOSS"],"build_version":"2018-05-27","seed_source_timestamp":1635114349893,"purchased_purges":2,"victory":true,"master_deck":["Defend_G+1","Defend_G","Defend_G","Defend_G","Defend_G","Strike_G","Strike_G+1","Strike_G","Strike_G+1","Survivor","Neutralize+1","Sucker Punch","Dagger Spray","Malaise+1","Dagger Throw","Die Die Die","Well Laid Plans","Neutralize+1","Caltrops","Dash","Noxious Fumes","Envenom","Deadly Poison","Dodge and Roll","Leg Sweep","Backstab","Terror","Terror","Footwork","Crippling Poison+1","Dash","Bouncing Flask+1","Venomology+1","Adrenaline+1","Writhe","Catalyst+1","Backflip+1","Footwork","Dodge and Roll+1","PiercingWail+1","Skewer+1","Madness+1","Bane+1","Riddle With Holes+1","Catalyst+1"],"max_hp_per_floor":[70,70,70,70,70,70,70,70,70,70,70,70,70,70,70,70,70,70,70,70,70,70,70,70,70,70,70,70,70,70,70,70,70,70,70,70,70,70,70,70,70,70,70,70,70,70,70,70,70,70],"relics":["Velvet Choker","Anchor","Mercury Hourglass","Nloth\u0027s Gift","Matryoshka","Tiny Chest","Prayer Wheel","Shovel","Whetstone","Boot","Ninja Scroll","Toxic Egg 2","Du-Vu Doll","Dream Catcher","Cursed Key","Oddly Smooth Stone","Bottled Lightning","Molten Egg 2","Centennial Puzzle"],"card_choices":[{"not_picked":["Dodge and Roll","Acrobatics"],"picked":"Sucker Punch","floor":1},{"not_picked":["Riddle With Holes","Setup"],"picked":"Dagger Spray","floor":3},{"not_picked":["Sucker Punch","Poisoned Stab"],"picked":"Malaise","floor":4},{"not_picked":["Slice","Outmaneuver"],"picked":"Dagger Throw","floor":5},{"not_picked":["Backflip","Blade Dance","Masterful Stab"],"picked":"SKIP","floor":6},{"not_picked":["Dagger Spray","Outmaneuver"],"picked":"Die Die Die","floor":8},{"not_picked":["Cloak And Dagger","Poisoned Stab"],"picked":"Noxious Fumes","floor":14},{"not_picked":["Storm of Steel","Wraith Form v2"],"picked":"Envenom","floor":16},{"not_picked":["Deflect","Cloak And Dagger"],"picked":"Deadly Poison","floor":17},{"not_picked":["Escape Plan","Masterful Stab"],"picked":"Dodge and Roll","floor":17},{"not_picked":["Concentrate","Backstab"],"picked":"Leg Sweep","floor":17},{"not_picked":["Cloak And Dagger","Reflex"],"picked":"Backstab","floor":17},{"not_picked":["Outmaneuver","Backflip"],"picked":"Terror","floor":17},{"not_picked":["Calculated Gamble","Underhanded Strike+1","Poisoned Stab"],"picked":"SKIP","floor":18},{"not_picked":["Backflip","Acrobatics"],"picked":"Terror","floor":21},{"not_picked":["Doppelganger","Acrobatics+1","Dagger Throw"],"picked":"SKIP","floor":23},{"not_picked":["Acrobatics","Prepared"],"picked":"Crippling Poison","floor":27},{"not_picked":["Poisoned Stab","Acrobatics+1"],"picked":"Dash","floor":28},{"not_picked":["Endless Agony+1","Corpse Explosion"],"picked":"Bouncing Flask+1","floor":28},{"not_picked":["Backstab+1","Quick Slash"],"picked":"Venomology+1","floor":29},{"not_picked":["Dagger Throw+1","Quick Slash+1"],"picked":"Adrenaline+1","floor":30},{"not_picked":["Finisher","Dagger Spray","Acrobatics+1"],"picked":"SKIP","floor":30},{"not_picked":["All Out Attack+1","Quick Slash"],"picked":"Catalyst+1","floor":32},{"not_picked":["Cloak And Dagger+1","Bullet Time+1","Outmaneuver+1"],"picked":"SKIP","floor":35},{"not_picked":["Quick Slash","Blade Dance+1","Cloak And Dagger+1"],"picked":"SKIP","floor":35},{"not_picked":["Quick Slash","Underhanded Strike+1"],"picked":"Backflip+1","floor":36},{"not_picked":["Slice","Quick Slash+1"],"picked":"Footwork","floor":36},{"not_picked":["Dagger Throw+1","Noxious Fumes+1"],"picked":"Dodge and Roll+1","floor":38},{"not_picked":["Accuracy","Deadly Poison+1"],"picked":"PiercingWail+1","floor":38},{"not_picked":["Quick Slash+1","Infinite Blades"],"picked":"Skewer+1","floor":39},{"not_picked":["Unload","Acrobatics+1","Backflip+1"],"picked":"SKIP","floor":39},{"not_picked":["A Thousand Cuts","Dagger Spray+1","Terror+1"],"picked":"SKIP","floor":41},{"not_picked":["Master of Strategy+1","Flash of Steel"],"picked":"Madness+1","floor":42},{"not_picked":["Infinite Blades","Dagger Spray+1"],"picked":"Bane+1","floor":44},{"not_picked":["Doppelganger+1","Outmaneuver+1","Accuracy+1"],"picked":"SKIP","floor":44},{"not_picked":["Flying Knee+1","Distraction+1","Cloak And Dagger+1"],"picked":"SKIP","floor":46},{"not_picked":["Backflip+1","Prepared+1","Terror+1"],"picked":"SKIP","floor":46},{"not_picked":["Slice+1","Expertise+1"],"picked":"Riddle With Holes+1","floor":48},{"not_picked":["Backflip+1","Finisher+1","Terror+1"],"picked":"SKIP","floor":48},{"not_picked":["Infinite Blades+1","Expertise+1"],"picked":"Catalyst+1","floor":49}],"player_experience":125964,"potions_floor_usage":[27,33,33,33,44,44,50,50,50],"damage_taken":[{"damage":2,"enemies":"Small Slimes","floor":1,"turns":4},{"damage":0,"enemies":"Cultist","floor":3,"turns":4},{"damage":0,"enemies":"Jaw Worm","floor":4,"turns":3},{"damage":1,"enemies":"Gremlin Gang","floor":5,"turns":5},{"damage":13,"enemies":"Lagavulin","floor":6,"turns":8},{"damage":1,"enemies":"Exordium Thugs","floor":8,"turns":4},{"damage":0,"enemies":"Exordium Wildlife","floor":14,"turns":2},{"damage":7,"enemies":"Hexaghost","floor":16,"turns":10},{"damage":3,"enemies":"Shell Parasite","floor":18,"turns":5},{"damage":14,"enemies":"Spheric Guardian","floor":21,"turns":4},{"damage":5,"enemies":"Book of Stabbing","floor":23,"turns":6},{"damage":0,"enemies":"Gremlin Leader","floor":27,"turns":6},{"damage":4,"enemies":"3 Cultists","floor":28,"turns":5},{"damage":19,"enemies":"Book of Stabbing","floor":29,"turns":4},{"damage":5,"enemies":"Centurion and Healer","floor":30,"turns":5},{"damage":24,"enemies":"Automaton","floor":33,"turns":7},{"damage":3,"enemies":"3 Darklings","floor":35,"turns":5},{"damage":0,"enemies":"Orb Walker","floor":36,"turns":4},{"damage":0,"enemies":"4 Shapes","floor":38,"turns":4},{"damage":6,"enemies":"Spire Growth","floor":39,"turns":4},{"damage":5,"enemies":"Nemesis","floor":41,"turns":5},{"damage":17,"enemies":"Transient","floor":44,"turns":5},{"damage":2,"enemies":"Flame Bruiser 2 Orb","floor":46,"turns":4},{"damage":9,"enemies":"3 Darklings","floor":48,"turns":4},{"damage":30,"enemies":"Awakened One","floor":50,"turns":13}],"relics_obtained":[{"floor":6,"key":"Anchor"},{"floor":9,"key":"Mercury Hourglass"},{"floor":22,"key":"Tiny Chest"},{"floor":22,"key":"Prayer Wheel"},{"floor":23,"key":"Shovel"},{"floor":25,"key":"Whetstone"},{"floor":26,"key":"Boot"},{"floor":26,"key":"Ninja Scroll"},{"floor":27,"key":"Toxic Egg 2"},{"floor":29,"key":"Du-Vu Doll"},{"floor":41,"key":"Bottled Lightning"},{"floor":43,"key":"Molten Egg 2"},{"floor":45,"key":"Centennial Puzzle"}],"event_choices":[{"event_name":"Shining Light","player_choice":"Entered Light","floor":2,"damage_taken":0},{"event_name":"Match and Keep!","player_choice":"2 cards matched","floor":10,"damage_taken":0},{"event_name":"N\u0027loth","player_choice":"Traded a Orrery","floor":19,"damage_taken":0},{"event_name":"Addict","player_choice":"Obtained Relic","floor":20,"damage_taken":0},{"event_name":"The Mausoleum","player_choice":"Yes","floor":31,"damage_taken":0},{"event_name":"The Lab","player_choice":"Got Potions","floor":40,"damage_taken":0},{"event_name":"SensoryStone","player_choice":"Memory 1","floor":42,"damage_taken":0}],"boss_relics":[{"not_picked":["Runic Dome","Philosopher\u0027s Stone"],"picked":"Orrery"},{"not_picked":["Sozu","Black Star"],"picked":"Cursed Key"}],"items_purged_floors":[37,47],"potions_floor_spawned":[4,8,16,27,28,29,30,36,41,44,46],"seed_played":"-3419537985787020263","ascension_level":1,"potions_obtained":[{"floor":4,"key":"GhostInAJar"},{"floor":8,"key":"SteroidPotion"},{"floor":16,"key":"PowerPotion"},{"floor":27,"key":"LiquidBronze"},{"floor":28,"key":"Dexterity Potion"},{"floor":36,"key":"FearPotion"},{"floor":40,"key":"FairyPotion"},{"floor":40,"key":"EssenceOfSteel"},{"floor":44,"key":"Dexterity Potion"}],"is_trial":false}