{"gold_per_floor":[118,138,36,36,48,81,97,107,133,147,206,206,176],"floor_reached":13,"playtime":721,"items_purged":[],"score":170,"play_id":"1f92db1a-67cf-4b59-a146-1729a1aaa904","local_time":"20190102225059","is_ascension_mode":true,"campfire_choices":[],"neow_cost":"NONE","seed_source_timestamp":815766871845007,"circlet_count":0,"master_deck":["AscendersBane","Strike_B","Strike_B","Strike_B","Defend_B","Defend_B","Defend_B","Defend_B","Zap+1","Dualcast+1","Capacitor","Steam","Doom and Gloom","Loop","Chill","Conserve Battery","Streamline","Reboot","Cold Snap"],"relics":["Cracked Core","War Paint","Tiny Chest","Bottled Tornado"],"potions_floor_usage":[6,11,11],"damage_taken":[{"damage":7,"enemies":"Jaw Worm","floor":1,"turns":4},{"damage":5,"enemies":"Cultist","floor":2,"turns":4},{"damage":2,"enemies":"2 Louse","floor":5,"turns":3},{"damage":12,"enemies":"3 Sentries","floor":6,"turns":9},{"damage":21,"enemies":"Gremlin Gang","floor":7,"turns":5},{"damage":14,"enemies":"Red Slaver","floor":8,"turns":3},{"damage":0,"enemies":"Large Slime","floor":10,"turns":5},{"damage":2,"enemies":"Gremlin Nob","floor":11,"turns":4},{"damage":16,"enemies":"Exordium Thugs","floor":13,"turns":2}],"seed_played":"-6164513559009494884","potions_obtained":[{"floor":2,"key":"SkillPotion"},{"floor":7,"key":"Dexterity Potion"},{"floor":8,"key":"PowerPotion"},{"floor":11,"key":"LiquidBronze"}],"is_trial":false,"path_per_floor":["M","M","$","?","M","E","M","M","T","M","E","T","M"],"character_chosen":"DEFECT","items_purchased":["Doom and Gloom","Loop"],"campfire_rested":0,"item_purchase_floors":[3,3],"current_hp_per_floor":[64,59,59,59,57,45,24,10,10,10,8,8,0],"gold":176,"neow_bonus":"TEN_PERCENT_HP_BONUS","is_prod":false,"is_daily":false,"chose_seed":false,"campfire_upgraded":0,"win_rate":0,"timestamp":1546491059,"path_taken":["M","M","$","?","M","E","?","M","T","M","E","?","M"],"build_version":"2018-12-20","purchased_purges":0,"victory":false,"max_hp_per_floor":[78,78,78,78,78,78,78,78,78,78,78,78,78],"card_choices":[{"not_picked":["Barrage","Streamline"],"picked":"Capacitor","floor":1},{"not_picked":["Go for the Eyes","Beam Cell"],"picked":"Steam","floor":2},{"not_picked":["Heatsinks","Go for the Eyes","Scrape"],"picked":"SKIP","floor":5},{"not_picked":["Skim","Reprogram"],"picked":"Conserve Battery","floor":6},{"not_picked":["Ball Lightning","Double Energy"],"picked":"Streamline","floor":7},{"not_picked":["Chaos","Compile Driver"],"picked":"Reboot","floor":8},{"not_picked":["Doom and Gloom","Go for the Eyes","Beam Cell"],"picked":"SKIP","floor":10},{"not_picked":["Meteor Strike","Scrape"],"picked":"Cold Snap","floor":11}],"player_experience":378562,"relics_obtained":[{"floor":6,"key":"War Paint"},{"floor":11,"key":"Tiny Chest"},{"floor":12,"key":"Bottled Tornado"}],"event_choices":[{"damage_healed":0,"gold_gain":0,"cards_transformed":["Strike_B"],"player_choice":"Transformed","damage_taken":0,"max_hp_gain":0,"max_hp_loss":0,"event_name":"Transmorgrifier","floor":4,"gold_loss":0,"cards_obtained":["Chill"]}],"is_beta":false,"boss_relics":[],"items_purged_floors":[],"is_endless":false,"potions_floor_spawned":[2,7,8,10,11],"killed_by":"Exordium Thugs","ascension_level":15}