{"gold_per_floor":[117,131,36,36,36,67,78,111,111,126,126,126,126,141,141,242,242,253,268,268,268,301,301,320,339,408,424,424,424],"floor_reached":29,"playtime":1291,"items_purged":[],"score":235,"play_id":"e614267d-7683-4e8c-917a-ba00e8a7ace7","local_time":"20180719231118","is_ascension_mode":false,"campfire_choices":[{"data":"Berserk","floor":12,"key":"SMITH"},{"floor":15,"key":"REST"},{"floor":23,"key":"REST"},{"floor":28,"key":"REST"}],"neow_cost":"NONE","seed_source_timestamp":773027368231039,"circlet_count":0,"master_deck":["Strike_R","Strike_R","Strike_R","Strike_R","Strike_R","Defend_R","Bash","Combust","Anger","Perfected Strike+1","Wild Strike","Anger","Armaments","Uppercut","Berserk+1","Dual Wield","Warcry","Barricade","Juggernaut+1","Flex+1","Feed+1","Perfected Strike+1","Headbutt","Clash+1","Thunderclap+1","Flex","Headbutt"],"relics":["Burning Blood","Bag of Preparation","Darkstone Periapt","Potion Belt","Astrolabe","Red Mask","Kunai"],"potions_floor_usage":[16,16,22,22,29],"damage_taken":[{"damage":8,"enemies":"Jaw Worm","floor":1,"turns":3},{"damage":8,"enemies":"Cultist","floor":2,"turns":3},{"damage":11,"enemies":"Gremlin Nob","floor":6,"turns":3},{"damage":11,"enemies":"Small Slimes","floor":7,"turns":2},{"damage":23,"enemies":"3 Sentries","floor":8,"turns":4},{"damage":15,"enemies":"2 Fungi Beasts","floor":10,"turns":3},{"damage":14,"enemies":"Large Slime","floor":14,"turns":4},{"damage":73,"enemies":"The Guardian","floor":16,"turns":8},{"damage":40,"enemies":"Spheric Guardian","floor":18,"turns":4},{"damage":30,"enemies":"2 Thieves","floor":19,"turns":4},{"damage":7,"floor":22,"turns":3},{"damage":32,"enemies":"Centurion and Healer","floor":24,"turns":4},{"damage":15,"enemies":"Snake Plant","floor":25,"turns":3},{"damage":21,"enemies":"Chosen and Byrds","floor":27,"turns":4},{"damage":35,"enemies":"Gremlin Leader","floor":29,"turns":4}],"seed_played":"-5438202754926432274","potions_obtained":[{"floor":1,"key":"FearPotion"},{"floor":6,"key":"Swift Potion"},{"floor":16,"key":"EssenceOfSteel"},{"floor":18,"key":"Poison Potion"},{"floor":27,"key":"SkillPotion"}],"is_trial":false,"path_per_floor":["M","M","$","?","$","E","M","E","T","M","?","R","?","M","R","B",null,"M","M","?","?","?","R","M","M","T","M","R"],"character_chosen":"IRONCLAD","items_purchased":["Wild Strike","Anger"],"campfire_rested":3,"item_purchase_floors":[3,3],"current_hp_per_floor":[78,76,76,76,76,71,66,49,49,40,66,66,59,51,75,8,83,53,29,29,29,28,54,32,23,23,8,35,0],"gold":424,"neow_bonus":"THREE_CARDS","is_prod":false,"is_daily":false,"chose_seed":false,"campfire_upgraded":1,"win_rate":0.0,"timestamp":1532034678,"path_taken":["M","M","$","?","$","E","M","E","T","M","?","R","?","M","R","BOSS","M","?","?","?","?","R","M","M","T","M","R","E"],"build_version":"2018-07-12","purchased_purges":0,"victory":false,"max_hp_per_floor":[80,80,80,80,80,80,80,80,80,80,86,86,83,83,83,83,83,87,87,87,87,87,87,91,91,91,91,91,91],"card_choices":[{"not_picked":["Havoc","Carnage"],"picked":"Combust","floor":0},{"not_picked":["Fire Breathing","Shrug It Off"],"picked":"Anger","floor":1},{"not_picked":["Carnage","Clothesline"],"picked":"Perfected Strike","floor":2},{"not_picked":["Flex","Sword Boomerang"],"picked":"Armaments","floor":6},{"not_picked":["Sword Boomerang","Shrug It Off"],"picked":"Uppercut","floor":7},{"not_picked":["Burning Pact","Warcry"],"picked":"Berserk","floor":8},{"not_picked":["Battle Trance","Body Slam"],"picked":"Dual Wield","floor":10},{"not_picked":["Clothesline","Clash"],"picked":"Warcry","floor":14},{"not_picked":["Impervious","Juggernaut"],"picked":"Barricade","floor":16},{"not_picked":["Pommel Strike","Spot Weakness"],"picked":"Perfected Strike+1","floor":18},{"not_picked":["Uppercut","Thunderclap"],"picked":"Headbutt","floor":19},{"not_picked":["Carnage+1","Corruption+1"],"picked":"Clash+1","floor":22},{"not_picked":["Feel No Pain","Havoc"],"picked":"Thunderclap+1","floor":24},{"not_picked":["Whirlwind","Body Slam"],"picked":"Flex","floor":25},{"not_picked":["Warcry","True Grit"],"picked":"Headbutt","floor":27}],"player_experience":64759,"relics_obtained":[{"floor":6,"key":"Bag of Preparation"},{"floor":8,"key":"Darkstone Periapt"},{"floor":9,"key":"Potion Belt"},{"floor":22,"key":"Red Mask"},{"floor":26,"key":"Kunai"}],"event_choices":[{"event_name":"Upgrade Shrine","player_choice":"Upgraded","floor":4,"damage_taken":0},{"event_name":"Mushrooms","player_choice":"Healed and dodged fight","floor":11,"damage_taken":0},{"event_name":"Golden Wing","player_choice":"Card Removal","floor":13,"damage_taken":0},{"event_name":"Beggar","player_choice":"Ignored","floor":20,"damage_taken":0},{"event_name":"Purifier","player_choice":"Skipped","floor":21,"damage_taken":0},{"event_name":"Masked Bandits","player_choice":"Fought over 268 gold","floor":22,"damage_taken":0}],"boss_relics":[{"not_picked":["Runic Cube","Fusion Hammer"],"picked":"Astrolabe"}],"items_purged_floors":[],"is_endless":false,"potions_floor_spawned":[1,6,16,18,27],"killed_by":"Gremlin Leader","ascension_level":0}