{"gold_per_floor":[119,129,144,156,331,360,389,389,412,412,429,429,458,468,468,545,545,558,573,254,287,305,305,324,324,324,324,340,360,374,299,299,299],"floor_reached":33,"playtime":1428,"items_purged":["Doubt"],"score":431,"play_id":"13ad6433-fb1e-4057-83e5-b428fc00ca10","local_time":"20181030162144","is_ascension_mode":true,"campfire_choices":[{"data":"Juggernaut","floor":8,"key":"SMITH"},{"floor":10,"key":"REST"},{"data":"Rage","floor":12,"key":"SMITH"},{"data":"Clothesline","floor":15,"key":"SMITH"},{"data":"Armaments","floor":23,"key":"SMITH"},{"floor":27,"key":"REST"},{"data":"Juggernaut","floor":32,"key":"SMITH"}],"neow_cost":"TEN_PERCENT_HP_LOSS","seed_source_timestamp":339762018285809,"circlet_count":0,"master_deck":["Strike_R","Strike_R","Strike_R","Strike_R","Defend_R","Defend_R","Defend_R","Defend_R","Bash","AscendersBane","Juggernaut+1","Clothesline+1","Iron Wave","Iron Wave","Metallicize","Rage+1","Shrug It Off","Juggernaut+1","Armaments+1","Flame Barrier","True Grit+1","Evolve+1","Rage","Iron Wave+1"],"relics":["Burning Blood","Vajra","Boot","Bag of Marbles","Calipers","Runic Dome","Ornamental Fan","Red Mask","Gremlin Horn"],"potions_floor_usage":[6,7,7,21,33,33],"damage_taken":[{"damage":18,"enemies":"Jaw Worm","floor":1,"turns":5},{"damage":8,"enemies":"Small Slimes","floor":2,"turns":5},{"damage":3,"enemies":"Cultist","floor":3,"turns":4},{"damage":15,"enemies":"Looter","floor":4,"turns":4},{"damage":23,"enemies":"Gremlin Nob","floor":6,"turns":4},{"damage":29,"enemies":"Lagavulin Event","floor":7,"turns":6},{"damage":4,"enemies":"Large Slime","floor":11,"turns":5},{"damage":7,"enemies":"Lagavulin","floor":13,"turns":6},{"damage":0,"enemies":"Exordium Wildlife","floor":14,"turns":3},{"damage":34,"enemies":"Hexaghost","floor":16,"turns":12},{"damage":12,"enemies":"Chosen","floor":18,"turns":3},{"damage":32,"enemies":"2 Thieves","floor":19,"turns":4},{"damage":4,"enemies":"Masked Bandits","floor":21,"turns":4},{"damage":5,"enemies":"Centurion and Healer","floor":22,"turns":6},{"damage":5,"enemies":"Snecko","floor":24,"turns":4},{"damage":12,"enemies":"Colosseum Slavers","floor":25,"turns":4},{"damage":3,"enemies":"Sentry and Sphere","floor":28,"turns":5},{"damage":17,"enemies":"Snake Plant","floor":29,"turns":4},{"damage":6,"enemies":"Centurion and Healer","floor":30,"turns":8},{"damage":38,"enemies":"Champ","floor":33,"turns":7}],"seed_played":"1418251321382757792","potions_obtained":[{"floor":1,"key":"Explosive Potion"},{"floor":3,"key":"PowerPotion"},{"floor":6,"key":"Poison Potion"},{"floor":16,"key":"AttackPotion"},{"floor":18,"key":"SneckoOil"},{"floor":30,"key":"Dexterity Potion"}],"is_trial":false,"path_per_floor":["M","M","M","M","?","E","?","R","T","R","M","R","E","M","R","B",null,"M","M","$","?","M","R","M","?","T","R","M","M","M","?","R"],"character_chosen":"IRONCLAD","items_purchased":["Ornamental Fan"],"campfire_rested":2,"item_purchase_floors":[20],"current_hp_per_floor":[60,58,61,52,52,35,12,12,12,33,35,35,34,40,40,12,57,51,25,25,27,28,28,29,23,23,44,47,36,36,36,36,0],"gold":299,"neow_bonus":"THREE_RARE_CARDS","is_prod":false,"is_daily":false,"chose_seed":false,"campfire_upgraded":5,"win_rate":0,"timestamp":1540912904,"path_taken":["M","M","M","M","?","E","?","R","T","R","M","R","E","M","R","BOSS","M","M","$","?","M","R","M","?","T","R","M","?","M","?","R","BOSS"],"build_version":"2018-10-29v2","purchased_purges":1,"victory":false,"max_hp_per_floor":[72,72,72,72,72,72,72,72,72,72,72,72,72,72,72,72,72,72,72,72,72,72,72,72,72,72,72,72,72,72,72,72,72],"card_choices":[{"not_picked":["Exhume","Impervious"],"picked":"Juggernaut","floor":0},{"not_picked":["Hemokinesis","Clash"],"picked":"Clothesline","floor":1},{"not_picked":["Bloodletting","Clash","Havoc"],"picked":"SKIP","floor":2},{"not_picked":["Hemokinesis","Pommel Strike"],"picked":"Iron Wave","floor":3},{"not_picked":["Reckless Charge","Wild Strike"],"picked":"Iron Wave","floor":4},{"not_picked":["Juggernaut","Carnage","Thunderclap"],"picked":"SKIP","floor":6},{"not_picked":["Heavy Blade","Anger"],"picked":"Metallicize","floor":7},{"not_picked":["Havoc","Intimidate"],"picked":"Rage","floor":11},{"not_picked":["Dropkick","Anger","Heavy Blade"],"picked":"SKIP","floor":13},{"not_picked":["Wild Strike","Iron Wave"],"picked":"Shrug It Off","floor":14},{"not_picked":["Fiend Fire","Berserk"],"picked":"Juggernaut","floor":16},{"not_picked":["Clash","Sentinel"],"picked":"Armaments","floor":18},{"not_picked":["Body Slam","Clothesline","Havoc"],"picked":"SKIP","floor":19},{"not_picked":["Pommel Strike","Sever Soul"],"picked":"Flame Barrier","floor":21},{"not_picked":["Infernal Blade","Perfected Strike"],"picked":"True Grit+1","floor":22},{"not_picked":["Warcry","Fire Breathing"],"picked":"Evolve+1","floor":24},{"not_picked":["Havoc","Heavy Blade","Thunderclap"],"picked":"SKIP","floor":28},{"not_picked":["Flex+1","Perfected Strike+1"],"picked":"Rage","floor":29},{"not_picked":["Limit Break","Perfected Strike"],"picked":"Iron Wave+1","floor":30}],"player_experience":290940,"relics_obtained":[{"floor":6,"key":"Vajra"},{"floor":7,"key":"Boot"},{"floor":9,"key":"Bag of Marbles"},{"floor":13,"key":"Calipers"},{"floor":21,"key":"Red Mask"},{"floor":26,"key":"Gremlin Horn"}],"event_choices":[{"damage_healed":0,"gold_gain":175,"player_choice":"AGREE","damage_taken":0,"max_hp_gain":0,"max_hp_loss":0,"event_name":"Liars Game","floor":5,"gold_loss":0,"cards_obtained":["Doubt"]},{"damage_healed":0,"gold_gain":30,"player_choice":"Searched \u00272\u0027 times","damage_taken":0,"max_hp_gain":0,"max_hp_loss":0,"event_name":"Dead Adventurer","floor":7,"gold_loss":0},{"damage_healed":0,"gold_gain":0,"player_choice":"Fought Bandits","damage_taken":0,"max_hp_gain":0,"max_hp_loss":0,"event_name":"Masked Bandits","floor":21,"gold_loss":0},{"damage_healed":0,"gold_gain":0,"player_choice":"Fight","damage_taken":0,"max_hp_gain":0,"max_hp_loss":0,"event_name":"Colosseum","floor":25,"gold_loss":0},{"damage_healed":0,"gold_gain":0,"player_choice":"Fled From Nobs","damage_taken":0,"max_hp_gain":0,"max_hp_loss":0,"event_name":"Colosseum","floor":25,"gold_loss":0},{"cards_removed":["Strike_R"],"damage_healed":0,"gold_gain":0,"player_choice":"Gave Gold","damage_taken":0,"max_hp_gain":0,"max_hp_loss":0,"event_name":"Beggar","floor":31,"gold_loss":75}],"is_beta":true,"boss_relics":[{"not_picked":["Runic Pyramid","Eternal Feather"],"picked":"Runic Dome"}],"items_purged_floors":[20],"is_endless":false,"potions_floor_spawned":[1,3,6,16,18,25,30],"killed_by":"Champ","ascension_level":13}