{"gold_per_floor":[112,122,47,47,63,63,81,81,132,97,97,97,22,38,38,117,117,127,77,77,90,103,103,119,119,119,129,29,29,40,54,54,54],"floor_reached":33,"playtime":1477,"items_purged":["Strike_B","Defend_B"],"score":418,"play_id":"f872fd09-feb5-452e-a831-f490d1c0962d","local_time":"20180923001913","is_ascension_mode":true,"campfire_choices":[{"data":"Zap","floor":6,"key":"SMITH"},{"data":"Dualcast","floor":8,"key":"SMITH"},{"data":"Defragment","floor":12,"key":"SMITH"},{"data":"Defragment","floor":15,"key":"SMITH"},{"floor":23,"key":"REST"},{"floor":32,"key":"REST"}],"neow_cost":"","seed_source_timestamp":645588182232402,"circlet_count":0,"master_deck":["Strike_B","Strike_B","Strike_B","Defend_B","Defend_B+1","Defend_B","Zap+1","Dualcast+1","AscendersBane","Ball Lightning+1","Cold Snap","Defragment+1","FTL","Defragment+1","Melter","Loop+1","Coolheaded+1","Auto Shields","Cold Snap"],"relics":["Cracked Core","Art of War","Bag of Preparation","Velvet Choker","Ornamental Fan"],"potions_floor_usage":[7,16,27,33],"damage_taken":[{"damage":0,"enemies":"Cultist","floor":1,"turns":3},{"damage":7,"enemies":"Jaw Worm","floor":2,"turns":3},{"damage":9,"enemies":"2 Louse","floor":5,"turns":3},{"damage":1,"enemies":"2 Fungi Beasts","floor":7,"turns":3},{"damage":4,"enemies":"Looter","floor":14,"turns":2},{"damage":10,"enemies":"The Guardian","floor":16,"turns":9},{"damage":1,"enemies":"Shell Parasite","floor":18,"turns":3},{"damage":0,"enemies":"Chosen","floor":21,"turns":4},{"damage":28,"enemies":"Snake Plant","floor":22,"turns":4},{"damage":28,"enemies":"Centurion and Healer","floor":24,"turns":4},{"damage":5,"enemies":"3 Cultists","floor":27,"turns":5},{"damage":3,"enemies":"Cultist and Chosen","floor":30,"turns":5},{"damage":0,"enemies":"Chosen and Byrds","floor":31,"turns":5},{"damage":56,"enemies":"Automaton","floor":33,"turns":12}],"seed_played":"-5956321732394142534","potions_obtained":[{"floor":5,"key":"EssenceOfSteel"},{"floor":7,"key":"LiquidBronze"},{"floor":21,"key":"Fire Potion"},{"floor":24,"key":"LiquidBronze"}],"is_trial":false,"path_per_floor":["M","M","$","?","M","R","M","R","T","?","?","R","$","M","R","B",null,"M","?","$","M","M","R","M","?","T","M","$","?","M","M","R"],"character_chosen":"DEFECT","items_purchased":["Defragment"],"campfire_rested":2,"item_purchase_floors":[3],"current_hp_per_floor":[64,57,57,62,53,53,52,52,52,71,53,53,53,49,49,39,67,66,66,66,66,38,60,32,32,32,27,27,27,24,24,46,0],"gold":54,"neow_bonus":"","is_prod":false,"is_daily":false,"chose_seed":false,"campfire_upgraded":4,"win_rate":0,"timestamp":1537654753,"path_taken":["M","M","$","?","?","R","M","R","T","?","?","R","$","M","R","BOSS","M","?","$","M","M","R","?","?","T","M","?","?","M","M","R","BOSS"],"build_version":"2018-09-20","purchased_purges":2,"victory":false,"max_hp_per_floor":[71,71,71,76,76,76,76,76,76,76,76,76,76,76,76,76,76,76,76,76,76,76,76,76,76,76,76,76,76,76,76,76,76],"card_choices":[{"not_picked":["Storm","Steam"],"picked":"Ball Lightning","floor":1},{"not_picked":["Skim","Rebound"],"picked":"Cold Snap","floor":2},{"not_picked":["Chaos","Doom and Gloom"],"picked":"FTL","floor":5},{"not_picked":["Rebound","Barrage","Conserve Battery"],"picked":"SKIP","floor":7},{"not_picked":["Lockon","Conserve Battery"],"picked":"Defragment","floor":14},{"not_picked":["Gash","Compile Driver"],"picked":"Melter","floor":18},{"not_picked":["Coolheaded","Steam"],"picked":"Loop+1","floor":21},{"not_picked":["Loop","Reinforced Body"],"picked":"Coolheaded+1","floor":22},{"not_picked":["Hologram","Reprogram"],"picked":"Auto Shields","floor":24},{"not_picked":["Turbo","Gash","Ball Lightning"],"picked":"SKIP","floor":27},{"not_picked":["Barrage","Ball Lightning"],"picked":"Cold Snap","floor":30},{"not_picked":["Turbo+1","Steam","Barrage"],"picked":"SKIP","floor":31}],"player_experience":558413,"relics_obtained":[{"floor":9,"key":"Art of War"},{"floor":26,"key":"Ornamental Fan"}],"event_choices":[{"event_name":"Big Fish","player_choice":"Donut","floor":4,"damage_taken":0},{"event_name":"The Cleric","player_choice":"Healed","floor":10,"damage_taken":0},{"event_name":"Scrap Ooze","player_choice":"success","floor":11,"damage_taken":18},{"event_name":"Designer","player_choice":"Upgrade 2 Random Cards","floor":19,"damage_taken":0},{"event_name":"Ghosts","player_choice":"Ignored","floor":25,"damage_taken":0},{"event_name":"Cursed Tome","player_choice":"Ignored","floor":29,"damage_taken":0}],"is_beta":false,"boss_relics":[{"not_picked":["Black Star","FrozenCore"],"picked":"Velvet Choker"}],"items_purged_floors":[13,28],"is_endless":false,"potions_floor_spawned":[5,7,21,24],"killed_by":"Automaton","ascension_level":15}