{"path_per_floor":["M","M","M","M","?","R","E","M","T","$","M","E","?","M","R"],"character_chosen":"THE_SILENT","items_purchased":["Frozen Egg 2"],"gold_per_floor":[116,134,147,165,340,340,370,390,390,73,84,112,134,154,154],"floor_reached":16,"campfire_rested":0,"playtime":1220,"current_hp_per_floor":[70,70,70,70,70,70,49,48,48,48,47,38,36,28,28],"items_purged":["Doubt"],"gold":154,"play_id":"848b51d8-34c1-4d89-8b44-878ca7ad3336","is_prod":false,"is_daily":false,"is_ascension_mode":false,"campfire_upgraded":2,"path_taken":["M","M","M","M","?","R","E","M","T","$","M","E","?","M","R","BOSS"],"build_version":"2018-02-01-PROD3","purchased_purges":1,"victory":false,"master_deck":["Defend_G","Defend_G","Defend_G","Defend_G","Defend_G","Strike_G","Strike_G","Strike_G","Strike_G","Strike_G","Survivor","Neutralize+1","Backstab+1","Flying Knee","Dodge and Roll","Flying Knee","Calculated Gamble","Tactician","Dagger Spray","Cloak And Dagger","Dagger Spray","Slice","Outmaneuver"],"max_hp_per_floor":[70,70,70,70,70,70,70,70,70,70,70,70,70,70,70],"relics":["Ring of the Snake","Bird Faced Urn","Dodecahedron","Frozen Egg 2","Ancient Tea Set","Odd Mushroom"],"card_choices":[{"not_picked":["Distraction","Bouncing Flask"],"picked":"Backstab"},{"not_picked":["Acrobatics","Sucker Punch"],"picked":"Flying Knee"},{"not_picked":["PiercingWail","Bane"],"picked":"Dodge and Roll"},{"not_picked":["Caltrops","Backflip"],"picked":"Flying Knee"},{"not_picked":["Slice","Poisoned Stab"],"picked":"Calculated Gamble"},{"not_picked":["PiercingWail","Finisher"],"picked":"Tactician"},{"not_picked":["Calculated Gamble","Skewer"],"picked":"Dagger Spray"},{"not_picked":["Bane","Dodge and Roll"],"picked":"Cloak And Dagger"},{"not_picked":["Prepared","Predator"],"picked":"Dagger Spray"},{"not_picked":["Dash","Dagger Spray"],"picked":"Slice"},{"not_picked":["Calculated Gamble","Catalyst"],"picked":"Outmaneuver"}],"player_experience":86879,"potions_floor_usage":[7,12,16,16],"damage_taken":[{"damage":0,"enemies":"Small Slimes","floor":1,"turns":2},{"damage":0,"enemies":"2 Louse","floor":2,"turns":2},{"damage":0,"enemies":"Cultist","floor":3,"turns":4},{"damage":0,"enemies":"Gremlin Gang","floor":4,"turns":4},{"damage":21,"enemies":"Gremlin Nob","floor":7,"turns":6},{"damage":1,"enemies":"Lots of Slimes","floor":8,"turns":5},{"damage":1,"enemies":"Exordium Wildlife","floor":11,"turns":3},{"damage":9,"enemies":"Lagavulin","floor":12,"turns":6},{"damage":2,"enemies":"The Mushroom Lair","floor":13,"turns":3},{"damage":8,"enemies":"Red Slaver","floor":14,"turns":2},{"damage":31,"enemies":"Hexaghost","floor":16,"turns":12}],"event_choices":[{"event_name":"Liars Game","player_choice":"agreed","floor":5,"damage_taken":0},{"event_name":"Mushrooms","player_choice":"Fought Mushrooms","floor":13,"damage_taken":0}],"boss_relics":[],"potions_floor_spawned":[2,8,11,14],"seed_played":"8964405228015915400","killed_by":"Hexaghost","ascension_level":0,"is_trial":false}