{"gold_per_floor":[111,131,81,6,25,25,54,73,73,130,159,170,170,199,199,301,301,316,327,340,206,206,239,239,251,322,337,50,50,79,93,93,191,191,210,220,220,320,170,204,204,238,238,238,263,263,297,316,316,316],"floor_reached":51,"playtime":3676,"items_purged":["Strike_R","Strike_R","Parasite","Strike_R"],"score":998,"play_id":"ebe30f52-a816-4418-b1e2-aeab0c5ffcc4","local_time":"20181121231307","is_ascension_mode":true,"campfire_choices":[{"data":"Uppercut","floor":6.0,"key":"SMITH"},{"floor":15.0,"key":"REST"},{"data":"Flame Barrier","floor":24.0,"key":"SMITH"},{"data":"Apotheosis","floor":29,"key":"SMITH"},{"data":"Spot Weakness","floor":32,"key":"SMITH"},{"data":"1","floor":41,"key":"LIFT"},{"data":"2","floor":44,"key":"LIFT"},{"data":"3","floor":46,"key":"LIFT"},{"data":"Fiend Fire","floor":49,"key":"SMITH"}],"neow_cost":"NONE","seed_source_timestamp":0,"circlet_count":0,"master_deck":["Defend_R","Defend_R","Defend_R","Defend_R","Bash","Uppercut+1","Shockwave","Pommel Strike","Flame Barrier+1","Fiend Fire+1","Shrug It Off","Clothesline","True Grit","Reaper","Battle Trance","Pommel Strike","Uppercut","Uppercut","Seeing Red+1","Apotheosis+1","Spot Weakness+1","Juggernaut","Shrug It Off+1","Spot Weakness+1"],"special_seed":0,"relics":["Burning Blood","Ancient Tea Set","Mercury Hourglass","Gambling Chip","Ornamental Fan","PreservedInsect","Philosopher\u0027s Stone","Omamori","Matryoshka","Incense Burner","Snecko Eye","Girya","Pantograph","Self Forming Clay","Sundial","Orichalcum","Blood Vial","Unceasing Top"],"potions_floor_usage":[33,33,42,50,50,50],"damage_taken":[{"damage":6.0,"enemies":"2 Louse","floor":1.0,"turns":2.0},{"damage":10.0,"enemies":"Small Slimes","floor":2.0,"turns":3.0},{"damage":2.0,"enemies":"Cultist","floor":5.0,"turns":4.0},{"damage":20.0,"enemies":"Lagavulin","floor":7.0,"turns":5.0},{"damage":36.0,"enemies":"Gremlin Gang","floor":8.0,"turns":6.0},{"damage":12.0,"enemies":"Gremlin Nob","floor":10.0,"turns":3.0},{"damage":14.0,"enemies":"3 Sentries","floor":11.0,"turns":5.0},{"damage":13.0,"enemies":"Exordium Thugs","floor":12.0,"turns":4.0},{"damage":22.0,"enemies":"Lagavulin","floor":14.0,"turns":6.0},{"damage":17.0,"enemies":"The Guardian","floor":16.0,"turns":14.0},{"damage":30.0,"enemies":"2 Thieves","floor":18.0,"turns":5.0},{"damage":15.0,"enemies":"Spheric Guardian","floor":19.0,"turns":5.0},{"damage":12.0,"enemies":"Chosen and Byrds","floor":20.0,"turns":6.0},{"damage":39.0,"enemies":"Slavers","floor":23.0,"turns":6.0},{"damage":8.0,"enemies":"Snake Plant","floor":25.0,"turns":3.0},{"damage":5.0,"enemies":"Snecko","floor":27.0,"turns":3.0},{"damage":3,"enemies":"Gremlin Leader","floor":30,"turns":4},{"damage":11,"enemies":"Chosen and Byrds","floor":31,"turns":5},{"damage":32,"enemies":"Automaton","floor":33,"turns":8},{"damage":9,"enemies":"Orb Walker","floor":35,"turns":2},{"damage":3,"enemies":"3 Shapes","floor":36,"turns":3},{"damage":10,"enemies":"Mind Bloom Boss Battle","floor":38,"turns":6},{"damage":14,"enemies":"Reptomancer","floor":40,"turns":5},{"damage":10,"enemies":"Giant Head","floor":42,"turns":5},{"damage":0,"enemies":"Nemesis","floor":45,"turns":3},{"damage":19,"enemies":"Reptomancer","floor":47,"turns":3},{"damage":11,"enemies":"3 Darklings","floor":48,"turns":3},{"damage":38,"enemies":"Time Eater","floor":50,"turns":5}],"seed_played":"2916062346299487869","potions_obtained":[{"floor":0.0,"key":"FearPotion"},{"floor":0.0,"key":"SmokeBomb"},{"floor":0.0,"key":"SteroidPotion"},{"floor":5.0,"key":"Ancient Potion"},{"floor":8.0,"key":"PowerPotion"},{"floor":12.0,"key":"SpeedPotion"},{"floor":14.0,"key":"Swift Potion"},{"floor":20.0,"key":"SpeedPotion"},{"floor":30,"key":"PowerPotion"},{"floor":33,"key":"SpeedPotion"},{"floor":35,"key":"Swift Potion"},{"floor":45,"key":"Dexterity Potion"}],"is_trial":false,"path_per_floor":["M","M","?","$","M","R","E","M","T","?","E","M","?","E","R","B",null,"M","M","M","$","?","E","R","M","T","M","M","$","R","E","M","R","B",null,"M","M","?","?","$","E","R","E","T","R","E","R","E","M","R","B",null],"character_chosen":"IRONCLAD","items_purchased":["Uppercut","Apotheosis"],"campfire_rested":1,"item_purchase_floors":[21,28],"current_hp_per_floor":[80,76,76,76,80,80,66,36,36,30,22,15,35,19,43,32,68,56,53,53,53,53,30,30,28,28,29,29,29,44,46,46,51,71,68,77,77,73,73,77,77,73,73,73,77,77,64,77,77,45],"gold":316,"neow_bonus":"THREE_SMALL_POTIONS","is_prod":false,"is_daily":false,"chose_seed":false,"campfire_upgraded":5,"win_rate":0,"timestamp":1542863587,"path_taken":["M","M","?","$","M","R","E","M","T","?","E","M","?","E","R","BOSS","M","M","M","$","?","E","R","?","T","M","$","R","E","?","R","BOSS","M","M","?","?","?","E","R","E","T","R","E","R","E","?","R","BOSS"],"build_version":"2018-11-15","purchased_purges":4,"victory":true,"max_hp_per_floor":[80,80,80,80,80,80,80,80,80,80,80,80,80,80,80,80,80,80,80,80,80,80,80,80,80,80,80,77,77,77,77,77,77,77,77,77,77,77,77,77,77,77,77,77,77,77,77,77,77,77],"card_choices":[{"not_picked":["Havoc","Wild Strike"],"picked":"Uppercut","floor":1.0},{"not_picked":["Flex","Second Wind"],"picked":"Shockwave","floor":2.0},{"not_picked":["Armaments","Sword Boomerang"],"picked":"Pommel Strike","floor":5.0},{"not_picked":["Pummel","Clothesline"],"picked":"Flame Barrier","floor":7.0},{"not_picked":["Anger","Sentinel"],"picked":"Fiend Fire","floor":8.0},{"not_picked":["Body Slam","Anger"],"picked":"Shrug It Off","floor":10.0},{"not_picked":["Second Wind","Heavy Blade","Anger"],"picked":"SKIP","floor":11.0},{"not_picked":["Wild Strike","Carnage"],"picked":"Clothesline","floor":12.0},{"not_picked":["Flex","Body Slam"],"picked":"True Grit","floor":14.0},{"not_picked":["Double Tap","Limit Break"],"picked":"Reaper","floor":16.0},{"not_picked":["True Grit+1","Sword Boomerang"],"picked":"Battle Trance","floor":18.0},{"not_picked":["Iron Wave+1","Clash","Perfected Strike"],"picked":"SKIP","floor":19.0},{"not_picked":["Rupture+1","Perfected Strike"],"picked":"Pommel Strike","floor":20.0},{"not_picked":["Heavy Blade","Thunderclap","Headbutt+1"],"picked":"SKIP","floor":23.0},{"not_picked":["Iron Wave+1","Sword Boomerang","Blood for Blood"],"picked":"SKIP","floor":25.0},{"not_picked":["Twin Strike","Reckless Charge+1"],"picked":"Seeing Red+1","floor":27},{"not_picked":["Corruption","Body Slam+1","Warcry+1"],"picked":"SKIP","floor":30},{"not_picked":["Infernal Blade","Blood for Blood"],"picked":"Spot Weakness","floor":31},{"not_picked":["Brutality","Fiend Fire"],"picked":"Juggernaut","floor":33},{"not_picked":["Twin Strike+1","Havoc","Flex+1"],"picked":"SKIP","floor":35},{"not_picked":["Anger+1","Cleave+1","Twin Strike+1"],"picked":"SKIP","floor":36},{"not_picked":["Seeing Red","Feel No Pain","Fiend Fire"],"picked":"SKIP","floor":40},{"not_picked":["Havoc","Headbutt+1"],"picked":"Shrug It Off+1","floor":42},{"not_picked":["Uppercut+1","Rampage","Havoc"],"picked":"SKIP","floor":45},{"not_picked":["Bloodletting+1","Reaper"],"picked":"Spot Weakness+1","floor":47},{"not_picked":["Combust+1","Headbutt+1","Hemokinesis"],"picked":"SKIP","floor":48}],"player_experience":205249,"relics_obtained":[{"floor":7.0,"key":"Ancient Tea Set"},{"floor":9.0,"key":"Mercury Hourglass"},{"floor":11.0,"key":"Ornamental Fan"},{"floor":14.0,"key":"PreservedInsect"},{"floor":23.0,"key":"Omamori"},{"floor":26.0,"key":"Matryoshka"},{"floor":30,"key":"Incense Burner"},{"floor":38,"key":"Girya"},{"floor":40,"key":"Pantograph"},{"floor":42,"key":"Self Forming Clay"},{"floor":43,"key":"Sundial"},{"floor":43,"key":"Orichalcum"},{"floor":45,"key":"Blood Vial"},{"floor":47,"key":"Unceasing Top"}],"event_choices":[{"cards_removed":["Strike_R"],"damage_healed":0.0,"max_hp_gain":0.0,"max_hp_loss":0.0,"gold_gain":0.0,"event_name":"The Cleric","player_choice":"Card Removal","floor":3.0,"gold_loss":50.0,"damage_taken":0.0},{"damage_healed":0.0,"max_hp_gain":0.0,"max_hp_loss":0.0,"gold_gain":0.0,"event_name":"Dead Adventurer","player_choice":"Searched \u00272\u0027 times","floor":10.0,"gold_loss":0.0,"damage_taken":0.0,"relics_obtained":["Gambling Chip"]},{"damage_healed":20.0,"max_hp_gain":0.0,"max_hp_loss":0.0,"gold_gain":0.0,"event_name":"Mushrooms","player_choice":"Healed and dodged fight","floor":13.0,"gold_loss":0.0,"damage_taken":0.0,"cards_obtained":["Parasite"]},{"damage_healed":0.0,"max_hp_gain":0.0,"max_hp_loss":0.0,"gold_gain":0.0,"cards_transformed":["Strike_R"],"event_name":"Transmorgrifier","player_choice":"Transformed","floor":22.0,"gold_loss":0.0,"damage_taken":0.0,"cards_obtained":["Uppercut"]},{"damage_healed":0,"gold_gain":0,"player_choice":"Ignored","damage_taken":0,"max_hp_gain":0,"max_hp_loss":0,"event_name":"Tomb of Lord Red Mask","floor":37,"gold_loss":0},{"damage_healed":0,"gold_gain":0,"player_choice":"Fight","damage_taken":0,"max_hp_gain":0,"max_hp_loss":0,"event_name":"MindBloom","floor":38,"gold_loss":0}],"is_beta":false,"boss_relics":[{"not_picked":["Busted Crown","Lizard Tail"],"picked":"Philosopher\u0027s Stone"},{"not_picked":["Tiny House","Sozu"],"picked":"Snecko Eye"}],"items_purged_floors":[4,21,28,39],"is_endless":false,"potions_floor_spawned":[1,5,8,12,14,20,30,31,33,35,45],"ascension_level":5}