{"gold_per_floor":[112,112,132,16,30,30,30,30,30,41,54,54,70,82,82,157,157,167,138,70,70,86,86,86],"floor_reached":24,"playtime":1595,"items_purged":[],"score":333,"play_id":"754da53a-79d0-4020-a8b3-3f107f129a42","local_time":"20180923152333","is_ascension_mode":true,"campfire_choices":[{"floor":6,"key":"REST"},{"floor":8,"key":"REST"},{"data":"Zap","floor":12,"key":"SMITH"},{"data":"Self Repair","floor":15,"key":"SMITH"},{"floor":23,"key":"REST"}],"neow_cost":"PERCENT_DAMAGE","seed_source_timestamp":699729650104519,"circlet_count":0,"master_deck":["Strike_B","Strike_B","Strike_B","Defend_B","Defend_B","Defend_B+1","Zap+1","Dualcast","AscendersBane","Beam Cell","Stack","Cold Snap+1","Cold Snap","Self Repair+1","Reinforced Body","FTL","Reinforced Body","FTL","Capacitor","Capacitor"],"relics":["Cracked Core","Letter Opener","Cursed Key"],"potions_floor_usage":[3,10,13,14,18],"damage_taken":[{"damage":0,"enemies":"Small Slimes","floor":1,"turns":2},{"damage":0,"enemies":"2 Louse","floor":3,"turns":2},{"damage":7,"enemies":"Jaw Worm","floor":5,"turns":4},{"damage":2,"enemies":"Exordium Wildlife","floor":10,"turns":3},{"damage":4,"enemies":"3 Louse","floor":11,"turns":3},{"damage":0,"enemies":"Looter","floor":13,"turns":3},{"damage":6,"enemies":"2 Fungi Beasts","floor":14,"turns":3},{"damage":26,"enemies":"The Guardian","floor":16,"turns":12},{"damage":4,"enemies":"3 Byrds","floor":18,"turns":6},{"damage":20,"enemies":"2 Thieves","floor":19,"turns":5},{"damage":39,"enemies":"Snecko","floor":22,"turns":10},{"damage":61,"enemies":"Gremlin Leader","floor":24,"turns":6}],"seed_played":"7378284164271246668","potions_obtained":[{"floor":1,"key":"Block Potion"},{"floor":5,"key":"SpeedPotion"},{"floor":10,"key":"Swift Potion"},{"floor":11,"key":"Energy Potion"},{"floor":16,"key":"EssenceOfSteel"}],"is_trial":false,"path_per_floor":["M","?","M","$","M","R","?","R","T","M","M","R","M","M","R","B",null,"M","M","$","?","M","R"],"character_chosen":"DEFECT","items_purchased":["Self Repair","Reinforced Body","Capacitor"],"campfire_rested":3,"item_purchase_floors":[4,4,20],"current_hp_per_floor":[46,25,25,25,25,46,46,67,67,71,67,67,67,68,68,52,66,71,61,61,61,32,53,0],"gold":86,"neow_bonus":"TRANSFORM_TWO_CARDS","is_prod":false,"is_daily":false,"chose_seed":false,"campfire_upgraded":2,"win_rate":0,"timestamp":1537709013,"path_taken":["M","?","M","$","M","R","?","R","T","M","M","R","?","M","R","BOSS","M","M","$","?","M","R","E"],"build_version":"2018-09-20","purchased_purges":0,"victory":false,"max_hp_per_floor":[71,71,71,71,71,71,71,71,71,71,71,71,71,71,71,71,71,71,71,71,71,71,71,71],"card_choices":[{"not_picked":["Loop","Sweeping Beam"],"picked":"Cold Snap","floor":1},{"not_picked":["Sunder","Scrape"],"picked":"Cold Snap","floor":3},{"not_picked":["Darkness","Compile Driver"],"picked":"FTL","floor":5},{"not_picked":["Compile Driver","Heatsinks","Conserve Battery"],"picked":"SKIP","floor":10},{"not_picked":["Recycle","Scrape"],"picked":"Reinforced Body","floor":11},{"not_picked":["Beam Cell","Sunder"],"picked":"FTL","floor":13},{"not_picked":["Redo","Recycle","Conserve Battery"],"picked":"SKIP","floor":14},{"not_picked":["Turbo","Barrage"],"picked":"Capacitor","floor":18},{"not_picked":["Aggregate","Streamline","Chill"],"picked":"SKIP","floor":19},{"not_picked":["Conserve Battery","Rebound+1","Go for the Eyes"],"picked":"SKIP","floor":22}],"player_experience":572776,"relics_obtained":[{"floor":9,"key":"Letter Opener"}],"event_choices":[{"event_name":"Shining Light","player_choice":"Entered Light","floor":2,"damage_taken":0},{"event_name":"The Cleric","player_choice":"Leave","floor":7,"damage_taken":0}],"is_beta":false,"boss_relics":[{"not_picked":["Empty Cage","Pandora\u0027s Box"],"picked":"Cursed Key"}],"items_purged_floors":[],"is_endless":false,"potions_floor_spawned":[1,5,10,11,16],"killed_by":"Gremlin Leader","ascension_level":15}