{"gold_per_floor":[362,377,5,5,20,20,48,48,96,21,21,21,38,58,58,153,153,172,172,9,25,45,45,71,71,97,112,131,131,131,91,91,195,195,210,227,36,49,0,0,0,100,100,120,135,135,135,149,149,149],"floor_reached":51,"playtime":2326,"items_purged":["Pain"],"score":742,"play_id":"9b30be5c-cf23-4ee1-ad41-7042b946ab51","local_time":"20190211204839","is_ascension_mode":false,"campfire_choices":[{"data":"Defragment","floor":6,"key":"SMITH"},{"data":"Hello World","floor":8,"key":"SMITH"},{"data":"Consume","floor":11,"key":"SMITH"},{"data":"Reinforced Body","floor":15,"key":"SMITH"},{"data":"Fission","floor":23,"key":"SMITH"},{"data":"Self Repair","floor":25,"key":"SMITH"},{"floor":29,"key":"REST"},{"data":"Defragment","floor":32,"key":"SMITH"},{"data":"Fission","floor":40,"key":"SMITH"},{"data":"Zap","floor":46,"key":"SMITH"},{"data":"Dualcast","floor":49,"key":"SMITH"}],"neow_cost":"CURSE","seed_source_timestamp":191326692449758,"circlet_count":0,"master_deck":["Strike_B","Strike_B","Strike_B","Strike_B+1","Defend_B","Defend_B+1","Defend_B","Defend_B","Zap+1","Dualcast+1","Hello World+1","BootSequence","Defragment+1","Consume+1","Self Repair+1","Reinforced Body+1","Fission+1","RitualDagger","Defragment+1","Chill","Fission+1","White Noise+1"],"relics":["FrozenCore","Orichalcum","Juzu Bracelet","WarpedTongs","Bronze Scales","Strawberry","Inserter","Singing Bowl","Strange Spoon","Red Mask","Pocketwatch","Blue Candle"],"potions_floor_usage":[7,7,24,24,27,28,35,50,50,50],"damage_taken":[{"damage":3,"enemies":"2 Louse","floor":1,"turns":3},{"damage":18,"enemies":"Cultist","floor":2,"turns":5},{"damage":4,"enemies":"Jaw Worm","floor":5,"turns":3},{"damage":17,"enemies":"Lagavulin","floor":7,"turns":8},{"damage":8,"enemies":"2 Fungi Beasts","floor":13,"turns":3},{"damage":8,"enemies":"Blue Slaver","floor":14,"turns":4},{"damage":0,"enemies":"Hexaghost","floor":16,"turns":9},{"damage":18,"enemies":"Spheric Guardian","floor":18,"turns":4},{"damage":0,"enemies":"Chosen","floor":21,"turns":4},{"damage":11,"enemies":"Centurion and Healer","floor":22,"turns":8},{"damage":26,"enemies":"Slavers","floor":24,"turns":8},{"damage":20,"enemies":"Snake Plant","floor":27,"turns":5},{"damage":13,"enemies":"Shelled Parasite and Fungi","floor":28,"turns":9},{"damage":27,"enemies":"Automaton","floor":33,"turns":10},{"damage":15,"enemies":"3 Shapes","floor":35,"turns":3},{"damage":3,"enemies":"3 Darklings","floor":36,"turns":8},{"damage":21,"enemies":"Transient","floor":38,"turns":5},{"damage":11,"enemies":"Mind Bloom Boss Battle","floor":42,"turns":11},{"damage":0,"enemies":"Writhing Mass","floor":44,"turns":7},{"damage":0,"enemies":"Sphere and 2 Shapes","floor":45,"turns":12},{"damage":17,"enemies":"3 Darklings","floor":48,"turns":6},{"damage":1,"enemies":"Time Eater","floor":50,"turns":14}],"seed_played":"-8012759667787491614","potions_obtained":[{"floor":1,"key":"Energy Potion"},{"floor":5,"key":"Dexterity Potion"},{"floor":14,"key":"Ancient Potion"},{"floor":16,"key":"Ancient Potion"},{"floor":24,"key":"Block Potion"},{"floor":27,"key":"PowerPotion"},{"floor":33,"key":"Explosive Potion"},{"floor":35,"key":"Fire Potion"},{"floor":44,"key":"PowerPotion"},{"floor":45,"key":"Poison Potion"}],"is_trial":false,"path_per_floor":["M","M","$","?","M","R","E","R","T","$","R","?","M","M","R","B",null,"M","?","$","M","M","R","E","R","T","M","M","R","?","?","R","B",null,"M","M","$","M","?","R","$","?","T","M","M","R","?","M","R","B",null],"character_chosen":"DEFECT","items_purchased":["Orichalcum","Juzu Bracelet","Self Repair","Defragment","Chill","Strange Spoon"],"campfire_rested":1,"item_purchase_floors":[3,3,10,20,20,37],"current_hp_per_floor":[72,54,54,54,50,50,33,33,40,40,40,40,39,38,38,38,82,71,65,65,72,68,68,51,51,51,43,42,68,68,68,68,41,88,85,92,92,83,83,83,83,84,84,96,98,98,98,93,93,100],"gold":149,"neow_bonus":"TWO_FIFTY_GOLD","is_prod":false,"is_daily":false,"chose_seed":false,"campfire_upgraded":10,"win_rate":0,"timestamp":1549936119,"path_taken":["M","M","$","?","M","R","E","R","T","$","R","?","M","M","R","BOSS","M","?","$","M","M","R","E","R","T","M","M","R","?","?","R","BOSS","M","M","$","M","?","R","$","?","T","M","M","R","?","M","R","BOSS"],"build_version":"2019-01-23","purchased_purges":1,"victory":true,"max_hp_per_floor":[75,75,75,75,75,75,75,75,82,82,82,82,82,82,82,82,82,82,82,82,82,82,82,84,84,84,86,88,88,88,88,88,88,88,90,92,92,94,94,94,94,96,96,98,98,98,98,100,100,100],"card_choices":[{"not_picked":["Tempest","Leap"],"picked":"Hello World","floor":1},{"not_picked":["Rebound","Chaos"],"picked":"BootSequence","floor":2},{"not_picked":["Sweeping Beam","Coolheaded"],"picked":"Defragment","floor":5},{"not_picked":["Melter","Biased Cognition"],"picked":"Consume","floor":7},{"not_picked":["Redo","Doom and Gloom","Melter"],"picked":"SKIP","floor":13},{"not_picked":["Turbo","Conserve Battery"],"picked":"Reinforced Body","floor":14},{"not_picked":["Machine Learning","Buffer"],"picked":"Fission","floor":16},{"not_picked":["Melter+1","Cold Snap","Barrage"],"picked":"SKIP","floor":18},{"not_picked":["Turbo","Steam","Stack+1"],"picked":"SKIP","floor":21},{"not_picked":["Chaos","Streamline","Steam"],"picked":"SKIP","floor":22},{"not_picked":["Creative AI","Rebound","Melter"],"picked":"Singing Bowl","floor":24},{"not_picked":["Rip and Tear+1","Lockon","Barrage"],"picked":"Singing Bowl","floor":27},{"not_picked":["Steam","Beam Cell","FTL"],"picked":"Singing Bowl","floor":28},{"not_picked":["Machine Learning","Meteor Strike"],"picked":"Fission","floor":33},{"not_picked":["Coolheaded","Barrage+1","Ball Lightning+1"],"picked":"Singing Bowl","floor":35},{"not_picked":["Hologram+1","Rebound","Sweeping Beam"],"picked":"Singing Bowl","floor":36},{"not_picked":["Chaos","Barrage+1","Redo"],"picked":"Singing Bowl","floor":38},{"not_picked":["Cold Snap","Steam+1","Doom and Gloom+1"],"picked":"Singing Bowl","floor":42},{"not_picked":["Compile Driver","Leap","Force Field"],"picked":"Singing Bowl","floor":44},{"not_picked":["Beam Cell","FTL"],"picked":"White Noise+1","floor":45},{"not_picked":["Skim","Melter","Stack+1"],"picked":"Singing Bowl","floor":48}],"player_experience":659569,"relics_obtained":[{"floor":7,"key":"Bronze Scales"},{"floor":9,"key":"Strawberry"},{"floor":24,"key":"Singing Bowl"},{"floor":42,"key":"Pocketwatch"},{"floor":43,"key":"Blue Candle"}],"event_choices":[{"damage_healed":0,"gold_gain":0,"player_choice":"Rummage","damage_taken":0,"relics_obtained":["WarpedTongs"],"max_hp_gain":0,"max_hp_loss":0,"event_name":"Accursed Blacksmith","floor":4,"gold_loss":0,"cards_obtained":["Pain"]},{"cards_removed":["Pain"],"damage_healed":0,"gold_gain":0,"player_choice":"Purged","damage_taken":0,"max_hp_gain":0,"max_hp_loss":0,"event_name":"Purifier","floor":12,"gold_loss":0},{"damage_healed":0,"gold_gain":0,"player_choice":"Joined the Cult","damage_taken":6,"max_hp_gain":0,"max_hp_loss":0,"event_name":"Nest","floor":19,"gold_loss":0,"cards_obtained":["RitualDagger"]},{"damage_healed":0,"gold_gain":0,"player_choice":"Ignored","damage_taken":0,"max_hp_gain":0,"max_hp_loss":0,"event_name":"NoteForYourself","floor":30,"gold_loss":0},{"damage_healed":0,"gold_gain":0,"player_choice":"Upgraded Two","damage_taken":0,"max_hp_gain":0,"max_hp_loss":0,"event_name":"Designer","floor":31,"gold_loss":40,"cards_upgraded":["Strike_B","Defend_B"]},{"damage_healed":0,"gold_gain":0,"player_choice":"Paid","damage_taken":0,"relics_obtained":["Red Mask"],"max_hp_gain":0,"max_hp_loss":0,"event_name":"Tomb of Lord Red Mask","floor":39,"gold_loss":49},{"damage_healed":0,"gold_gain":0,"player_choice":"Fight","damage_taken":0,"max_hp_gain":0,"max_hp_loss":0,"event_name":"MindBloom","floor":42,"gold_loss":0},{"damage_healed":0,"gold_gain":0,"player_choice":"Ignored","damage_taken":0,"max_hp_gain":0,"max_hp_loss":0,"event_name":"Mysterious Sphere","floor":47,"gold_loss":0}],"is_beta":false,"boss_relics":[{"not_picked":["Snecko Eye","Velvet Choker"],"picked":"Inserter"},{"not_picked":["Astrolabe","Pandora\u0027s Box"],"picked":"FrozenCore"}],"items_purged_floors":[3],"is_endless":false,"potions_floor_spawned":[1,5,14,16,24,27,33,35,44,45],"ascension_level":0}