{"gold_per_floor":[109,128,2,2,49,83,103,103,103,131,131,166,180,196,196,292,292,307,7,23,23,36,63,83,103,103,119,136,155,155,182,182,278,278,289,299,309,2,2,12,45,63,90,101,114,14,14,14,14,14],"floor_reached":50,"playtime":2250,"items_purged":["Strike_R","Defend_R"],"score":700,"play_id":"90c281c7-0c92-489f-a156-efc42e769f9b","local_time":"20180927174948","is_ascension_mode":true,"campfire_choices":[{"data":"Bash","floor":8.0,"key":"SMITH"},{"data":"Havoc","floor":11.0,"key":"SMITH"},{"data":"Carnage","floor":15.0,"key":"SMITH"},{"floor":32.0,"key":"REST"},{"floor":49,"key":"REST"}],"neow_cost":"NONE","seed_source_timestamp":0,"circlet_count":0,"master_deck":["Defend_R+1","Defend_R","Defend_R","Bash+1","Shrug It Off+1","Havoc+1","Cleave","Carnage+1","Clothesline","Thunderclap","Double Tap","Inflame","Armaments+1","Clash+1","Hemokinesis","Offering","Thunderclap+1","Bite","Bite","Bite","Bite","Bite","Impervious","Shrug It Off+1","Disarm","Havoc+1","Warcry+1","Offering","Demon Form"],"special_seed":0,"relics":["Burning Blood","Pen Nib","Regal Pillow","War Paint","Paper Frog","Mercury Hourglass","Champion Belt","Fusion Hammer","Dream Catcher","Bronze Scales","Blue Candle","Letter Opener","Centennial Puzzle","Sozu","Mango","Du-Vu Doll","Gremlin Horn","Potion Belt"],"potions_floor_usage":[50,50],"damage_taken":[{"damage":8.0,"enemies":"2 Louse","floor":1.0,"turns":3.0},{"damage":0.0,"enemies":"Jaw Worm","floor":2.0,"turns":4.0},{"damage":32.0,"enemies":"Gremlin Nob","floor":6.0,"turns":4.0},{"damage":0.0,"enemies":"Cultist","floor":7.0,"turns":3.0},{"damage":5.0,"enemies":"Lagavulin","floor":10.0,"turns":5.0},{"damage":19.0,"enemies":"3 Sentries","floor":12.0,"turns":5.0},{"damage":0.0,"enemies":"Looter","floor":13.0,"turns":3.0},{"damage":3.0,"enemies":"Gremlin Gang","floor":14.0,"turns":2.0},{"damage":6.0,"enemies":"Slime Boss","floor":16.0,"turns":7.0},{"damage":11.0,"enemies":"2 Thieves","floor":18.0,"turns":3.0},{"damage":0.0,"enemies":"Chosen","floor":20.0,"turns":3.0},{"damage":4.0,"enemies":"3 Cultists","floor":22.0,"turns":4.0},{"damage":10.0,"enemies":"Book of Stabbing","floor":23.0,"turns":3.0},{"damage":6.0,"enemies":"Sentry and Sphere","floor":24.0,"turns":3.0},{"damage":9.0,"enemies":"Snecko","floor":25.0,"turns":4.0},{"damage":3.0,"enemies":"Snake Plant","floor":27.0,"turns":2.0},{"damage":5.0,"enemies":"Sentry and Sphere","floor":28.0,"turns":2.0},{"damage":10.0,"enemies":"Centurion and Healer","floor":29.0,"turns":4.0},{"damage":28.0,"enemies":"Gremlin Leader","floor":31.0,"turns":4.0},{"damage":34.0,"enemies":"Automaton","floor":33.0,"turns":6.0},{"damage":2.0,"enemies":"Orb Walker","floor":35.0,"turns":3.0},{"damage":3.0,"enemies":"3 Darklings","floor":36.0,"turns":4.0},{"damage":8.0,"enemies":"Maw","floor":37.0,"turns":6.0},{"damage":13.0,"enemies":"Mind Bloom Boss Battle","floor":39.0,"turns":5.0},{"damage":12.0,"enemies":"Sphere and 2 Shapes","floor":40.0,"turns":4.0},{"damage":37.0,"enemies":"Giant Head","floor":41.0,"turns":7.0},{"damage":6,"enemies":"Reptomancer","floor":42,"turns":2},{"damage":6,"enemies":"Spire Growth","floor":44,"turns":3},{"damage":17,"enemies":"Maw","floor":45,"turns":6},{"damage":87,"enemies":"Time Eater","floor":50,"turns":8}],"seed_played":"308217851870300539","potions_obtained":[{"floor":1.0,"key":"Poison Potion"},{"floor":2.0,"key":"GamblersBrew"},{"floor":6.0,"key":"Block Potion"},{"floor":18.0,"key":"FearPotion"},{"floor":33.0,"key":"Ancient Potion"}],"is_trial":false,"path_per_floor":["M","M","$","?","T","E","M","R","T","E","R","E","M","M","R","B",null,"M","$","M","?","M","E","M","M","T","M","M","M","?","E","R","B",null,"M","M","M","$","?","M","E","M","T","M","M","$","?","$","R"],"character_chosen":"IRONCLAD","items_purchased":["Cleave","Dream Catcher","Bronze Scales","Mango"],"campfire_rested":2,"item_purchase_floors":[3,19,19,38],"current_hp_per_floor":[78,80,80,80,80,54,60,60,60,61,61,48,54,57,57,57,74,69,69,75,80,80,76,76,73,73,76,77,73,56,42,56,47,54,56,56,56,70,65,66,59,65,65,67,70,70,70,70,70,0],"gold":14,"neow_bonus":"RANDOM_COMMON_RELIC","is_prod":false,"is_daily":false,"chose_seed":false,"campfire_upgraded":3,"win_rate":0,"timestamp":1538063388,"path_taken":["M","M","$","?","?","E","M","R","T","E","R","E","M","?","R","BOSS","M","$","M","?","M","E","M","?","T","M","M","M","?","E","R","BOSS","M","M","?","$","?","M","E","M","T","?","M","$","?","?","R","BOSS"],"build_version":"2018-09-26v2","purchased_purges":2,"victory":false,"max_hp_per_floor":[80,80,80,80,80,80,80,80,80,80,80,80,80,80,80,80,80,80,80,80,80,80,80,80,80,80,80,80,80,56,56,56,56,56,56,56,56,70,70,70,70,70,70,70,70,70,70,70,70,70],"card_choices":[{"not_picked":["Rage","True Grit"],"picked":"Shrug It Off","floor":1.0},{"not_picked":["Second Wind","Warcry"],"picked":"Havoc","floor":2.0},{"not_picked":["Blood for Blood","Dropkick"],"picked":"Carnage","floor":6.0},{"not_picked":["Perfected Strike","Pommel Strike"],"picked":"Clothesline","floor":7.0},{"not_picked":["Headbutt","Battle Trance"],"picked":"Corruption","floor":10.0},{"not_picked":["Headbutt","Reaper"],"picked":"Thunderclap","floor":12.0},{"not_picked":["Havoc","Body Slam","Twin Strike"],"picked":"SKIP","floor":13.0},{"not_picked":["Headbutt","Clash","Anger"],"picked":"SKIP","floor":14.0},{"not_picked":["Reaper","Impervious"],"picked":"Double Tap","floor":16.0},{"not_picked":["Pummel","Pommel Strike"],"picked":"Inflame","floor":18.0},{"not_picked":["Shrug It Off","Blood for Blood"],"picked":"Armaments+1","floor":20.0},{"not_picked":["Headbutt","Barricade"],"picked":"Clash+1","floor":22.0},{"not_picked":["Heavy Blade","Wild Strike","Anger+1"],"picked":"SKIP","floor":23.0},{"not_picked":["Evolve","Body Slam"],"picked":"Hemokinesis","floor":24.0},{"not_picked":["Rupture+1","Corruption","Bloodletting"],"picked":"SKIP","floor":25.0},{"not_picked":["Armaments","Clothesline+1","Cleave+1"],"picked":"SKIP","floor":27.0},{"not_picked":["Battle Trance+1","Clash"],"picked":"Offering","floor":28.0},{"not_picked":["Headbutt","Second Wind"],"picked":"Thunderclap+1","floor":29.0},{"not_picked":["Bloodletting","Reckless Charge","Power Through"],"picked":"SKIP","floor":31.0},{"not_picked":["Juggernaut","Dark Embrace"],"picked":"Impervious","floor":33.0},{"not_picked":["Sword Boomerang+1","True Grit","Bloodletting+1"],"picked":"SKIP","floor":35.0},{"not_picked":["True Grit","Infernal Blade+1"],"picked":"Shrug It Off+1","floor":36.0},{"not_picked":["Fire Breathing","Burning Pact"],"picked":"Disarm","floor":37.0},{"not_picked":["Iron Wave+1","Sword Boomerang+1"],"picked":"Havoc+1","floor":39.0},{"not_picked":["Anger+1","Second Wind","Headbutt"],"picked":"SKIP","floor":40.0},{"not_picked":["Anger+1","Hemokinesis+1","Corruption"],"picked":"SKIP","floor":41},{"not_picked":["Barricade","Pommel Strike","True Grit"],"picked":"SKIP","floor":42},{"not_picked":["Thunderclap","True Grit","Wild Strike+1"],"picked":"SKIP","floor":44},{"not_picked":["Reckless Charge+1","Feel No Pain"],"picked":"Warcry+1","floor":45},{"not_picked":["Thunderclap+1","Body Slam+1"],"picked":"Demon Form","floor":49}],"player_experience":159792,"relics_obtained":[{"floor":5.0,"key":"Regal Pillow"},{"floor":6.0,"key":"War Paint"},{"floor":9.0,"key":"Paper Frog"},{"floor":10.0,"key":"Mercury Hourglass"},{"floor":12.0,"key":"Champion Belt"},{"floor":23.0,"key":"Blue Candle"},{"floor":26.0,"key":"Letter Opener"},{"floor":31.0,"key":"Centennial Puzzle"},{"floor":39.0,"key":"Du-Vu Doll"},{"floor":41,"key":"Gremlin Horn"},{"floor":43,"key":"Potion Belt"}],"event_choices":[{"event_name":"Liars Game","player_choice":"disagreed","floor":4.0,"damage_taken":0.0},{"event_name":"Bonfire Elementals","player_choice":"UNCOMMON","floor":21.0,"damage_taken":0.0},{"event_name":"Vampires","player_choice":"Became a vampire","floor":30.0,"damage_taken":0.0},{"event_name":"MindBloom","player_choice":"Fight","floor":39.0,"damage_taken":0.0},{"event_name":"Duplicator","player_choice":"One dupe","floor":47,"damage_taken":0}],"is_beta":true,"boss_relics":[{"not_picked":["Lizard Tail","Eternal Feather"],"picked":"Fusion Hammer"},{"not_picked":["White Beast Statue","Philosopher\u0027s Stone"],"picked":"Sozu"}],"items_purged_floors":[3,46],"is_endless":false,"potions_floor_spawned":[1,2,6,18,24,27,33,36,40,42,44],"killed_by":"Time Eater","ascension_level":5}