{"gold_per_floor":[117,134,76,1,1,1,11,11,66,66,82,94,105,131,131,206,206,219,219,236,236,246,246,278,278],"floor_reached":25,"playtime":1138,"items_purged":[],"score":415,"play_id":"e928c28e-d5af-4a96-85da-852a11334709","local_time":"20180925180330","is_ascension_mode":true,"campfire_choices":[{"data":"Zap","floor":6,"key":"SMITH"},{"data":"Consume","floor":10,"key":"SMITH"},{"data":"Static Discharge","floor":15,"key":"SMITH"},{"floor":23,"key":"REST"}],"neow_cost":"NONE","seed_source_timestamp":882583353911549,"circlet_count":0,"master_deck":["Strike_B","Strike_B","Defend_B","Defend_B","Defend_B","Defend_B","Zap+1","Dualcast","AscendersBane","BootSequence","Consume+1","Auto Shields","Static Discharge+1","Thunder Strike","Ball Lightning","Lockon","Ball Lightning","Melter"],"relics":["Cracked Core","Boot","Omamori","Anchor","Nuclear Battery","Kunai"],"potions_floor_usage":[12,22,22,25],"damage_taken":[{"damage":2,"enemies":"Jaw Worm","floor":1,"turns":3},{"damage":1,"enemies":"Cultist","floor":2,"turns":4},{"damage":7,"enemies":"Small Slimes","floor":7,"turns":3},{"damage":7,"enemies":"Looter","floor":11,"turns":3},{"damage":5,"enemies":"Exordium Wildlife","floor":12,"turns":4},{"damage":0,"enemies":"Red Slaver","floor":13,"turns":3},{"damage":40,"enemies":"Hexaghost","floor":16,"turns":7},{"damage":9,"enemies":"Spheric Guardian","floor":18,"turns":4},{"damage":9,"enemies":"Chosen","floor":20,"turns":4},{"damage":2,"enemies":"Snecko","floor":22,"turns":3},{"damage":40,"enemies":"Book of Stabbing","floor":24,"turns":3},{"damage":33,"enemies":"Shelled Parasite and Fungi","floor":25,"turns":3}],"seed_played":"-5721718188087123306","potions_obtained":[{"floor":2,"key":"SkillPotion"},{"floor":7,"key":"Block Potion"},{"floor":13,"key":"FearPotion"},{"floor":24,"key":"Fire Potion"}],"is_trial":false,"path_per_floor":["M","M","?","?","?","R","M","?","T","R","M","M","M","T","R","B",null,"M","?","M","?","M","R","E"],"character_chosen":"DEFECT","items_purchased":[],"campfire_rested":1,"item_purchase_floors":[],"current_hp_per_floor":[69,68,68,68,61,61,54,54,54,54,47,42,42,42,42,2,59,50,50,41,41,39,62,22,0],"gold":278,"neow_bonus":"TEN_PERCENT_HP_BONUS","is_prod":false,"is_daily":false,"chose_seed":false,"campfire_upgraded":3,"win_rate":0,"timestamp":1537891410,"path_taken":["M","M","?","?","?","R","?","?","T","R","M","M","M","?","R","BOSS","M","?","M","?","M","R","E","?"],"build_version":"2018-09-20","purchased_purges":0,"victory":false,"max_hp_per_floor":[78,78,78,78,78,78,78,78,78,78,78,78,78,78,78,78,78,78,78,78,78,78,78,78,78],"card_choices":[{"not_picked":["Redo","Lockon"],"picked":"BootSequence","floor":1},{"not_picked":["Hologram","Gash"],"picked":"Consume","floor":2},{"not_picked":["Hologram","Blizzard","Force Field"],"picked":"SKIP","floor":7},{"not_picked":["Gash","Sweeping Beam","Aggregate"],"picked":"SKIP","floor":11},{"not_picked":["Blizzard","Leap"],"picked":"Auto Shields","floor":12},{"not_picked":["Compile Driver","Ball Lightning"],"picked":"Static Discharge","floor":13},{"not_picked":["Reboot","Biased Cognition"],"picked":"Thunder Strike","floor":16},{"not_picked":["Heatsinks","Leap"],"picked":"Ball Lightning","floor":18},{"not_picked":["Heatsinks+1","Cold Snap"],"picked":"Lockon","floor":20},{"not_picked":["Gash+1","Rebound"],"picked":"Ball Lightning","floor":22},{"not_picked":["Redo","Stack"],"picked":"Melter","floor":24}],"player_experience":686219,"relics_obtained":[{"floor":9,"key":"Omamori"},{"floor":14,"key":"Anchor"},{"floor":24,"key":"Kunai"}],"event_choices":[{"event_name":"WeMeetAgain","player_choice":"Gold","floor":3,"damage_taken":0},{"event_name":"The Cleric","player_choice":"Card Removal","floor":4,"damage_taken":0},{"event_name":"Golden Wing","player_choice":"Card Removal","floor":5,"damage_taken":0},{"event_name":"Liars Game","player_choice":"disagreed","floor":8,"damage_taken":0},{"event_name":"The Mausoleum","player_choice":"No","floor":19,"damage_taken":0},{"event_name":"Forgotten Altar","player_choice":"Smashed Altar","floor":21,"damage_taken":0}],"is_beta":false,"boss_relics":[{"not_picked":["Philosopher\u0027s Stone","Runic Pyramid"],"picked":"Nuclear Battery"}],"items_purged_floors":[],"is_endless":false,"potions_floor_spawned":[2,7,13,20,24],"killed_by":"Shelled Parasite and Fungi","ascension_level":19}