{"gold_per_floor":[209,209,209,220,236,236,248,248,248,248,260,272,422,442,442,519,519,529,529],"floor_reached":19,"playtime":2074,"items_purged":[],"score":314,"play_id":"244af15f-6964-47f6-84f6-9760193e0405","local_time":"20190325190342","is_ascension_mode":true,"campfire_choices":[{"data":"Dualcast","floor":6,"key":"SMITH"},{"data":"Zap","floor":8,"key":"SMITH"},{"floor":10,"key":"REST"},{"data":"Defragment","floor":15,"key":"SMITH"}],"neow_cost":"NONE","seed_source_timestamp":64495547000168,"circlet_count":0,"master_deck":["AscendersBane","Strike_B","Strike_B","Strike_B","Strike_B","Defend_B","Defend_B","Defend_B","Defend_B","Zap+1","Dualcast+1","Zap+1","Conserve Battery","Doom and Gloom","Doubt","Defragment+1","Creative AI"],"relics":["Cracked Core","Question Card","Sozu"],"potions_floor_usage":[7,12,16,16],"damage_taken":[{"damage":2,"enemies":"2 Louse","floor":1,"turns":3},{"damage":1,"enemies":"Cultist","floor":4,"turns":3},{"damage":1,"enemies":"Small Slimes","floor":5,"turns":3},{"damage":2,"enemies":"Looter","floor":7,"turns":3},{"damage":6,"enemies":"Large Slime","floor":11,"turns":5},{"damage":2,"enemies":"Exordium Wildlife","floor":12,"turns":2},{"damage":8,"enemies":"Red Slaver","floor":14,"turns":4},{"damage":64,"enemies":"The Guardian","floor":16,"turns":10},{"damage":17,"enemies":"Spheric Guardian","floor":18,"turns":4},{"damage":38,"enemies":"Shell Parasite","floor":19,"turns":4}],"seed_played":"-3900770550076447861","potions_obtained":[{"floor":4,"key":"LiquidBronze"},{"floor":5,"key":"EssenceOfSteel"},{"floor":11,"key":"Strength Potion"},{"floor":14,"key":"Regen Potion"}],"is_trial":false,"path_per_floor":["M","?","?","M","M","R","M","R","T","R","M","M","?","M","R","B",null,"M","M"],"character_chosen":"DEFECT","items_purchased":[],"campfire_rested":1,"item_purchase_floors":[],"current_hp_per_floor":[62,62,62,61,60,60,58,58,58,71,65,63,63,55,55,6,55,38,0],"gold":529,"neow_bonus":"HUNDRED_GOLD","is_prod":false,"is_daily":false,"chose_seed":false,"campfire_upgraded":3,"win_rate":0,"timestamp":1553537022,"path_taken":["M","?","?","M","M","R","M","R","T","R","?","M","?","M","R","BOSS","M","M"],"build_version":"2019-01-23","purchased_purges":0,"victory":false,"max_hp_per_floor":[71,71,71,71,71,71,71,71,71,71,71,71,71,71,71,71,71,71,71],"card_choices":[{"not_picked":["Hologram","Go for the Eyes","Chaos"],"picked":"SKIP","floor":1},{"not_picked":["Coolheaded","Lockon","Heatsinks"],"picked":"SKIP","floor":4},{"not_picked":["Leap","Storm","Beam Cell"],"picked":"SKIP","floor":5},{"not_picked":["Compile Driver","Go for the Eyes"],"picked":"Conserve Battery","floor":7},{"not_picked":["Rebound","Double Energy","Stack"],"picked":"Doom and Gloom","floor":11},{"not_picked":["Stack","Reprogram","Turbo","Compile Driver"],"picked":"SKIP","floor":12},{"not_picked":["Skim","Biased Cognition","Scrape"],"picked":"Defragment","floor":14},{"not_picked":["Echo Form","Hyperbeam","Multi-Cast"],"picked":"Creative AI","floor":16},{"not_picked":["Ball Lightning","Blizzard","Steam","Turbo"],"picked":"SKIP","floor":18}],"player_experience":777832,"relics_obtained":[{"floor":9,"key":"Question Card"}],"event_choices":[{"damage_healed":0,"gold_gain":0,"player_choice":"Grow","damage_taken":0,"max_hp_gain":0,"max_hp_loss":0,"event_name":"Living Wall","floor":2,"gold_loss":0,"cards_upgraded":["Zap"]},{"damage_healed":0,"gold_gain":0,"player_choice":"1 cards matched","damage_taken":0,"max_hp_gain":0,"max_hp_loss":0,"event_name":"Match and Keep!","floor":3,"gold_loss":0,"cards_obtained":["Zap"]},{"damage_healed":0,"gold_gain":150,"player_choice":"AGREE","damage_taken":0,"max_hp_gain":0,"max_hp_loss":0,"event_name":"Liars Game","floor":13,"gold_loss":0,"cards_obtained":["Doubt"]}],"is_beta":false,"boss_relics":[{"not_picked":["Tiny House","White Beast Statue"],"picked":"Sozu"}],"items_purged_floors":[],"is_endless":false,"potions_floor_spawned":[4,5,11,14],"killed_by":"Shell Parasite","ascension_level":19}