{"gold_per_floor":[109,184,201,201,201,201,228,247,247,247,262,276,6,20,20,115,115,98,98,116,116,132,132],"floor_reached":23,"playtime":2371,"items_purged":[],"score":193,"play_id":"6f7bbafa-7c90-42cf-8f49-2fe693b54b02","local_time":"20190325182010","is_ascension_mode":false,"campfire_choices":[{"data":"Anger","floor":6,"key":"SMITH"},{"floor":10,"key":"REST"},{"floor":15,"key":"REST"}],"neow_cost":"NONE","seed_source_timestamp":24753152195100,"circlet_count":0,"master_deck":["Strike_R","Strike_R","Defend_R","Defend_R","Defend_R","Defend_R","Bash+1","Anger+1","Shrug It Off+1","Reaper+1","Headbutt+1","Fire Breathing","Thunderclap+1","Entrench","Clothesline+1","Sword Boomerang+1","Limit Break","Twin Strike+1","True Grit+1","Offering+1","Iron Wave+1","Pain","Iron Wave+1"],"relics":["Burning Blood","Molten Egg 2","Bottled Lightning","Orichalcum","Astrolabe","WarpedTongs"],"potions_floor_usage":[22],"damage_taken":[{"damage":1,"enemies":"Jaw Worm","floor":1,"turns":5},{"damage":6,"enemies":"Small Slimes","floor":3,"turns":3},{"damage":52,"enemies":"3 Sentries","floor":7,"turns":11},{"damage":7,"enemies":"2 Louse","floor":8,"turns":2},{"damage":7,"enemies":"Blue Slaver","floor":11,"turns":3},{"damage":10,"enemies":"Red Slaver","floor":12,"turns":3},{"damage":5,"enemies":"Large Slime","floor":14,"turns":5},{"damage":48,"enemies":"The Guardian","floor":16,"turns":12},{"damage":15,"enemies":"2 Thieves","floor":18,"turns":4},{"damage":13,"enemies":"3 Byrds","floor":20,"turns":6},{"damage":36,"enemies":"Centurion and Healer","floor":22,"turns":10},{"damage":68,"enemies":"Gremlin Leader","floor":23,"turns":6}],"seed_played":"-6621467519984308349","potions_obtained":[{"floor":1,"key":"SkillPotion"},{"floor":11,"key":"GamblersBrew"},{"floor":14,"key":"GamblersBrew"},{"floor":20,"key":"AttackPotion"}],"is_trial":false,"path_per_floor":["M","?","M","?","?","R","E","M","T","R","M","M","$","M","R","B",null,"M","?","M","$","M","E"],"character_chosen":"IRONCLAD","items_purchased":["Orichalcum","Entrench","Clothesline+1"],"campfire_rested":2,"item_purchase_floors":[13,13,13],"current_hp_per_floor":[80,69,69,69,69,69,23,22,22,46,45,48,48,49,73,38,80,80,80,73,73,53,0],"gold":132,"neow_bonus":"UPGRADE_CARD","is_prod":false,"is_daily":false,"chose_seed":false,"campfire_upgraded":1,"win_rate":0.0,"timestamp":1553552410,"path_taken":["M","?","M","?","?","R","E","M","T","R","M","M","$","M","R","BOSS","M","?","M","$","?","E"],"build_version":"2019-01-23","purchased_purges":0,"victory":false,"max_hp_per_floor":[80,80,80,80,80,80,80,80,80,80,80,80,80,80,80,80,80,80,80,80,80,80,80],"card_choices":[{"not_picked":["Thunderclap","Pommel Strike"],"picked":"Anger","floor":1},{"not_picked":["Clash","Armaments"],"picked":"Shrug It Off","floor":3},{"not_picked":["Clash","Evolve"],"picked":"Reaper","floor":7},{"not_picked":["Armaments","Entrench"],"picked":"Headbutt+1","floor":8},{"not_picked":["Clash+1","Entrench"],"picked":"Fire Breathing","floor":11},{"not_picked":["Disarm","Feel No Pain"],"picked":"Thunderclap+1","floor":12},{"not_picked":["Seeing Red","Rampage+1"],"picked":"Sword Boomerang+1","floor":14},{"not_picked":["Berserk","Offering"],"picked":"Limit Break","floor":16},{"not_picked":["Twin Strike+1","Rampage+1"],"picked":"Iron Wave+1","floor":18},{"not_picked":["Clash+1","Thunderclap+1"],"picked":"Iron Wave+1","floor":20},{"not_picked":["Shrug It Off","Sword Boomerang+1","Metallicize"],"picked":"SKIP","floor":22}],"player_experience":20052,"relics_obtained":[{"floor":7,"key":"Molten Egg 2"},{"floor":9,"key":"Bottled Lightning"}],"event_choices":[{"damage_healed":0,"gold_gain":75,"player_choice":"Gather Gold","damage_taken":11,"max_hp_gain":0,"max_hp_loss":0,"event_name":"World of Goop","floor":2,"gold_loss":0},{"damage_healed":0,"gold_gain":0,"player_choice":"Grow","damage_taken":0,"max_hp_gain":0,"max_hp_loss":0,"event_name":"Living Wall","floor":4,"gold_loss":0,"cards_upgraded":["Shrug It Off"]},{"damage_healed":0,"gold_gain":0,"player_choice":"Ignored","damage_taken":0,"max_hp_gain":0,"max_hp_loss":0,"event_name":"Liars Game","floor":5,"gold_loss":0},{"damage_healed":0,"gold_gain":0,"player_choice":"Rummage","damage_taken":0,"relics_obtained":["WarpedTongs"],"max_hp_gain":0,"max_hp_loss":0,"event_name":"Accursed Blacksmith","floor":19,"gold_loss":0,"cards_obtained":["Pain"]}],"is_beta":false,"boss_relics":[{"not_picked":["Calling Bell","Runic Dome"],"picked":"Astrolabe"}],"items_purged_floors":[],"is_endless":false,"potions_floor_spawned":[1,11,14,20],"killed_by":"Gremlin Leader","ascension_level":0}