{"gold_per_floor":[113,131,151,0,0,0,29,29,55,55,73,86,99,99,99,99],"floor_reached":16,"playtime":840,"items_purged":[],"score":127,"play_id":"569f5081-1f7b-4499-9188-2005dd91906e","local_time":"20180722022000","is_ascension_mode":false,"campfire_choices":[{"floor":6,"key":"REST"},{"data":"Infinite Blades","floor":8,"key":"SMITH"},{"floor":10,"key":"REST"},{"data":"Leg Sweep","floor":15,"key":"SMITH"}],"neow_cost":"FIFTY_PERCENT_DAMAGE","seed_source_timestamp":957602023666823,"circlet_count":0,"master_deck":["Defend_G","Defend_G","Defend_G","Defend_G","Defend_G","Strike_G","Strike_G","Strike_G","Strike_G+1","Strike_G+1","Survivor","Neutralize","Leg Sweep+1","Cloak And Dagger","Deadly Poison","Infinite Blades+1","Escape Plan","Distraction","Escape Plan","Normality"],"relics":["Ring of the Snake","Whetstone","Regal Pillow","Oddly Smooth Stone","Ninja Scroll"],"potions_floor_usage":[7,7,16,16],"damage_taken":[{"damage":8,"enemies":"Jaw Worm","floor":1,"turns":5},{"damage":0,"enemies":"2 Louse","floor":2,"turns":5},{"damage":0,"enemies":"Cultist","floor":3,"turns":6},{"damage":30,"enemies":"Gremlin Nob","floor":7,"turns":6},{"damage":3,"enemies":"Large Slime","floor":11,"turns":8},{"damage":3,"enemies":"Exordium Wildlife","floor":12,"turns":4},{"damage":4,"enemies":"Looter","floor":13,"turns":4},{"damage":71,"enemies":"Slime Boss","floor":16,"turns":14}],"seed_played":"-5632255583292692553","potions_obtained":[{"floor":2,"key":"Block Potion"},{"floor":3,"key":"LiquidBronze"},{"floor":12,"key":"Poison Potion"},{"floor":13,"key":"Fruit Juice"}],"is_trial":false,"path_per_floor":["M","M","M","$","?","R","E","R","T","R","M","M","M","?","R"],"character_chosen":"THE_SILENT","items_purchased":["Whetstone"],"campfire_rested":2,"item_purchase_floors":[4],"current_hp_per_floor":[34,34,34,34,34,59,29,29,29,69,66,63,59,59,59,0],"gold":99,"neow_bonus":"TWENTY_PERCENT_HP_BONUS","is_prod":false,"is_daily":false,"chose_seed":false,"campfire_upgraded":2,"win_rate":0,"timestamp":1532218800,"path_taken":["M","M","M","$","?","R","E","R","T","R","M","M","M","?","R","BOSS"],"build_version":"2018-07-19v2","purchased_purges":0,"victory":false,"max_hp_per_floor":[84,84,84,84,84,84,84,84,84,84,84,84,84,84,84,89],"card_choices":[{"not_picked":["Prepared","Heel Hook"],"picked":"Leg Sweep","floor":1},{"not_picked":["Quick Slash","Sucker Punch"],"picked":"Cloak And Dagger","floor":2},{"not_picked":["Skewer","Bane"],"picked":"Deadly Poison","floor":3},{"not_picked":["Cloak And Dagger","Sucker Punch"],"picked":"Infinite Blades","floor":7},{"not_picked":["Skewer","Eviscerate"],"picked":"Escape Plan","floor":11},{"not_picked":["Tools of the Trade","Sucker Punch"],"picked":"Distraction","floor":12},{"not_picked":["Prepared","Bane"],"picked":"Escape Plan","floor":13}],"player_experience":75936,"relics_obtained":[{"floor":7,"key":"Regal Pillow"},{"floor":9,"key":"Oddly Smooth Stone"}],"event_choices":[{"event_name":"World of Goop","player_choice":"Left","floor":5,"damage_taken":0},{"event_name":"Accursed Blacksmith","player_choice":"Rummage","floor":14,"damage_taken":0}],"is_beta":false,"boss_relics":[],"items_purged_floors":[],"is_endless":false,"potions_floor_spawned":[2,3,12,13],"killed_by":"Slime Boss","ascension_level":0}