{"path_per_floor":["M","?","?","M","M","R","M","M","T","M","?","E","M","M","R"],"character_chosen":"THE_SILENT","items_purchased":[],"gold_per_floor":[119,119,119,129,146,146,160,176,176,194,194,229,248,267,267,267],"floor_reached":16,"campfire_rested":1,"playtime":1236,"current_hp_per_floor":[69,69,69,68,65,65,63,61,61,61,61,48,48,44,63,0],"items_purged":[],"gold":267,"score":106,"play_id":"7140badf-8dc5-4a49-b008-4ef14c4f0889","local_time":"20180505175210","is_prod":false,"is_daily":false,"chose_seed":false,"is_ascension_mode":false,"campfire_upgraded":1,"timestamp":1525539130,"path_taken":["M","?","?","M","M","R","M","M","T","M","?","E","M","M","R","BOSS"],"build_version":"2018-05-03","seed_source_timestamp":0,"purchased_purges":0,"victory":false,"master_deck":["Defend_G","Defend_G","Defend_G","Defend_G","Defend_G","Strike_G","Strike_G","Strike_G","Strike_G","Strike_G","Survivor","Neutralize","Dagger Spray","Dagger Spray","Dash+1","Dagger Spray","Crippling Poison","Adrenaline","Escape Plan"],"max_hp_per_floor":[70,70,70,70,70,70,70,70,70,70,65,65,65,65,65,65],"relics":["Ring of the Snake","Pantograph","Golden Idol","Gremlin Horn"],"card_choices":[{"not_picked":["Leg Sweep","PiercingWail"],"picked":"Dagger Spray","floor":1.0},{"not_picked":["Leg Sweep","Poisoned Stab"],"picked":"Dagger Spray","floor":4},{"not_picked":["Flechettes","All Out Attack"],"picked":"Dash","floor":5},{"not_picked":["Blade Dance","Catalyst"],"picked":"Dagger Spray","floor":7},{"not_picked":["Underhanded Strike","Wraith Form v2"],"picked":"Crippling Poison","floor":10},{"not_picked":["Bullet Time","Well Laid Plans"],"picked":"Adrenaline","floor":12},{"not_picked":["Caltrops","Infinite Blades"],"picked":"Escape Plan","floor":14}],"player_experience":76015,"potions_floor_usage":[8,16,16],"damage_taken":[{"damage":1.0,"enemies":"2 Louse","floor":1.0,"turns":4.0},{"damage":1,"enemies":"Cultist","floor":4,"turns":4},{"damage":3,"enemies":"Small Slimes","floor":5,"turns":3},{"damage":2,"enemies":"Blue Slaver","floor":7,"turns":4},{"damage":2,"enemies":"Large Slime","floor":8,"turns":5},{"damage":0,"enemies":"2 Fungi Beasts","floor":10,"turns":2},{"damage":13,"enemies":"3 Sentries","floor":12,"turns":6},{"damage":0,"enemies":"3 Louse","floor":13,"turns":2},{"damage":4,"enemies":"Exordium Thugs","floor":14,"turns":3},{"damage":73,"enemies":"The Guardian","floor":16,"turns":21}],"event_choices":[{"event_name":"Purifier","player_choice":"Skipped","floor":2.0,"damage_taken":0.0},{"event_name":"Golden Wing","player_choice":"Ignored","floor":3,"damage_taken":0},{"event_name":"Golden Idol","player_choice":"Lose Max HP","floor":11,"damage_taken":0}],"boss_relics":[],"potions_floor_spawned":[1,7,10,14],"seed_played":"-4622788847508601417","killed_by":"The Guardian","ascension_level":0,"is_trial":false}