{"gold_per_floor":[116,128,0,0,20,45,11,41,41,55,82,101,128,128,128,128],"floor_reached":16,"playtime":817,"items_purged":[],"score":210,"play_id":"da1a736f-cf8f-4365-a71f-ee34ce2928ed","local_time":"20190317223330","is_ascension_mode":true,"campfire_choices":[{"floor":15,"key":"REST"}],"neow_cost":"NONE","seed_source_timestamp":76656111774709,"circlet_count":0,"master_deck":["AscendersBane","Strike_R","Strike_R","Strike_R","Strike_R","Strike_R","Defend_R","Defend_R","Defend_R","Defend_R","Bash+1","Feel No Pain","Pummel","Corruption","Sword Boomerang","Metallicize","Rampage","Burning Pact","Pommel Strike","Immolate"],"relics":["Burning Blood","Question Card","Bird Faced Urn","Charon\u0027s Ashes","Regal Pillow","Bag of Preparation"],"potions_floor_usage":[6,8,13,16],"damage_taken":[{"damage":1,"enemies":"Cultist","floor":1,"turns":3},{"damage":6,"enemies":"Jaw Worm","floor":2,"turns":4},{"damage":7,"enemies":"Small Slimes","floor":5,"turns":4},{"damage":37,"enemies":"Lagavulin","floor":6,"turns":5},{"damage":18,"enemies":"3 Sentries","floor":8,"turns":9},{"damage":12,"enemies":"Looter","floor":10,"turns":4},{"damage":11,"enemies":"Blue Slaver","floor":12,"turns":4},{"damage":30,"enemies":"Lagavulin","floor":13,"turns":6},{"damage":50,"enemies":"The Guardian","floor":16,"turns":9}],"seed_played":"3438175482546231106","potions_obtained":[{"floor":5,"key":"Strength Potion"},{"floor":6,"key":"LiquidBronze"},{"floor":12,"key":"Strength Potion"}],"is_trial":false,"path_per_floor":["M","M","$","?","M","E","$","E","T","M","T","M","E","?","R","B"],"character_chosen":"IRONCLAD","items_purchased":["Corruption","Strength Potion","Metallicize"],"campfire_rested":1,"item_purchase_floors":[3,3,7],"current_hp_per_floor":[73,73,73,73,72,41,41,29,29,27,27,26,8,8,45,0],"gold":128,"neow_bonus":"UPGRADE_CARD","is_prod":false,"is_daily":false,"chose_seed":false,"campfire_upgraded":0,"win_rate":0,"timestamp":1552880010,"path_taken":["M","?","$","?","?","E","$","E","T","M","?","M","E","?","R","BOSS"],"build_version":"2019-01-23","purchased_purges":0,"victory":false,"max_hp_per_floor":[75,75,75,75,75,75,75,75,75,75,75,75,75,75,75,75],"card_choices":[{"not_picked":["Thunderclap","Twin Strike"],"picked":"Feel No Pain","floor":1},{"not_picked":["Dual Wield","Searing Blow"],"picked":"Pummel","floor":2},{"not_picked":["Entrench","Berserk"],"picked":"Sword Boomerang","floor":5},{"not_picked":["Flex","Second Wind","Headbutt"],"picked":"SKIP","floor":6},{"not_picked":["Anger","Carnage","Dropkick"],"picked":"Rampage","floor":8},{"not_picked":["Sword Boomerang","Body Slam","Twin Strike"],"picked":"Burning Pact","floor":10},{"not_picked":["Fire Breathing","Havoc","Second Wind"],"picked":"Pommel Strike","floor":12},{"not_picked":["Havoc","Second Wind","Bloodletting"],"picked":"Immolate","floor":13}],"player_experience":605411,"relics_obtained":[{"floor":6,"key":"Question Card"},{"floor":8,"key":"Bird Faced Urn"},{"floor":9,"key":"Charon\u0027s Ashes"},{"floor":11,"key":"Regal Pillow"},{"floor":13,"key":"Bag of Preparation"}],"event_choices":[{"damage_healed":0,"gold_gain":0,"player_choice":"0 cards matched","damage_taken":0,"max_hp_gain":0,"max_hp_loss":0,"event_name":"Match and Keep!","floor":4,"gold_loss":0,"cards_obtained":[]},{"damage_healed":0,"gold_gain":0,"player_choice":"Ignored","damage_taken":0,"max_hp_gain":0,"max_hp_loss":0,"event_name":"Shining Light","floor":14,"gold_loss":0}],"is_beta":false,"boss_relics":[],"items_purged_floors":[],"is_endless":false,"potions_floor_spawned":[5,6,12],"killed_by":"The Guardian","ascension_level":15}