{"path_per_floor":["M","?","M","?","?","R","E","M","T","R","$","E","M","M","R","B",null,"M","?","M","M","$","R","E","?","T","R","?","R","M","M","R"],"character_chosen":"DEFECT","items_purchased":["Scrape","Mind Blast"],"gold_per_floor":[12,12,29,29,29,29,61,73,73,73,1,33,44,58,58,161,161,172,97,113,127,21,21,51,1,1,1,1,1,19,33,33,33],"floor_reached":33,"campfire_rested":0,"playtime":1056,"item_purchase_floors":[11,22],"current_hp_per_floor":[73,66,66,66,71,71,69,69,69,69,69,69,69,69,69,30,80,77,77,75,80,80,80,77,77,77,77,61,61,61,61,61,0],"items_purged":[],"gold":33,"score":360,"play_id":"cdb8a3cf-1a51-417e-83b6-c0e287524320","local_time":"20180606164152","is_prod":false,"is_daily":false,"chose_seed":false,"is_ascension_mode":true,"campfire_upgraded":7,"win_rate":0,"timestamp":1528296112,"campfire_choices":[{"data":"Go for the Eyes","floor":6,"key":"SMITH"},{"data":"Hyperbeam","floor":10,"key":"SMITH"},{"data":"Hologram","floor":15,"key":"SMITH"},{"data":"Echo Form","floor":23,"key":"SMITH"},{"data":"Mind Blast","floor":27,"key":"SMITH"},{"data":"Zap","floor":29,"key":"SMITH"},{"data":"Sunder","floor":32,"key":"SMITH"}],"path_taken":["M","?","M","?","?","R","E","M","T","R","?","E","?","M","R","BOSS","M","?","M","M","?","R","E","?","T","R","?","R","M","M","R","BOSS"],"build_version":"2018-05-31","seed_source_timestamp":287030021510757,"purchased_purges":0,"victory":false,"master_deck":["Defend_B","Defend_B","Defend_B","Defend_B","Zap+1","Dualcast","Darkness","Hyperbeam+1","Go for the Eyes+1","Steam","Leap","BootSequence","Scrape","Coolheaded","Sunder+1","Hologram+1","Echo Form+1","BootSequence","Self Repair","Reinforced Body","Mind Blast+1","Beam Cell+1","Necronomicurse"],"max_hp_per_floor":[75,75,75,75,80,80,80,80,80,80,80,80,80,80,80,80,80,80,80,80,80,80,80,80,80,80,80,80,80,80,80,80,80],"relics":["Cracked Core","Torii","Vajra","Centennial Puzzle","Ornamental Fan","Runic Pyramid","Anchor","Blue Candle","Necronomicon"],"card_choices":[{"not_picked":["Darkness","Tempest"],"picked":"Go for the Eyes","floor":1},{"not_picked":["Streamline","Go for the Eyes"],"picked":"Steam","floor":3},{"not_picked":["Fusion","Cold Snap"],"picked":"Leap","floor":7},{"not_picked":["Storm","Stack"],"picked":"BootSequence","floor":8},{"not_picked":["Stack","Hello World"],"picked":"Coolheaded","floor":12},{"not_picked":["Electrodynamics","Turbo"],"picked":"Sunder","floor":13},{"not_picked":["Hello World","Redo"],"picked":"Hologram","floor":14},{"not_picked":["Hyperbeam","Multi-Cast"],"picked":"Echo Form","floor":16},{"not_picked":["Aggregate","Ball Lightning"],"picked":"BootSequence","floor":18},{"not_picked":["Hologram","Sweeping Beam"],"picked":"Self Repair","floor":20},{"not_picked":["Storm","Steam"],"picked":"Reinforced Body","floor":21},{"not_picked":["Gash+1","Loop"],"picked":"Beam Cell+1","floor":24},{"not_picked":["Beam Cell","Capacitor","Blizzard"],"picked":"SKIP","floor":30},{"not_picked":["Beam Cell+1","Heatsinks","Reprogram"],"picked":"SKIP","floor":31}],"player_experience":351641,"potions_floor_usage":[16,16,21,24,30],"damage_taken":[{"damage":2,"enemies":"Jaw Worm","floor":1,"turns":3},{"damage":0,"enemies":"2 Louse","floor":3,"turns":1},{"damage":2,"enemies":"Lagavulin","floor":7,"turns":6},{"damage":0,"enemies":"Cultist","floor":8,"turns":4},{"damage":0,"enemies":"3 Sentries","floor":12,"turns":2},{"damage":0,"enemies":"Large Slime","floor":13,"turns":3},{"damage":0,"enemies":"Looter","floor":14,"turns":3},{"damage":39,"enemies":"Hexaghost","floor":16,"turns":11},{"damage":3,"enemies":"Spheric Guardian","floor":18,"turns":5},{"damage":2,"enemies":"3 Byrds","floor":20,"turns":6},{"damage":0,"enemies":"Centurion and Healer","floor":21,"turns":5},{"damage":10,"enemies":"Slavers","floor":24,"turns":5},{"damage":0,"enemies":"Slaver and Parasite","floor":30,"turns":3},{"damage":0,"enemies":"3 Cultists","floor":31,"turns":4},{"damage":64,"enemies":"Automaton","floor":33,"turns":8}],"relics_obtained":[{"floor":7,"key":"Vajra"},{"floor":9,"key":"Centennial Puzzle"},{"floor":12,"key":"Ornamental Fan"},{"floor":24,"key":"Anchor"},{"floor":26,"key":"Blue Candle"},{"floor":28,"key":"Necronomicon"}],"event_choices":[{"event_name":"Scrap Ooze","player_choice":"success","floor":2,"damage_taken":7},{"event_name":"Living Wall","player_choice":"Forget","floor":4,"damage_taken":0},{"event_name":"Big Fish","player_choice":"Donut","floor":5,"damage_taken":0},{"event_name":"Beggar","player_choice":"Gave Gold","floor":19,"damage_taken":0},{"event_name":"The Joust","player_choice":"Bet on Murderer","floor":25,"damage_taken":0},{"event_name":"Cursed Tome","player_choice":"Obtained Book","floor":28,"damage_taken":0}],"boss_relics":[{"not_picked":["White Beast Statue","Pandora\u0027s Box"],"picked":"Runic Pyramid"}],"items_purged_floors":[],"potions_floor_spawned":[1,7,12,13,20,24],"seed_played":"5228861270409304533","killed_by":"Automaton","ascension_level":4,"potions_obtained":[{"floor":1,"key":"PowerPotion"},{"floor":7,"key":"LiquidBronze"},{"floor":12,"key":"SpeedPotion"},{"floor":13,"key":"Fire Potion"},{"floor":20,"key":"AttackPotion"},{"floor":24,"key":"Poison Potion"}],"is_trial":false}