{"gold_per_floor":[109,109,129,129,139,139,464,444,444,463,487,487,498,508,508,586,586,597,696,292,292,308,308,321,321,321,221,221,221],"floor_reached":29,"playtime":1026,"items_purged":["Defend_B","Strike_B"],"score":368,"play_id":"e6ee97f7-a35b-4d0e-af31-45be949ea20f","local_time":"20180922014023","is_ascension_mode":true,"campfire_choices":[{"floor":6,"key":"REST"},{"floor":12,"key":"REST"},{"data":"Streamline","floor":15,"key":"SMITH"},{"data":"Defragment","floor":23,"key":"SMITH"},{"floor":25,"key":"REST"}],"neow_cost":"NONE","seed_source_timestamp":564509004774348,"circlet_count":0,"master_deck":["Strike_B","Defend_B","Defend_B+1","Zap+1","Dualcast","AscendersBane","Conserve Battery","Ball Lightning","Ball Lightning","Streamline+1","Self Repair","Conserve Battery","Self Repair","Reinforced Body","Defragment+1"],"relics":["Cracked Core","Omamori","Old Coin","Pantograph","Bronze Scales","Empty Cage","DataDisk","Oddly Smooth Stone","Orichalcum","Sundial"],"potions_floor_usage":[13,14,22],"damage_taken":[{"damage":2,"enemies":"2 Louse","floor":1,"turns":3},{"damage":7,"enemies":"Small Slimes","floor":3,"turns":3},{"damage":0,"enemies":"Cultist","floor":5,"turns":3},{"damage":33,"enemies":"Lagavulin","floor":7,"turns":4},{"damage":1,"enemies":"Blue Slaver","floor":10,"turns":3},{"damage":4,"enemies":"Exordium Thugs","floor":13,"turns":4},{"damage":0,"enemies":"2 Fungi Beasts","floor":14,"turns":2},{"damage":60,"enemies":"Hexaghost","floor":16,"turns":8},{"damage":19,"enemies":"Spheric Guardian","floor":18,"turns":4},{"damage":8,"enemies":"2 Thieves","floor":22,"turns":4},{"damage":17,"enemies":"Cultist and Chosen","floor":24,"turns":5},{"damage":84,"enemies":"Slavers","floor":29,"turns":5}],"seed_played":"3303048048996858158","potions_obtained":[{"floor":7,"key":"Fire Potion"},{"floor":8,"key":"SkillPotion"},{"floor":16,"key":"Swift Potion"}],"is_trial":false,"path_per_floor":["M","?","M","?","M","R","E","?","T","M","T","R","M","M","R","B",null,"M","?","$","?","M","R","M","R","T","$","?"],"character_chosen":"DEFECT","items_purchased":["DataDisk","Oddly Smooth Stone","Defragment"],"campfire_rested":3,"item_purchase_floors":[20,20,20],"current_hp_per_floor":[66,51,44,44,44,66,33,33,33,32,32,54,57,64,64,22,62,57,57,57,57,56,56,53,75,75,75,75,0],"gold":221,"neow_bonus":"RANDOM_COMMON_RELIC","is_prod":false,"is_daily":false,"chose_seed":false,"campfire_upgraded":2,"win_rate":0,"timestamp":1537573223,"path_taken":["M","?","M","?","?","R","E","?","T","?","?","R","M","M","R","BOSS","M","?","$","?","M","R","M","R","T","?","?","E"],"build_version":"2018-09-20","purchased_purges":2,"victory":false,"max_hp_per_floor":[75,75,75,75,75,75,75,75,75,75,75,75,75,75,75,75,75,75,75,75,75,75,75,75,75,75,75,75,75],"card_choices":[{"not_picked":["Rebound","Redo"],"picked":"Conserve Battery","floor":1},{"not_picked":["Blizzard","Tempest"],"picked":"Ball Lightning","floor":3},{"not_picked":["Leap","Hologram"],"picked":"Ball Lightning","floor":5},{"not_picked":["Biased Cognition","Rebound"],"picked":"Streamline","floor":7},{"not_picked":["Leap","Force Field"],"picked":"Self Repair","floor":10},{"not_picked":["Rebound","Capacitor"],"picked":"Conserve Battery","floor":13},{"not_picked":["Darkness","Doom and Gloom"],"picked":"Self Repair","floor":14},{"not_picked":["Skim","Turbo"],"picked":"Reinforced Body","floor":18},{"not_picked":["Sweeping Beam","Barrage","Redo"],"picked":"SKIP","floor":22},{"not_picked":["Redo+1","Self Repair","Scrape"],"picked":"SKIP","floor":24}],"player_experience":504714,"relics_obtained":[{"floor":7,"key":"Old Coin"},{"floor":9,"key":"Pantograph"},{"floor":11,"key":"Bronze Scales"},{"floor":26,"key":"Sundial"}],"event_choices":[{"event_name":"Shining Light","player_choice":"Entered Light","floor":2,"damage_taken":0},{"event_name":"Purifier","player_choice":"One Purge","floor":4,"damage_taken":0},{"event_name":"The Woman in Blue","player_choice":"Bought 1 Potion","floor":8,"damage_taken":0},{"event_name":"Nest","player_choice":"Stole From Cult","floor":19,"damage_taken":0},{"event_name":"The Mausoleum","player_choice":"Yes","floor":21,"damage_taken":0},{"event_name":"Vampires","player_choice":"Ignored","floor":28,"damage_taken":0}],"is_beta":false,"boss_relics":[{"not_picked":["Runic Dome","Snecko Eye"],"picked":"Empty Cage"}],"items_purged_floors":[20,27],"is_endless":false,"potions_floor_spawned":[7,10,16],"killed_by":"Slavers","ascension_level":13}