{"path_per_floor":["M","?","M","M","?","R","E","M","T","E","R","T","M","M","R","B",null,"M","M","$","?","M","E","R","E","T","R","M","E","$","?","R","B",null,"M","?","M","M","?","R","E","?","T","R","M","M","R","M","R","B"],"character_chosen":"THE_SILENT","items_purchased":["Strength Potion"],"gold_per_floor":[18,18,35,49,49,49,79,94,94,122,122,122,136,148,148,253,253,253,238,163,163,163,163,163,163,163,163,163,163,15,15,15,15,15,15,15,15,15,15,15,15,15,15,15,15,15,15,15,15,15],"floor_reached":51,"campfire_rested":0,"playtime":2908,"current_hp_per_floor":[63,49,49,49,49,49,45,45,45,39,39,39,39,46,46,33,61,58,58,58,58,45,60,60,39,39,39,46,40,40,40,40,27,59,59,54,50,37,55,67,40,40,40,52,49,39,51,50,62,29],"items_purged":["Reflex","Writhe"],"gold":15,"score":1172,"play_id":"fad4be0a-d947-4bce-9856-a9a115894c47","local_time":"20180412114007","is_prod":false,"is_daily":false,"is_ascension_mode":true,"campfire_upgraded":7,"timestamp":1523526007,"path_taken":["M","?","M","M","?","R","E","?","T","E","R","?","?","?","R","BOSS","M","M","$","?","?","E","R","E","T","R","?","E","$","?","R","BOSS","M","?","M","M","?","R","E","?","T","R","M","?","R","M","R","BOSS"],"build_version":"2018-04-05v2","purchased_purges":2,"victory":true,"master_deck":["Defend_G","Defend_G+1","Defend_G+1","Defend_G","Strike_G","Strike_G","Strike_G","Strike_G","Survivor","Neutralize+1","AscendersBane","Adrenaline+1","Calculated Gamble+1","Slice","Infinite Blades+1","Cloak And Dagger+1","Tools of the Trade+1","Choke","Choke","Dagger Spray","Adrenaline","PiercingWail","Blur+1","Cloak And Dagger+1","Slice","Cloak And Dagger","Envenom+1","Cloak And Dagger","Burst","Escape Plan+1","Finesse","Apotheosis+1","Writhe","Accuracy+1"],"max_hp_per_floor":[70,70,70,70,70,70,70,70,70,70,70,70,70,70,70,70,70,70,70,70,70,70,70,70,70,70,70,70,70,70,70,70,70,70,70,70,70,70,70,70,70,70,70,70,72,74,74,76,76,76],"relics":["Ring of the Snake","Anchor","Unceasing Top","Meat on the Bone","War Paint","Ectoplasm","Mummified Hand","Pantograph","Old Coin","Matryoshka","Oddly Smooth Stone","Eternal Feather","Singing Bowl","Art of War","Girya"],"card_choices":[{"not_picked":["Escape Plan","Backflip"],"picked":"Slice","floor":1},{"not_picked":["Dagger Throw","Deadly Poison"],"picked":"Infinite Blades","floor":3},{"not_picked":["Heel Hook","Underhanded Strike"],"picked":"Cloak And Dagger","floor":4},{"not_picked":["Cloak And Dagger","Prepared"],"picked":"Tools of the Trade","floor":7},{"not_picked":["Poisoned Stab","Prepared"],"picked":"Choke","floor":8},{"not_picked":["Crippling Poison","Outmaneuver"],"picked":"Choke","floor":10},{"not_picked":["Predator","Deflect"],"picked":"Reflex","floor":13},{"not_picked":["Dodge and Roll","Bane"],"picked":"Dagger Spray","floor":14},{"not_picked":["Night Terror","Corpse Explosion"],"picked":"Adrenaline","floor":16},{"not_picked":["Outmaneuver","Deadly Poison"],"picked":"PiercingWail","floor":18},{"not_picked":["Dagger Throw","Acrobatics"],"picked":"Blur","floor":19},{"not_picked":["Blur","Backflip"],"picked":"Cloak And Dagger","floor":22},{"not_picked":["Dodge and Roll","Flying Knee"],"picked":"Slice","floor":23},{"not_picked":["Acrobatics","Flying Knee"],"picked":"Cloak And Dagger","floor":25},{"not_picked":["Blur","Quick Slash"],"picked":"Envenom","floor":29},{"not_picked":["Die Die Die","Grand Finale"],"picked":"Burst","floor":33},{"not_picked":["Eviscerate","Blur"],"picked":"Escape Plan","floor":35},{"not_picked":["Jack Of All Trades","Transmutation"],"picked":"Finesse","floor":36},{"not_picked":["Secret Technique","Trip"],"picked":"Apotheosis","floor":36},{"not_picked":["Prepared","Endless Agony"],"picked":"Accuracy","floor":41}],"player_experience":296330,"potions_floor_usage":[7,16,16,23,23,25,29,33,33,46,50],"damage_taken":[{"damage":0,"enemies":"2 Louse","floor":1,"turns":3},{"damage":0,"enemies":"Small Slimes","floor":3,"turns":3},{"damage":0,"enemies":"Cultist","floor":4,"turns":3},{"damage":4,"enemies":"3 Sentries","floor":7,"turns":11},{"damage":0,"enemies":"Looter","floor":8,"turns":3},{"damage":6,"enemies":"Gremlin Nob","floor":10,"turns":3},{"damage":0,"enemies":"Red Slaver","floor":13,"turns":2},{"damage":5,"enemies":"Exordium Wildlife","floor":14,"turns":6},{"damage":25,"enemies":"Slime Boss","floor":16,"turns":7},{"damage":3,"enemies":"3 Byrds","floor":18,"turns":4},{"damage":0,"enemies":"2 Thieves","floor":19,"turns":2},{"damage":13,"enemies":"Snecko","floor":22,"turns":5},{"damage":0,"enemies":"Gremlin Leader","floor":23,"turns":10},{"damage":21,"enemies":"Book of Stabbing","floor":25,"turns":6},{"damage":5,"enemies":"Cultist and Chosen","floor":28,"turns":5},{"damage":18,"enemies":"Slavers","floor":29,"turns":5},{"damage":50,"enemies":"Collector","floor":33,"turns":8},{"damage":0,"enemies":"3 Shapes","floor":35,"turns":4},{"damage":4,"enemies":"3 Darklings","floor":37,"turns":4},{"damage":13,"enemies":"Maw","floor":38,"turns":6},{"damage":39,"enemies":"2 Orb Walkers","floor":41,"turns":6},{"damage":5,"enemies":"Sphere and 2 Shapes","floor":45,"turns":5},{"damage":12,"enemies":"3 Darklings","floor":46,"turns":5},{"damage":15,"enemies":"4 Shapes","floor":48,"turns":3},{"damage":59,"enemies":"Donu and Deca","floor":50,"turns":8}],"event_choices":[{"event_name":"Shining Light","player_choice":"Entered Light","floor":2,"damage_taken":0},{"event_name":"The Lab","player_choice":"Got Potions","floor":5,"damage_taken":0},{"event_name":"The Mausoleum","player_choice":"Yes","floor":21,"damage_taken":0},{"event_name":"The Library","player_choice":"Read","floor":31,"damage_taken":0},{"event_name":"SensoryStone","player_choice":"Memory 2","floor":36,"damage_taken":0},{"event_name":"Winding Halls","player_choice":"Writhe","floor":39,"damage_taken":0},{"event_name":"Mysterious Sphere","player_choice":"Ignore","floor":42,"damage_taken":0}],"boss_relics":[{"not_picked":["Astrolabe","Black Star"],"picked":"Ectoplasm"},{"not_picked":["Tiny House","Calling Bell"],"picked":"Eternal Feather"}],"potions_floor_spawned":[1,13,16,22,28,29,38,45],"seed_played":"-3286352794189082604","ascension_level":10,"is_trial":false}