{"path_per_floor":["M","M","$","M","?","R","M","R","T","M","M","E","M","E","R","B",null,"M","M","M","$","M","E","?","R","T","?","R","E","$","?","R","B",null,"M","M","T","M","?","R","E","R","T","E","?","M","?","M","R","B"],"character_chosen":"IRONCLAD","items_purchased":["Feed","Gremlin Horn","Paper Frog","Metallicize","Spot Weakness"],"gold_per_floor":[359,374,42,59,59,59,79,79,79,97,112,141,153,182,182,261,261,280,295,308,51,64,90,90,90,116,116,116,149,0,0,0,72,72,82,96,145,165,165,165,191,191,191,218,218,237,237,249,249,249],"floor_reached":51,"campfire_rested":1,"playtime":2126,"current_hp_per_floor":[64,62,62,70,65,65,70,70,70,79,74,74,79,65,65,46,80,91,95,72,72,70,44,44,44,44,44,44,72,72,72,72,40,64,74,43,43,45,45,45,51,51,51,41,41,61,61,51,76,39],"items_purged":[],"gold":249,"score":1356,"play_id":"669f205d-599c-4f5e-a50f-46af91adecc5","local_time":"20180421120515","is_prod":false,"is_daily":false,"chose_seed":false,"is_ascension_mode":true,"campfire_upgraded":8,"timestamp":1524305115,"path_taken":["M","M","$","M","?","R","M","R","T","M","?","E","M","E","R","BOSS","M","?","M","$","M","E","?","R","T","?","R","E","$","?","R","BOSS","M","M","?","M","?","R","E","R","T","E","?","M","?","M","R","BOSS"],"build_version":"2018-04-19","seed_source_timestamp":128831354953443,"purchased_purges":1,"victory":true,"master_deck":["Defend_R","Defend_R","Defend_R","Defend_R","Bash+1","AscendersBane","Cleave","Feed+1","Inflame+1","Twin Strike","Clothesline+1","Pummel+1","Reckless Charge","Reaper","Hemokinesis+1","Flex","True Grit","Bite","Bite","Bite","Bite","Bite","Metallicize+1","Spot Weakness+1","Shrug It Off","Reaper","Headbutt+1","Thunderclap","Wild Strike","Bash"],"max_hp_per_floor":[68,68,68,71,71,71,75,75,75,79,79,83,87,87,87,91,91,91,95,95,95,99,103,72,72,72,72,72,72,72,72,72,72,72,76,76,76,76,76,76,76,76,76,76,76,76,76,76,76,80],"relics":["Burning Blood","Gremlin Horn","Pen Nib","Self Forming Clay","Vajra","Blue Candle","Philosopher\u0027s Stone","Paper Frog","Bag of Marbles","Happy Flower","Regal Pillow","Velvet Choker","Orichalcum","Juzu Bracelet","Ancient Tea Set","Red Skull"],"card_choices":[{"not_picked":["Bloodletting","Anger"],"picked":"Cleave","floor":2},{"not_picked":["Wild Strike","Anger"],"picked":"Inflame","floor":4},{"not_picked":["Rampage","Havoc"],"picked":"Twin Strike","floor":7},{"not_picked":["Havoc","Body Slam"],"picked":"Infernal Blade","floor":10},{"not_picked":["Pommel Strike","Juggernaut"],"picked":"Clothesline","floor":11},{"not_picked":["True Grit","Flex"],"picked":"Pummel","floor":12},{"not_picked":["Twin Strike","Pommel Strike"],"picked":"Reckless Charge","floor":13},{"not_picked":["Double Tap","Exhume"],"picked":"Reaper","floor":16},{"not_picked":["Anger","True Grit"],"picked":"Hemokinesis","floor":18},{"not_picked":["Body Slam","Wild Strike"],"picked":"Flex","floor":20},{"not_picked":["Sword Boomerang","Juggernaut"],"picked":"True Grit","floor":22},{"not_picked":["Exhume","Double Tap"],"picked":"Reaper","floor":33},{"not_picked":["Cleave","Second Wind"],"picked":"Headbutt","floor":35},{"not_picked":["Inflame","Warcry"],"picked":"Thunderclap","floor":41}],"player_experience":328108,"potions_floor_usage":[7,33,33,50,50],"damage_taken":[{"damage":10,"enemies":"Small Slimes","floor":1,"turns":4},{"damage":8,"enemies":"2 Louse","floor":2,"turns":4},{"damage":1,"enemies":"Cultist","floor":4,"turns":4},{"damage":5,"enemies":"Gremlin Gang","floor":7,"turns":3},{"damage":0,"enemies":"2 Fungi Beasts","floor":10,"turns":3},{"damage":11,"enemies":"Looter","floor":11,"turns":3},{"damage":10,"enemies":"3 Sentries","floor":12,"turns":5},{"damage":5,"enemies":"Lots of Slimes","floor":13,"turns":3},{"damage":20,"enemies":"Lagavulin","floor":14,"turns":5},{"damage":29,"enemies":"The Guardian","floor":16,"turns":10},{"damage":5,"enemies":"Chosen","floor":18,"turns":3},{"damage":0,"enemies":"Spheric Guardian","floor":19,"turns":2},{"damage":36,"enemies":"Snake Plant","floor":20,"turns":3},{"damage":19,"enemies":"Centurion and Healer","floor":22,"turns":8},{"damage":36,"enemies":"Slavers","floor":23,"turns":5},{"damage":5,"enemies":"Gremlin Leader","floor":29,"turns":3},{"damage":48,"enemies":"Champ","floor":33,"turns":7},{"damage":2,"enemies":"Orb Walker","floor":35,"turns":1},{"damage":43,"enemies":"3 Shapes","floor":36,"turns":3},{"damage":29,"enemies":"3 Darklings","floor":38,"turns":4},{"damage":54,"enemies":"Giant Head","floor":41,"turns":7},{"damage":47,"enemies":"Nemesis","floor":44,"turns":5},{"damage":8,"enemies":"Sphere and 2 Shapes","floor":46,"turns":3},{"damage":37,"enemies":"4 Shapes","floor":48,"turns":3},{"damage":104,"enemies":"Donu and Deca","floor":50,"turns":8}],"event_choices":[{"event_name":"Scrap Ooze","player_choice":"success","floor":5,"damage_taken":5},{"event_name":"Vampires","player_choice":"Became a vampire","floor":24,"damage_taken":0},{"event_name":"Ghosts","player_choice":"Ignored","floor":27,"damage_taken":0},{"event_name":"The Library","player_choice":"Read","floor":31,"damage_taken":0},{"event_name":"Mysterious Sphere","player_choice":"Ignore","floor":45,"damage_taken":0},{"event_name":"Match and Keep!","player_choice":"2 cards matched","floor":47,"damage_taken":0}],"boss_relics":[{"not_picked":["Orrery","Pandora\u0027s Box"],"picked":"Philosopher\u0027s Stone"},{"not_picked":["Cursed Key","Astrolabe"],"picked":"Velvet Choker"}],"potions_floor_spawned":[1,2,10,12,16,18,22,23,33,41,44],"seed_played":"-34799112153279189","ascension_level":15,"is_trial":false}