{"gold_per_floor":[109,109,34,50,50,50,90,90,117,135,160,179,195,195,195,290,290,313,119,95,116,116,116,25,44,68,68,92,108,123,48,48,48],"floor_reached":33,"playtime":2494,"items_purged":["Injury","Strike_B"],"score":515,"play_id":"c4aa2985-48b5-40b0-b816-53fe3d84fc99","local_time":"20180925130221","is_ascension_mode":true,"campfire_choices":[{"floor":6,"key":"REST"},{"floor":8,"key":"REST"},{"floor":15,"key":"REST"},{"floor":23,"key":"REST"},{"floor":32,"key":"REST"}],"neow_cost":"NONE","seed_source_timestamp":863165046135923,"circlet_count":0,"master_deck":["Strike_B","Strike_B","Defend_B+1","Defend_B","Defend_B","Defend_B+1","Zap+1","Dualcast","AscendersBane","Echo Form","White Noise","Ball Lightning","Ball Lightning","Steam","Auto Shields","Self Repair","Biased Cognition","BootSequence","Streamline","Melter","Doom and Gloom","Sweeping Beam","Shame","Doom and Gloom+1"],"relics":["Cracked Core","Golden Idol","Dead Branch","Blood Vial","Cursed Key","PreservedInsect"],"potions_floor_usage":[7,7,11,16,27,28,29],"damage_taken":[{"damage":9,"enemies":"2 Louse","floor":1,"turns":3},{"damage":1,"enemies":"Small Slimes","floor":4,"turns":4},{"damage":12,"enemies":"Lagavulin","floor":7,"turns":5},{"damage":0,"enemies":"Cultist","floor":10,"turns":2},{"damage":7,"enemies":"Exordium Wildlife","floor":11,"turns":4},{"damage":14,"enemies":"3 Louse","floor":12,"turns":4},{"damage":10,"enemies":"2 Fungi Beasts","floor":13,"turns":4},{"damage":26,"enemies":"The Guardian","floor":16,"turns":11},{"damage":22,"enemies":"Spheric Guardian","floor":18,"turns":4},{"damage":20,"enemies":"2 Thieves","floor":20,"turns":4},{"damage":16,"enemies":"Sentry and Sphere","floor":21,"turns":5},{"damage":26,"enemies":"Centurion and Healer","floor":25,"turns":5},{"damage":0,"enemies":"Gremlin Leader","floor":27,"turns":4},{"damage":18,"enemies":"3 Cultists","floor":28,"turns":5},{"damage":6,"enemies":"Chosen and Byrds","floor":29,"turns":3},{"damage":45,"enemies":"Centurion and Healer","floor":30,"turns":5},{"damage":56,"enemies":"Collector","floor":33,"turns":6}],"seed_played":"7621192049029822188","potions_obtained":[{"floor":1,"key":"Fire Potion"},{"floor":4,"key":"Swift Potion"},{"floor":10,"key":"EssenceOfSteel"},{"floor":11,"key":"FearPotion"},{"floor":16,"key":"SmokeBomb"},{"floor":20,"key":"Fire Potion"},{"floor":28,"key":"LiquidBronze"}],"is_trial":false,"path_per_floor":["M","?","$","M","?","R","E","R","T","M","M","M","M","?","R","B",null,"M","$","M","M","$","R","$","M","T","E","M","M","M","?","R"],"character_chosen":"DEFECT","items_purchased":["BootSequence","Doom and Gloom"],"campfire_rested":5,"item_purchase_floors":[19,24],"current_hp_per_floor":[55,55,55,54,33,54,42,63,63,65,60,48,40,40,61,44,64,58,58,54,54,54,71,71,52,52,61,52,48,19,19,40,0],"gold":48,"neow_bonus":"ONE_RANDOM_RARE_CARD","is_prod":false,"is_daily":false,"chose_seed":false,"campfire_upgraded":0,"win_rate":0,"timestamp":1537873341,"path_taken":["M","?","$","M","?","R","E","R","T","M","M","M","M","?","R","BOSS","M","$","M","M","$","R","$","M","T","E","M","M","M","?","R","BOSS"],"build_version":"2018-09-20","purchased_purges":2,"victory":false,"max_hp_per_floor":[71,71,71,71,71,71,71,71,71,71,71,71,71,71,71,71,71,71,71,71,71,71,71,71,71,71,71,71,71,71,71,71,71],"card_choices":[{"not_picked":["Reprogram","BootSequence"],"picked":"White Noise","floor":1},{"not_picked":["Gash","Hologram"],"picked":"Ball Lightning","floor":4},{"not_picked":["Rebound","Chaos","Redo"],"picked":"SKIP","floor":7},{"not_picked":["FTL","Aggregate"],"picked":"Ball Lightning","floor":10},{"not_picked":["Stack","Aggregate"],"picked":"Steam","floor":11},{"not_picked":["Cold Snap","Fusion"],"picked":"Auto Shields","floor":12},{"not_picked":["Sweeping Beam","Beam Cell"],"picked":"Self Repair","floor":13},{"not_picked":["Creative AI","Echo Form"],"picked":"Biased Cognition","floor":16},{"not_picked":["Heatsinks","Hologram","Conserve Battery"],"picked":"SKIP","floor":18},{"not_picked":["Steam","Coolheaded+1"],"picked":"Streamline","floor":20},{"not_picked":["Barrage","Gash"],"picked":"Melter","floor":21},{"not_picked":["Barrage","Chill"],"picked":"Sweeping Beam","floor":25},{"not_picked":["Leap","Steam"],"picked":"Doom and Gloom+1","floor":28},{"not_picked":["Sweeping Beam","Hello World","Streamline"],"picked":"SKIP","floor":29},{"not_picked":["Sweeping Beam","Chill","Hologram"],"picked":"SKIP","floor":30}],"player_experience":668185,"relics_obtained":[{"floor":7,"key":"Dead Branch"},{"floor":9,"key":"Blood Vial"},{"floor":26,"key":"PreservedInsect"}],"event_choices":[{"event_name":"Golden Idol","player_choice":"Take Wound","floor":2,"damage_taken":0},{"event_name":"Shining Light","player_choice":"Entered Light","floor":5,"damage_taken":0},{"event_name":"Accursed Blacksmith","player_choice":"Forge","floor":14,"damage_taken":0},{"event_name":"Beggar","player_choice":"Gave Gold","floor":31,"damage_taken":0}],"is_beta":false,"boss_relics":[{"not_picked":["Orrery","Ectoplasm"],"picked":"Cursed Key"}],"items_purged_floors":[3,19],"is_endless":false,"potions_floor_spawned":[1,4,10,11,16,20,21,28],"killed_by":"Collector","ascension_level":18}