{"gold_per_floor":[113,113,130,160,8,8,42,42,42,75,25,25,44,44,44,119,119,135,60,10,10,10,34,34,61,86,100,177,177,177],"floor_reached":30,"playtime":1398,"items_purged":["Strike_G","Writhe"],"score":425,"play_id":"673c24e3-3507-4c3d-81b2-56ca71981d7c","local_time":"20180701202202","is_ascension_mode":true,"campfire_choices":[{"floor":6,"key":"REST"},{"data":"Infinite Blades","floor":12,"key":"SMITH"},{"data":"Caltrops","floor":15,"key":"SMITH"},{"data":"Cloak And Dagger","floor":24,"key":"SMITH"}],"neow_cost":"TEN_PERCENT_HP_LOSS","seed_source_timestamp":720681905711463,"circlet_count":0,"master_deck":["Defend_G","Defend_G","Defend_G","Strike_G","Strike_G","Survivor","Neutralize","AscendersBane","Infinite Blades+1","Caltrops+1","Backflip","Blade Dance","Infinite Blades","Clumsy","Cloak And Dagger+1","Dodge and Roll","Cloak And Dagger"],"relics":["Ring of the Snake","Tiny Chest","Vajra","Smiling Mask","Ornamental Fan","Oddly Smooth Stone","Blood Vial","Calling Bell","Pear","Ice Cream","Juzu Bracelet","Pen Nib","Paper Crane","Snake Skull","Toxic Egg 2","Nilry\u0027s Codex"],"potions_floor_usage":[7,16,27],"damage_taken":[{"damage":3,"enemies":"Jaw Worm","floor":1,"turns":5},{"damage":2,"enemies":"Small Slimes","floor":3,"turns":5},{"damage":1,"enemies":"Gremlin Nob","floor":7,"turns":5},{"damage":12,"enemies":"Lagavulin","floor":10,"turns":8},{"damage":2,"enemies":"2 Louse","floor":13,"turns":3},{"damage":19,"enemies":"The Guardian","floor":16,"turns":14},{"damage":9,"enemies":"Spheric Guardian","floor":18,"turns":4},{"damage":15,"enemies":"Book of Stabbing","floor":25,"turns":6},{"damage":0,"enemies":"2 Thieves","floor":27,"turns":5},{"damage":35,"enemies":"Gremlin Leader","floor":30,"turns":6}],"seed_played":"2570222309749930764","potions_obtained":[{"floor":3,"key":"PowerPotion"},{"floor":10,"key":"EssenceOfSteel"},{"floor":16,"key":"GhostInAJar"}],"is_trial":false,"path_per_floor":["M","?","M","?","$","R","E","T","T","E","$","R","M","$","R","B",null,"M","?","$","?","?","T","R","E","T","M","T","?"],"character_chosen":"THE_SILENT","items_purchased":["Vajra"],"campfire_rested":1,"item_purchase_floors":[5],"current_hp_per_floor":[56,49,47,35,35,53,52,52,52,40,40,40,40,40,40,23,61,54,54,54,54,54,54,54,41,41,43,43,27,0],"gold":177,"neow_bonus":"REMOVE_TWO","is_prod":false,"is_daily":false,"chose_seed":false,"campfire_upgraded":3,"win_rate":0,"timestamp":1530501722,"path_taken":["M","?","M","?","?","R","E","?","T","E","?","R","?","$","R","BOSS","M","?","$","?","?","?","R","E","T","M","?","?","E"],"build_version":"2018-06-28","purchased_purges":2,"victory":false,"max_hp_per_floor":[60,60,60,60,60,60,60,60,60,60,60,60,60,60,60,60,70,70,70,70,70,70,70,70,70,70,70,70,70,70],"card_choices":[{"not_picked":["Underhanded Strike","Bane"],"picked":"Infinite Blades","floor":1},{"not_picked":["Acrobatics","Caltrops","Deadly Poison"],"picked":"SKIP","floor":3},{"not_picked":["Acrobatics","Deadly Poison"],"picked":"Caltrops","floor":3},{"not_picked":["Slice","PiercingWail"],"picked":"Backflip","floor":7},{"not_picked":["Prepared","Bane"],"picked":"Blade Dance","floor":10},{"not_picked":["Blur","Flechettes"],"picked":"Infinite Blades","floor":13},{"not_picked":["Predator","Dash+1"],"picked":"Cloak And Dagger","floor":18},{"not_picked":["PiercingWail+1","Choke"],"picked":"Dodge and Roll","floor":25},{"not_picked":["Poisoned Stab","Skewer"],"picked":"Cloak And Dagger","floor":27}],"player_experience":339779,"relics_obtained":[{"floor":7,"key":"Smiling Mask"},{"floor":8,"key":"Ornamental Fan"},{"floor":9,"key":"Oddly Smooth Stone"},{"floor":10,"key":"Blood Vial"},{"floor":17,"key":"Pear"},{"floor":17,"key":"Ice Cream"},{"floor":17,"key":"Juzu Bracelet"},{"floor":23,"key":"Pen Nib"},{"floor":25,"key":"Paper Crane"},{"floor":26,"key":"Snake Skull"},{"floor":28,"key":"Toxic Egg 2"},{"floor":29,"key":"Nilry\u0027s Codex"}],"event_choices":[{"event_name":"Golden Wing","player_choice":"Card Removal","floor":2,"damage_taken":0},{"event_name":"Scrap Ooze","player_choice":"success","floor":4,"damage_taken":12},{"event_name":"Beggar","player_choice":"Gave Gold","floor":19,"damage_taken":0},{"event_name":"Bonfire Elementals","player_choice":"BASIC","floor":21,"damage_taken":0},{"event_name":"Ghosts","player_choice":"Ignored","floor":22,"damage_taken":0},{"event_name":"Cursed Tome","player_choice":"Obtained Book","floor":29,"damage_taken":0}],"boss_relics":[{"not_picked":["Velvet Choker","Tiny House"],"picked":"Calling Bell"}],"items_purged_floors":[11,20],"is_endless":false,"potions_floor_spawned":[3,10,16],"killed_by":"Gremlin Leader","ascension_level":14}