{"path_per_floor":["M","M","?","$","M","R","M","R","T","R","?","M","M","E","R","B",null,"M","M","M","M","?","R","E","R","T","?","M","M","M","$","R","B",null,"M","?","?","M","M","M","R","?","T","?","M","?","R","E","R"],"character_chosen":"IRONCLAD","items_purchased":["Rage","Inflame","Madness","Ornamental Fan"],"gold_per_floor":[118,134,234,84,98,98,114,114,114,114,114,129,147,181,181,284,284,297,307,322,334,334,334,366,366,414,414,434,451,471,121,121,216,216,233,233,280,292,302,317,317,317,317,0,14,14,14,49,49],"floor_reached":50,"campfire_rested":3,"playtime":5665,"current_hp_per_floor":[80,80,80,80,77,77,77,77,77,77,77,80,80,80,80,54,80,80,80,78,72,72,80,44,68,68,56,56,56,50,50,50,56,56,39,53,44,56,56,56,56,56,56,56,56,56,56,35,51],"items_purged":[],"gold":49,"score":572,"play_id":"90e3f623-df4a-4069-ab99-d181931d821c","local_time":"20180317213913","is_prod":false,"is_daily":false,"is_ascension_mode":false,"campfire_upgraded":7,"timestamp":1521322753,"path_taken":["M","M","?","$","M","R","M","R","T","R","?","M","M","E","R","BOSS","M","M","M","M","?","R","E","R","T","?","M","M","M","$","R","BOSS","M","?","?","M","?","M","R","?","T","?","M","?","R","E","R","BOSS"],"build_version":"2018-03-15v2","purchased_purges":1,"victory":false,"master_deck":["Defend_R","Defend_R","Defend_R","Defend_R","Bash","Armaments","Armaments+1","Rage+1","Anger+1","Bludgeon","Carnage","Shrug It Off+1","Headbutt","Bludgeon","Body Slam","Iron Wave+1","Barricade+1","Headbutt+1","Rampage+1","Bite","Bite","Bite","Bite","Bite","Flame Barrier+1","Headbutt","Shrug It Off","Madness","Juggernaut+1","Armaments","Writhe","Metallicize+1","Shrug It Off+1","Body Slam+1","Fire Breathing","Pommel Strike+1"],"max_hp_per_floor":[80,80,80,80,80,80,80,80,80,80,80,80,80,80,80,80,80,80,80,80,80,80,80,80,80,80,56,56,56,56,56,56,56,56,56,56,56,56,56,56,56,56,56,56,56,56,56,56,56],"relics":["Black Blood","Thread and Needle","Dodecahedron","Anchor","Vajra","Ornamental Fan","Cursed Key","Sundial","Red Mask","Molten Egg 2"],"card_choices":[{"not_picked":["Ghostly Armor","Cleave"],"picked":"Armaments"},{"not_picked":["Sever Soul","Thunderclap"],"picked":"Armaments"},{"not_picked":["Burning Pact","Rampage"],"picked":"Anger"},{"not_picked":["Armaments","Whirlwind"],"picked":"Bludgeon"},{"not_picked":["Power Through","True Grit"],"picked":"Carnage"},{"not_picked":["Clothesline","Searing Blow"],"picked":"Shrug It Off"},{"not_picked":["Burning Pact","Iron Wave"],"picked":"Headbutt"},{"not_picked":["Reaper","Brutality"],"picked":"Bludgeon"},{"not_picked":["Entrench","Clothesline"],"picked":"Body Slam"},{"not_picked":["Clothesline","Anger"],"picked":"Iron Wave"},{"not_picked":["Headbutt","Sword Boomerang"],"picked":"Barricade"},{"not_picked":["Dual Wield","Corruption"],"picked":"Headbutt"},{"not_picked":["Pommel Strike","Body Slam"],"picked":"Rampage"},{"not_picked":["Shrug It Off","Thunderclap"],"picked":"Flame Barrier"},{"not_picked":["Rupture","Flame Barrier"],"picked":"Headbutt"},{"not_picked":["Flex","Thunderclap"],"picked":"Shrug It Off"},{"not_picked":["Reaper","Feed"],"picked":"Juggernaut"},{"not_picked":["Rupture","Twin Strike"],"picked":"Armaments"},{"not_picked":["Cleave","Uppercut"],"picked":"Metallicize"},{"not_picked":["Flex","Twin Strike"],"picked":"Shrug It Off"},{"not_picked":["Combust","Juggernaut"],"picked":"Body Slam"},{"not_picked":["Clothesline","Seeing Red"],"picked":"Fire Breathing"},{"not_picked":["Twin Strike","Dark Embrace"],"picked":"Pommel Strike"}],"player_experience":0,"potions_floor_usage":[14,14,21,24,33,33,48,48,48,50],"damage_taken":[{"damage":5,"enemies":"Small Slimes","floor":1,"turns":3},{"damage":1,"enemies":"Cultist","floor":2,"turns":4},{"damage":9,"enemies":"Jaw Worm","floor":5,"turns":4},{"damage":6,"enemies":"3 Louse","floor":7,"turns":7},{"damage":3,"enemies":"Exordium Thugs","floor":12,"turns":5},{"damage":0,"enemies":"Lots of Slimes","floor":13,"turns":5},{"damage":0,"enemies":"Lagavulin","floor":14,"turns":8},{"damage":32,"enemies":"The Guardian","floor":16,"turns":9},{"damage":0,"enemies":"Chosen","floor":18,"turns":4},{"damage":0,"enemies":"Spheric Guardian","floor":19,"turns":3},{"damage":12,"enemies":"Chosen and Byrds","floor":20,"turns":5},{"damage":16,"enemies":"Centurion and Healer","floor":21,"turns":12},{"damage":46,"enemies":"Gremlin Leader","floor":24,"turns":13},{"damage":0,"enemies":"Cultist and Chosen","floor":28,"turns":7},{"damage":10,"enemies":"Snecko","floor":29,"turns":5},{"damage":16,"enemies":"Snake Plant","floor":30,"turns":3},{"damage":7,"enemies":"Champ","floor":33,"turns":15},{"damage":39,"enemies":"3 Darklings","floor":35,"turns":8},{"damage":26,"enemies":"Mysterious Sphere","floor":37,"turns":6},{"damage":0,"enemies":"3 Shapes","floor":38,"turns":4},{"damage":11,"enemies":"3 Darklings","floor":39,"turns":8},{"damage":0,"enemies":"4 Shapes","floor":40,"turns":6},{"damage":3,"enemies":"Maw","floor":45,"turns":6},{"damage":31,"enemies":"Giant Head","floor":48,"turns":9},{"damage":59,"enemies":"Awakened One","floor":50,"turns":4}],"event_choices":[{"event_name":"Golden Shrine","player_choice":"Pray","floor":3,"damage_taken":0},{"event_name":"The Lab","player_choice":"Got Potions","floor":11,"damage_taken":0},{"event_name":"Drug Dealer","player_choice":"Ignored","floor":22,"damage_taken":0},{"event_name":"Vampires","player_choice":"Became a vampire","floor":27,"damage_taken":0},{"event_name":"Winding Halls","player_choice":"Writhe","floor":36,"damage_taken":0},{"event_name":"Mysterious Sphere","player_choice":"Fight","floor":37,"damage_taken":0},{"event_name":"Wheel of Change","player_choice":"Full Heal","floor":42,"damage_taken":0},{"event_name":"Tomb of Lord Red Mask","player_choice":"Paid","floor":44,"damage_taken":0}],"boss_relics":[{"not_picked":["Ectoplasm","Runic Dome"],"picked":"Black Blood"},{"not_picked":["Orrery","White Beast Statue"],"picked":"Cursed Key"}],"potions_floor_spawned":[1,5,14,16,18,20,24,29,30,38,39,40,45,48],"seed_played":"6457869028389558338","killed_by":"Awakened One","ascension_level":0,"is_trial":false}