{"gold_per_floor":[110,110,130,55,5,35,47,47,72,90,106,133,33,51,51,126,126,145,158,158,185,203,203,203],"floor_reached":24,"playtime":1188,"items_purged":["Regret","Strike_G"],"score":354,"play_id":"d361aaeb-4229-4c3f-a020-d3ff68066b81","local_time":"20180705183449","is_ascension_mode":true,"campfire_choices":[{"floor":8,"key":"REST"},{"floor":15,"key":"REST"},{"floor":23,"key":"REST"}],"neow_cost":"","seed_source_timestamp":1060061601167976,"circlet_count":0,"master_deck":["Defend_G","Defend_G","Defend_G","Defend_G","Strike_G","Strike_G","Strike_G","Strike_G","Survivor","Neutralize","AscendersBane","Deadly Poison","Footwork","Tools of the Trade","Quick Slash","Flying Knee","Noxious Fumes","Sucker Punch","A Thousand Cuts","Infinite Blades","Sucker Punch","Quick Slash+1"],"relics":["Ring of the Snake","Strawberry","Omamori","Boot","Mercury Hourglass","Cursed Key","Art of War"],"potions_floor_usage":[10,12,12,24,24],"damage_taken":[{"damage":0,"enemies":"Cultist","floor":1,"turns":4},{"damage":5,"enemies":"Small Slimes","floor":3,"turns":4},{"damage":38,"enemies":"3 Sentries","floor":6,"turns":13},{"damage":1,"enemies":"2 Louse","floor":7,"turns":3},{"damage":10,"enemies":"Exordium Wildlife","floor":10,"turns":4},{"damage":3,"enemies":"Blue Slaver","floor":11,"turns":5},{"damage":19,"enemies":"Gremlin Nob","floor":12,"turns":4},{"damage":3,"enemies":"Looter","floor":14,"turns":3},{"damage":20,"enemies":"The Guardian","floor":16,"turns":10},{"damage":5,"enemies":"Shell Parasite","floor":18,"turns":7},{"damage":15,"enemies":"Chosen","floor":19,"turns":5},{"damage":29,"enemies":"3 Cultists","floor":22,"turns":5},{"damage":51,"enemies":"Slavers","floor":24,"turns":3}],"seed_played":"4579413762186901406","potions_obtained":[{"floor":1,"key":"FearPotion"},{"floor":6,"key":"Strength Potion"},{"floor":10,"key":"Block Potion"},{"floor":16,"key":"Explosive Potion"},{"floor":18,"key":"PowerPotion"},{"floor":20,"key":"Regen Potion"}],"is_trial":false,"path_per_floor":["M","?","M","$","?","E","M","R","T","M","M","E","$","M","R","B",null,"M","M","?","T","M","R"],"character_chosen":"THE_SILENT","items_purchased":[],"campfire_rested":3,"item_purchase_floors":[],"current_hp_per_floor":[59,66,61,61,61,23,22,43,43,33,30,11,11,8,29,9,57,52,37,37,37,8,29,0],"gold":203,"neow_bonus":"","is_prod":false,"is_daily":false,"chose_seed":false,"campfire_upgraded":0,"win_rate":0,"timestamp":1530840889,"path_taken":["M","?","M","$","?","E","M","R","T","M","M","E","?","M","R","BOSS","M","M","?","?","M","R","E"],"build_version":"2018-06-28","purchased_purges":2,"victory":false,"max_hp_per_floor":[66,73,73,73,73,73,73,73,73,73,73,73,73,73,73,73,73,73,73,73,73,73,73,73],"card_choices":[{"not_picked":["Choke","Underhanded Strike"],"picked":"Deadly Poison","floor":1},{"not_picked":["Finisher","Leg Sweep"],"picked":"Footwork","floor":3},{"not_picked":["Catalyst","Outmaneuver"],"picked":"Tools of the Trade","floor":6},{"not_picked":["Expertise","Prepared"],"picked":"Quick Slash","floor":7},{"not_picked":["Cloak And Dagger","Footwork"],"picked":"Flying Knee","floor":10},{"not_picked":["Backstab","Cloak And Dagger"],"picked":"Noxious Fumes","floor":11},{"not_picked":["Predator","Caltrops"],"picked":"Sucker Punch","floor":12},{"not_picked":["Concentrate","Prepared","Flechettes"],"picked":"SKIP","floor":14},{"not_picked":["Tools of the Trade","Unload"],"picked":"A Thousand Cuts","floor":16},{"not_picked":["Backflip","Dodge and Roll"],"picked":"Infinite Blades","floor":18},{"not_picked":["Expertise+1","Calculated Gamble"],"picked":"Sucker Punch","floor":19},{"not_picked":["Finisher","Masterful Stab"],"picked":"Quick Slash+1","floor":22}],"player_experience":352409,"relics_obtained":[{"floor":6,"key":"Omamori"},{"floor":9,"key":"Boot"},{"floor":12,"key":"Mercury Hourglass"},{"floor":21,"key":"Art of War"}],"event_choices":[{"event_name":"Big Fish","player_choice":"Box","floor":2,"damage_taken":0},{"event_name":"The Cleric","player_choice":"Card Removal","floor":5,"damage_taken":0},{"event_name":"The Lab","player_choice":"Got Potions","floor":20,"damage_taken":0}],"boss_relics":[{"not_picked":["Velvet Choker","Ectoplasm"],"picked":"Cursed Key"}],"items_purged_floors":[4,13],"is_endless":false,"potions_floor_spawned":[1,6,10,16,18],"killed_by":"Slavers","ascension_level":14}