{"gold_per_floor":[116,116,191,191,210,210,225,225,296,310,329,70,86,96,96,201,201,214,214],"floor_reached":19,"playtime":722,"items_purged":[],"score":234,"play_id":"45f6ae61-7597-416b-ad04-f32b5b9e1ea7","local_time":"20180915062539","is_ascension_mode":true,"campfire_choices":[{"data":"White Noise","floor":6,"key":"SMITH"},{"data":"Dualcast","floor":8,"key":"SMITH"},{"data":"Zap","floor":15,"key":"SMITH"}],"neow_cost":"","seed_source_timestamp":57461837092323,"circlet_count":0,"master_deck":["Strike_B","Strike_B","Strike_B","Strike_B","Defend_B","Defend_B","Defend_B","Defend_B","Zap+1","Dualcast+1","White Noise+1","Go for the Eyes","Ball Lightning","Sweeping Beam","Capacitor","Melter","Seek","Ball Lightning","Sweeping Beam","Beam Cell","Double Energy","Sweeping Beam","Loop"],"relics":["Cracked Core","Pear","Ornamental Fan","Orrery"],"potions_floor_usage":[10,13,16],"damage_taken":[{"damage":1,"enemies":"Jaw Worm","floor":1,"turns":4},{"damage":0,"enemies":"Cultist","floor":5,"turns":2},{"damage":0,"enemies":"Small Slimes","floor":7,"turns":3},{"damage":11,"enemies":"Exordium Thugs","floor":10,"turns":5},{"damage":6,"enemies":"Blue Slaver","floor":11,"turns":3},{"damage":0,"enemies":"Lots of Slimes","floor":13,"turns":3},{"damage":5,"enemies":"Red Slaver","floor":14,"turns":2},{"damage":39,"enemies":"Hexaghost","floor":16,"turns":9},{"damage":26,"enemies":"2 Thieves","floor":18,"turns":4},{"damage":48,"enemies":"Masked Bandits","floor":19,"turns":4}],"seed_played":"-860158509382804510","potions_obtained":[{"floor":1,"key":"Energy Potion"},{"floor":10,"key":"Energy Potion"},{"floor":11,"key":"Fruit Juice"}],"is_trial":false,"path_per_floor":["M","$","?","?","M","R","M","R","T","M","M","$","M","M","R","B",null,"M"],"character_chosen":"DEFECT","items_purchased":["Ornamental Fan"],"campfire_rested":0,"item_purchase_floors":[12],"current_hp_per_floor":[67,67,56,56,56,56,56,56,66,55,49,49,54,49,49,10,70,44,0],"gold":214,"neow_bonus":"","is_prod":false,"is_daily":false,"chose_seed":false,"campfire_upgraded":3,"win_rate":0,"timestamp":1536985539,"path_taken":["M","$","?","?","?","R","M","R","T","M","M","$","M","M","R","BOSS","M","?"],"build_version":"2018-09-06","purchased_purges":0,"victory":false,"max_hp_per_floor":[75,75,75,75,75,75,75,75,85,85,85,85,90,90,90,90,90,90,90],"card_choices":[{"not_picked":["Steam","Hello World"],"picked":"White Noise","floor":1},{"not_picked":["Genetic Algorithm","Streamline"],"picked":"Go for the Eyes","floor":5},{"not_picked":["Streamline","Redo","Blizzard"],"picked":"SKIP","floor":7},{"not_picked":["Gash","Beam Cell"],"picked":"Ball Lightning","floor":10},{"not_picked":["Leap","Hologram"],"picked":"Sweeping Beam","floor":11},{"not_picked":["Stack","Streamline"],"picked":"Capacitor","floor":13},{"not_picked":["Leap","Coolheaded"],"picked":"Melter","floor":14},{"not_picked":["All For One","Hyperbeam"],"picked":"Seek","floor":16},{"not_picked":["Gash","Compile Driver"],"picked":"Ball Lightning","floor":17},{"not_picked":["Compile Driver","Gash"],"picked":"Sweeping Beam","floor":17},{"not_picked":["Barrage","Leap"],"picked":"Beam Cell","floor":17},{"not_picked":["Doom and Gloom","Stack"],"picked":"Double Energy","floor":17},{"not_picked":["Steam","Go for the Eyes"],"picked":"Sweeping Beam","floor":17},{"not_picked":["Compile Driver","Sweeping Beam"],"picked":"Loop","floor":18}],"player_experience":180831,"relics_obtained":[{"floor":9,"key":"Pear"}],"event_choices":[{"event_name":"World of Goop","player_choice":"Gather Gold","floor":3,"damage_taken":0},{"event_name":"Golden Wing","player_choice":"Ignored","floor":4,"damage_taken":0},{"event_name":"Masked Bandits","player_choice":"Fought Bandits","floor":19,"damage_taken":0}],"is_beta":false,"boss_relics":[{"not_picked":["Runic Pyramid","FrozenCore"],"picked":"Orrery"}],"items_purged_floors":[],"is_endless":false,"potions_floor_spawned":[1,10,11],"killed_by":"Masked Bandits","ascension_level":6}