{"gold_per_floor":[111,128,148,148,158,158,158,158,158,158,192,32,49,49],"floor_reached":14,"playtime":527,"items_purged":["Strike_B"],"score":176,"play_id":"30a1ade8-8523-48d1-ba39-7cbd084676b0","local_time":"20181029181915","is_ascension_mode":true,"campfire_choices":[{"data":"Zap","floor":6,"key":"SMITH"},{"data":"Consume","floor":8,"key":"SMITH"},{"data":"Panacea","floor":10,"key":"SMITH"}],"neow_cost":"NONE","seed_source_timestamp":261314587094840,"circlet_count":0,"master_deck":["Strike_B","Strike_B","Defend_B","Defend_B","Defend_B","Defend_B","Zap+1","Dualcast","AscendersBane","Panacea+1","Consume+1","Chaos+1","Coolheaded","Defragment","Buffer"],"relics":["Cracked Core","Bag of Marbles","Cables"],"potions_floor_usage":[11],"damage_taken":[{"damage":2,"enemies":"Jaw Worm","floor":1,"turns":3},{"damage":4,"enemies":"Small Slimes","floor":2,"turns":3},{"damage":3,"enemies":"2 Louse","floor":3,"turns":3},{"damage":12,"enemies":"Red Slaver","floor":5,"turns":4},{"damage":15,"enemies":"3 Sentries","floor":11,"turns":8},{"damage":14,"enemies":"3 Louse","floor":13,"turns":2},{"damage":9,"enemies":"Gremlin Nob","floor":14,"turns":2}],"seed_played":"-2293535766074812425","potions_obtained":[{"floor":1,"key":"SpeedPotion"},{"floor":2,"key":"FearPotion"},{"floor":5,"key":"Explosive Potion"}],"is_trial":false,"path_per_floor":["M","M","M","?","M","R","?","R","T","R","E","$","M"],"character_chosen":"DEFECT","items_purchased":["Defragment"],"campfire_rested":0,"item_purchase_floors":[12],"current_hp_per_floor":[62,58,55,55,43,43,36,36,36,36,21,21,7,0],"gold":49,"neow_bonus":"RANDOM_COLORLESS","is_prod":false,"is_daily":false,"chose_seed":false,"campfire_upgraded":3,"win_rate":0,"timestamp":1540833555,"path_taken":["M","M","M","?","M","R","?","R","T","R","E","$","?","E"],"build_version":"2018-10-25v2","purchased_purges":1,"victory":false,"max_hp_per_floor":[71,71,71,71,71,71,71,71,71,71,71,71,71,71],"card_choices":[{"not_picked":["Turbo","Stack"],"picked":"Consume","floor":1},{"not_picked":["Hologram","Redo"],"picked":"Chaos","floor":2},{"not_picked":["Amplify","Compile Driver"],"picked":"Coolheaded","floor":3},{"not_picked":["Rebound","Beam Cell","Compile Driver"],"picked":"SKIP","floor":5},{"not_picked":["Double Energy","Leap","Steam"],"picked":"SKIP","floor":11},{"not_picked":["Steam","Turbo"],"picked":"Buffer","floor":13}],"player_experience":284520,"relics_obtained":[{"floor":9,"key":"Bag of Marbles"},{"floor":11,"key":"Cables"}],"event_choices":[{"damage_healed":0,"gold_gain":0,"player_choice":"Grow","damage_taken":0,"max_hp_gain":0,"max_hp_loss":0,"event_name":"Living Wall","floor":4,"gold_loss":0,"cards_upgraded":["Chaos"]},{"cards_removed":["Strike_B"],"damage_healed":0,"gold_gain":0,"player_choice":"Card Removal","damage_taken":7,"max_hp_gain":0,"max_hp_loss":0,"event_name":"Golden Wing","floor":7,"gold_loss":0}],"is_beta":true,"boss_relics":[],"items_purged_floors":[12],"is_endless":false,"potions_floor_spawned":[1,2,5],"killed_by":"Gremlin Nob","ascension_level":19}