{"path_per_floor":["M","?","M","M","?","R","M","M","T","E","?","?","R","M","R"],"character_chosen":"THE_SILENT","items_purchased":[],"gold_per_floor":[116,116,131,143,218,218,234,244,244,271,271,271,271,291,291],"floor_reached":16,"campfire_rested":0,"playtime":1301,"current_hp_per_floor":[63,63,63,63,52,52,50,48,48,35,35,35,35,35,35],"items_purged":[],"gold":291,"play_id":"a95b96bb-02c6-492d-8381-3afe7b1ae96a","is_prod":false,"is_daily":false,"is_ascension_mode":false,"campfire_upgraded":3,"path_taken":["M","?","M","M","?","R","M","?","T","E","?","?","R","M","R","BOSS"],"build_version":"2018-01-25-PROD3","purchased_purges":0,"victory":false,"master_deck":["Defend_G","Defend_G+1","Defend_G","Defend_G","Defend_G+1","Strike_G","Strike_G","Strike_G","Strike_G","Survivor","Neutralize+1","Dodge and Roll","Flying Knee","Blur","Poisoned Stab+1","Crippling Poison+1","Heel Hook","Bane","Catalyst"],"max_hp_per_floor":[63,63,63,63,63,63,63,63,63,63,63,63,63,63,63],"relics":["Ring of the Snake","Frozen Eye","War Paint","Juzu Bracelet"],"card_choices":[{"not_picked":["Caltrops","Deflect"],"picked":"Dodge and Roll"},{"not_picked":["Dagger Spray","Flechettes"],"picked":"Flying Knee"},{"not_picked":["Well Laid Plans","Choke"],"picked":"Blur"},{"not_picked":["Deflect","Outmaneuver"],"picked":"Poisoned Stab"},{"not_picked":["Dodge and Roll","Flechettes"],"picked":"Crippling Poison"},{"not_picked":["Poisoned Stab","Deadly Poison"],"picked":"Heel Hook"},{"not_picked":["Well Laid Plans","Prepared"],"picked":"Catalyst"}],"player_experience":36265,"potions_floor_usage":[8,16,16],"damage_taken":[{"damage":0,"enemies":"Small Slimes","floor":1,"turns":3},{"damage":0,"enemies":"Jaw Worm","floor":3,"turns":5},{"damage":0,"enemies":"Cultist","floor":4,"turns":4},{"damage":2,"enemies":"Large Slime","floor":7,"turns":9},{"damage":2,"enemies":"Exordium Wildlife","floor":8,"turns":4},{"damage":13,"enemies":"Gremlin Nob","floor":10,"turns":5},{"damage":0,"enemies":"Exordium Thugs","floor":14,"turns":4},{"damage":38,"enemies":"Slime Boss","floor":16,"turns":12}],"event_choices":[{"event_name":"Golden Wing","player_choice":"Ignored","floor":2,"damage_taken":0},{"event_name":"World of Goop","player_choice":"Gather Gold","floor":5,"damage_taken":0},{"event_name":"Living Wall","player_choice":"Change","floor":11,"damage_taken":0},{"event_name":"The Cleric","player_choice":"Leave","floor":12,"damage_taken":0}],"boss_relics":[],"potions_floor_spawned":[1,8,14],"seed_played":"-5405736296656960478","killed_by":"Slime Boss","ascension_level":0,"is_trial":false}