{"path_per_floor":["M","M","M","$","M","R","E","?","T","R","M","M","E","?","R","B",null,"M","?","$","?","M","R","M","M","T","R","M","M","M","M","R","B",null,"M","?","$","?","M","R","M","R","T","M","?","E","M","T","R","B"],"character_chosen":"DEFECT","items_purchased":["Thunder Strike","War Paint","FocusPotion","Block Potion"],"gold_per_floor":[213,229,240,25,42,42,68,33,108,108,118,138,170,170,170,267,267,283,198,47,47,58,58,75,95,146,146,162,175,187,198,198,293,323,338,338,115,115,134,134,154,154,154,166,166,198,209,209,209,209],"floor_reached":51,"campfire_rested":2,"playtime":1711,"item_purchase_floors":[4,20,37,37],"current_hp_per_floor":[74,65,61,61,49,49,37,55,55,55,40,40,30,30,30,26,75,71,71,71,55,47,47,21,7,7,44,41,30,22,19,56,27,80,80,70,70,70,68,68,59,59,59,50,50,30,32,32,32,44],"items_purged":["Strike_B","Defend_B"],"gold":209,"score":757,"play_id":"76499f4f-6321-43b2-86ca-8e51d4471d45","local_time":"20180605174920","is_prod":false,"is_daily":false,"chose_seed":false,"is_ascension_mode":true,"campfire_upgraded":3,"win_rate":1,"timestamp":1528213760,"campfire_choices":[{"data":"Zap","floor":6,"key":"SMITH"},{"data":"Strike_B","floor":10,"key":"PURGE"},{"data":"Strike_B","floor":15,"key":"PURGE"},{"data":"Defend_B","floor":23,"key":"PURGE"},{"floor":27,"key":"REST"},{"floor":32,"key":"REST"},{"data":"Defend_B","floor":40,"key":"PURGE"},{"data":"Redo","floor":42,"key":"SMITH"},{"data":"Seek","floor":49,"key":"SMITH"}],"path_taken":["M","M","M","$","M","R","E","?","T","R","M","M","E","?","R","BOSS","M","?","?","?","M","R","M","M","T","R","M","M","?","?","R","BOSS","M","?","$","?","M","R","M","R","T","M","?","E","M","?","R","BOSS"],"build_version":"2018-05-31","seed_source_timestamp":204011770851681,"purchased_purges":2,"victory":true,"master_deck":["Defend_B+1","Zap+1","Dualcast","Go for the Eyes","Ball Lightning","Ball Lightning","Thunder Strike","Coolheaded","Hologram","Steam","Static Discharge+1","Fission+1","Steam","Necronomicurse","Leap+1","Glacier+1","Redo+1","Electrodynamics+1","Seek+1","Tempest","Coolheaded+1","Dark Shackles","Finesse","Dark Shackles","Glacier+1","Leap+1"],"max_hp_per_floor":[75,75,75,75,75,75,75,75,75,75,75,75,75,75,75,75,75,75,75,75,75,75,75,75,75,75,75,75,75,75,75,75,75,80,80,80,80,80,80,80,80,80,80,80,80,80,80,80,80,80],"relics":["Cracked Core","Peace Pipe","Frozen Egg 2","Happy Flower","Velvet Choker","Regal Pillow","War Paint","Necronomicon","Blood Vial","Tiny House","Pantograph","Oddly Smooth Stone","Bottled Lightning"],"card_choices":[{"not_picked":["Steam","Rebound"],"picked":"Go for the Eyes","floor":1},{"not_picked":["Chill","Compile Driver"],"picked":"Ball Lightning","floor":2},{"not_picked":["Compile Driver","Stack"],"picked":"Ball Lightning","floor":3},{"not_picked":["Creative AI","Sweeping Beam"],"picked":"Coolheaded","floor":5},{"not_picked":["Consume","Heatsinks"],"picked":"Hologram","floor":7},{"not_picked":["Hello World+1","Barrage"],"picked":"Steam","floor":11},{"not_picked":["Darkness","Beam Cell"],"picked":"Static Discharge+1","floor":12},{"not_picked":["Hologram","Barrage","Gash"],"picked":"SKIP","floor":13},{"not_picked":["Amplify","Reboot"],"picked":"Fission","floor":16},{"not_picked":["Consume","Stack"],"picked":"Steam","floor":18},{"not_picked":["Darkness","Cold Snap"],"picked":"Leap+1","floor":22},{"not_picked":["Genetic Algorithm+1","Chaos","Go for the Eyes"],"picked":"SKIP","floor":24},{"not_picked":["Conserve Battery+1","Compile Driver"],"picked":"Loop+1","floor":25},{"not_picked":["Barrage","Go for the Eyes","Streamline+1"],"picked":"SKIP","floor":28},{"not_picked":["Tempest","Ball Lightning+1"],"picked":"Glacier","floor":29},{"not_picked":["Rebound","Streamline+1"],"picked":"Redo","floor":30},{"not_picked":["Barrage","Steam"],"picked":"Electrodynamics+1","floor":31},{"not_picked":["Fission","Rainbow"],"picked":"Seek","floor":33},{"not_picked":["Reprogram","Steam"],"picked":"Tempest","floor":34},{"not_picked":["Compile Driver+1","Hologram+1"],"picked":"Coolheaded+1","floor":35},{"not_picked":["Secret Technique","Blind"],"picked":"Dark Shackles","floor":36},{"not_picked":["Thinking Ahead","Blind"],"picked":"Finesse","floor":36},{"not_picked":["Purity","Panache+1"],"picked":"Dark Shackles","floor":36},{"not_picked":["Gash+1","Go for the Eyes+1","Rebound"],"picked":"SKIP","floor":39},{"not_picked":["Genetic Algorithm+1","Darkness","Streamline"],"picked":"SKIP","floor":41},{"not_picked":["Hologram","FTL+1"],"picked":"Glacier+1","floor":44},{"not_picked":["Hologram","Streamline+1"],"picked":"Leap+1","floor":46},{"not_picked":["Compile Driver","Coolheaded","Hello World+1"],"picked":"SKIP","floor":47}],"player_experience":346283,"potions_floor_usage":[13,16,16,25,31,31,50],"damage_taken":[{"damage":1,"enemies":"Cultist","floor":1,"turns":3},{"damage":9,"enemies":"Small Slimes","floor":2,"turns":3},{"damage":4,"enemies":"Jaw Worm","floor":3,"turns":2},{"damage":12,"enemies":"Blue Slaver","floor":5,"turns":4},{"damage":12,"enemies":"Lagavulin","floor":7,"turns":5},{"damage":15,"enemies":"Lots of Slimes","floor":11,"turns":3},{"damage":0,"enemies":"2 Fungi Beasts","floor":12,"turns":3},{"damage":10,"enemies":"3 Sentries","floor":13,"turns":3},{"damage":4,"enemies":"Slime Boss","floor":16,"turns":6},{"damage":4,"enemies":"Spheric Guardian","floor":18,"turns":3},{"damage":8,"enemies":"2 Thieves","floor":22,"turns":3},{"damage":26,"enemies":"3 Cultists","floor":24,"turns":5},{"damage":14,"enemies":"Slaver and Parasite","floor":25,"turns":3},{"damage":5,"enemies":"Centurion and Healer","floor":28,"turns":5},{"damage":13,"enemies":"Snake Plant","floor":29,"turns":2},{"damage":10,"enemies":"Snecko","floor":30,"turns":4},{"damage":5,"enemies":"3 Cultists","floor":31,"turns":5},{"damage":31,"enemies":"Collector","floor":33,"turns":5},{"damage":0,"enemies":"3 Shapes","floor":35,"turns":3},{"damage":4,"enemies":"Orb Walker","floor":39,"turns":5},{"damage":11,"enemies":"4 Shapes","floor":41,"turns":3},{"damage":11,"enemies":"Maw","floor":44,"turns":6},{"damage":22,"enemies":"Giant Head","floor":46,"turns":6},{"damage":0,"enemies":"Sphere and 2 Shapes","floor":47,"turns":3},{"damage":15,"enemies":"Donu and Deca","floor":50,"turns":5}],"relics_obtained":[{"floor":7,"key":"Peace Pipe"},{"floor":9,"key":"Frozen Egg 2"},{"floor":13,"key":"Happy Flower"},{"floor":21,"key":"Necronomicon"},{"floor":26,"key":"Blood Vial"},{"floor":43,"key":"Pantograph"},{"floor":46,"key":"Oddly Smooth Stone"},{"floor":48,"key":"Bottled Lightning"}],"event_choices":[{"event_name":"The Cleric","player_choice":"Healed","floor":8,"damage_taken":0},{"event_name":"Purifier","player_choice":"One Purge","floor":14,"damage_taken":0},{"event_name":"Addict","player_choice":"Obtained Relic","floor":19,"damage_taken":0},{"event_name":"Cursed Tome","player_choice":"Obtained Book","floor":21,"damage_taken":0},{"event_name":"SensoryStone","player_choice":"Memory 3","floor":36,"damage_taken":0},{"event_name":"Mysterious Sphere","player_choice":"Ignore","floor":38,"damage_taken":0}],"boss_relics":[{"not_picked":["Sozu","Calling Bell"],"picked":"Velvet Choker"},{"not_picked":["Pandora\u0027s Box","Philosopher\u0027s Stone"],"picked":"Tiny House"}],"items_purged_floors":[4,37],"potions_floor_spawned":[11,12,13,22,24,29,39,44],"seed_played":"-4381371650870408883","ascension_level":2,"potions_obtained":[{"floor":11,"key":"GamblersBrew"},{"floor":12,"key":"FocusPotion"},{"floor":13,"key":"SkillPotion"},{"floor":22,"key":"Dexterity Potion"},{"floor":24,"key":"AttackPotion"},{"floor":29,"key":"Dexterity Potion"},{"floor":34,"key":"Fire Potion"}],"is_trial":false}