{"path_per_floor":["M","?","M","?","?","R","E","$","T","M","M","M","$","?","R","B",null,"M","M","M","M","?","R","M","E","T","R","$","M","?","?","R","B",null,"M","M","M","M","$","R","$","R","T","M","?","R","M","M","R","B"],"character_chosen":"IRONCLAD","items_purchased":["Feel No Pain","Shrug It Off","Sever Soul","Havoc","Happy Flower"],"gold_per_floor":[18,18,32,32,32,32,62,22,99,112,125,137,16,16,16,89,89,101,112,125,141,56,56,76,108,134,134,17,29,29,29,29,108,108,120,140,158,176,176,176,27,27,98,110,110,110,126,140,140,140],"floor_reached":51,"campfire_rested":2,"playtime":2294,"current_hp_per_floor":[61,56,62,62,62,62,15,15,15,21,27,30,30,30,30,28,63,66,54,73,63,63,63,70,16,16,38,38,44,44,23,45,49,69,73,78,58,84,84,84,84,84,84,84,69,69,72,79,79,59],"items_purged":["Strike_R"],"gold":140,"score":1137,"play_id":"bbd60ec6-e1eb-47ab-adc4-8c0740e77f74","local_time":"20180414125859","is_prod":false,"is_daily":false,"chose_seed":false,"is_ascension_mode":true,"campfire_upgraded":7,"timestamp":1523703539,"path_taken":["M","?","M","?","?","R","E","?","T","M","?","M","$","?","R","BOSS","M","M","M","M","?","R","?","E","T","R","$","M","?","?","R","BOSS","M","M","?","M","$","R","$","R","T","M","?","R","?","M","R","BOSS"],"build_version":"2018-04-12","seed_source_timestamp":6206894378646,"purchased_purges":2,"victory":true,"master_deck":["Strike_R","Strike_R","Strike_R","Defend_R","Defend_R","Defend_R","Bash+1","AscendersBane","Headbutt","Uppercut+1","Feel No Pain+1","Immolate","Shockwave+1","Flame Barrier+1","Shrug It Off","Reaper","Spot Weakness","Headbutt+1","Immolate","Shrug It Off","Havoc","Sever Soul","Havoc","Power Through","Feed","True Grit+1","Double Tap+1","Madness","Madness","Shrug It Off+1"],"max_hp_per_floor":[75,75,75,75,75,75,75,75,75,75,75,75,75,75,75,75,75,75,75,75,75,75,75,75,75,75,75,75,75,75,75,75,75,75,75,78,78,84,84,84,84,84,84,84,84,84,87,90,90,90],"relics":["Burning Blood","Oddly Smooth Stone","Art of War","Self Forming Clay","Velvet Choker","Red Skull","Champion Belt","Prayer Wheel","Nilry\u0027s Codex","Snecko Eye","Happy Flower","Gremlin Horn"],"card_choices":[{"not_picked":["Pommel Strike","Whirlwind"],"picked":"Headbutt","floor":3},{"not_picked":["Clash","Evolve"],"picked":"Uppercut","floor":7},{"not_picked":["Clash","Flex"],"picked":"Immolate","floor":10},{"not_picked":["Twin Strike","Thunderclap"],"picked":"Shockwave","floor":11},{"not_picked":["Twin Strike","True Grit"],"picked":"Flame Barrier","floor":12},{"not_picked":["Dark Embrace","Immolate"],"picked":"Reaper","floor":16},{"not_picked":["Body Slam","Pommel Strike"],"picked":"Spot Weakness","floor":19},{"not_picked":["Whirlwind","Cleave"],"picked":"Headbutt","floor":20},{"not_picked":["Clash","Perfected Strike"],"picked":"Immolate","floor":21},{"not_picked":["Body Slam","Clash"],"picked":"Shrug It Off","floor":24},{"not_picked":["Uppercut","Shockwave"],"picked":"Havoc","floor":25},{"not_picked":["Armaments","Disarm"],"picked":"Power Through","floor":29},{"not_picked":["Immolate","Impervious"],"picked":"Feed","floor":33},{"not_picked":["Perfected Strike","Disarm"],"picked":"True Grit","floor":38},{"not_picked":["Anger","Reckless Charge"],"picked":"Double Tap","floor":44},{"not_picked":["Evolve","Sentinel"],"picked":"Shrug It Off","floor":48}],"player_experience":307606,"potions_floor_usage":[16,20,24,33,33,50],"damage_taken":[{"damage":13,"enemies":"Jaw Worm","floor":1,"turns":4},{"damage":0,"enemies":"Small Slimes","floor":3,"turns":3},{"damage":53,"enemies":"Lagavulin","floor":7,"turns":8},{"damage":0,"enemies":"Cultist","floor":10,"turns":3},{"damage":0,"enemies":"3 Louse","floor":11,"turns":1},{"damage":3,"enemies":"2 Fungi Beasts","floor":12,"turns":3},{"damage":8,"enemies":"The Guardian","floor":16,"turns":14},{"damage":9,"enemies":"2 Thieves","floor":18,"turns":4},{"damage":18,"enemies":"Spheric Guardian","floor":19,"turns":5},{"damage":5,"enemies":"3 Cultists","floor":20,"turns":4},{"damage":16,"enemies":"Snecko","floor":21,"turns":5},{"damage":6,"enemies":"Chosen and Byrds","floor":24,"turns":4},{"damage":72,"enemies":"Gremlin Leader","floor":25,"turns":9},{"damage":24,"enemies":"3 Cultists","floor":29,"turns":5},{"damage":57,"enemies":"Collector","floor":33,"turns":10},{"damage":2,"enemies":"3 Shapes","floor":35,"turns":5},{"damage":2,"enemies":"Orb Walker","floor":36,"turns":4},{"damage":26,"enemies":"Maw","floor":37,"turns":7},{"damage":2,"enemies":"4 Shapes","floor":38,"turns":5},{"damage":0,"enemies":"3 Darklings","floor":44,"turns":4},{"damage":6,"enemies":"Maw","floor":47,"turns":6},{"damage":18,"enemies":"4 Shapes","floor":48,"turns":5},{"damage":43,"enemies":"Awakened One","floor":50,"turns":15}],"event_choices":[{"event_name":"Scrap Ooze","player_choice":"success","floor":2,"damage_taken":5},{"event_name":"The Cleric","player_choice":"Leave","floor":4,"damage_taken":0},{"event_name":"Liars Game","player_choice":"disagreed","floor":5,"damage_taken":0},{"event_name":"Dead Adventurer","player_choice":"Searched \u00271\u0027 times","floor":14,"damage_taken":0},{"event_name":"Addict","player_choice":"Obtained Relic","floor":22,"damage_taken":0},{"event_name":"Drug Dealer","player_choice":"Ignored","floor":30,"damage_taken":0},{"event_name":"Cursed Tome","player_choice":"Obtained Book","floor":31,"damage_taken":0},{"event_name":"Winding Halls","player_choice":"Embrace Madness","floor":45,"damage_taken":0}],"boss_relics":[{"not_picked":["Calling Bell","Runic Dome"],"picked":"Velvet Choker"},{"not_picked":["Black Star","Orrery"],"picked":"Snecko Eye"}],"potions_floor_spawned":[3,16,19,20,25,33,35,37,48],"seed_played":"-7849692612909082217","ascension_level":15,"is_trial":false}