{"gold_per_floor":[110,110,110,163,179,179,198,198,277,290,305,330,330,371,371,466,466,484,509,509,1,1,1,25,25,25,25,25,25,40,40],"floor_reached":31,"playtime":1239,"items_purged":["Strike_B"],"score":435,"play_id":"5b8fc7e1-b628-499e-ab71-3107bc4912ac","local_time":"20180924044957","is_ascension_mode":true,"campfire_choices":[{"data":"Dualcast","floor":6,"key":"SMITH"},{"floor":13,"key":"REST"},{"data":"Zap","floor":15,"key":"SMITH"},{"floor":23,"key":"REST"},{"floor":25,"key":"REST"},{"floor":27,"key":"REST"},{"data":"Buffer","floor":29,"key":"SMITH"}],"neow_cost":"","seed_source_timestamp":748471723724272,"circlet_count":0,"master_deck":["Strike_B","Strike_B","Defend_B","Defend_B","Defend_B","Zap+1","Dualcast+1","AscendersBane","Biased Cognition","Self Repair","Self Repair","Ball Lightning","Ball Lightning","Buffer+1","Ball Lightning","Leap","Capacitor","Injury","Writhe","Go for the Eyes+1"],"relics":["Cracked Core","Golden Idol","Strawberry","Gremlin Horn","Question Card","Mango","Cursed Key","FossilizedHelix","Letter Opener","Smiling Mask"],"potions_floor_usage":[14,16],"damage_taken":[{"damage":6,"enemies":"2 Louse","floor":1,"turns":3},{"damage":4,"enemies":"Jaw Worm","floor":5,"turns":3},{"damage":0,"enemies":"Cultist","floor":7,"turns":2},{"damage":13,"enemies":"3 Louse","floor":10,"turns":3},{"damage":19,"enemies":"Lots of Slimes","floor":11,"turns":4},{"damage":13,"enemies":"2 Fungi Beasts","floor":12,"turns":3},{"damage":24,"enemies":"Gremlin Nob","floor":14,"turns":4},{"damage":47,"enemies":"Hexaghost","floor":16,"turns":6},{"damage":47,"enemies":"3 Byrds","floor":18,"turns":4},{"damage":12,"enemies":"Chosen","floor":19,"turns":3},{"damage":27,"enemies":"Colosseum Slavers","floor":22,"turns":4},{"damage":27,"enemies":"Snecko","floor":24,"turns":6},{"damage":26,"enemies":"Chosen and Byrds","floor":30,"turns":7},{"damage":91,"enemies":"3 Cultists","floor":31,"turns":5}],"seed_played":"-8680006065734353845","potions_obtained":[{"floor":1,"key":"FearPotion"},{"floor":7,"key":"FocusPotion"}],"is_trial":false,"path_per_floor":["M","?","?","T","M","R","M","T","T","M","M","M","R","E","R","B",null,"M","M","?","$","?","R","M","R","T","R","?","R","M"],"character_chosen":"DEFECT","items_purchased":["Capacitor","FossilizedHelix"],"campfire_rested":4,"item_purchase_floors":[21,21],"current_hp_per_floor":[58,58,58,65,61,61,61,61,61,55,43,44,65,69,69,29,71,38,40,40,40,27,52,39,64,64,85,85,85,73,0],"gold":40,"neow_bonus":"","is_prod":false,"is_daily":false,"chose_seed":false,"campfire_upgraded":3,"win_rate":0,"timestamp":1537757397,"path_taken":["M","?","?","?","M","R","M","?","T","M","?","M","R","E","R","BOSS","M","M","?","$","?","R","M","R","T","R","?","R","?","M"],"build_version":"2018-09-20","purchased_purges":1,"victory":false,"max_hp_per_floor":[71,64,64,71,71,71,71,71,71,71,71,71,71,85,85,85,85,85,85,85,85,85,85,85,85,85,85,85,85,85,85],"card_choices":[{"not_picked":["Double Energy","Hello World","Chill"],"picked":"SKIP","floor":1},{"not_picked":["Hello World","Chill","Beam Cell"],"picked":"SKIP","floor":5},{"not_picked":["Rip and Tear","Darkness"],"picked":"Self Repair","floor":7},{"not_picked":["Turbo","Streamline","Recycle","Sweeping Beam"],"picked":"SKIP","floor":10},{"not_picked":["Genetic Algorithm","Conserve Battery","Darkness"],"picked":"Self Repair","floor":11},{"not_picked":["Beam Cell","Hologram","Melter"],"picked":"Ball Lightning","floor":12},{"not_picked":["Buffer","Storm","Redo"],"picked":"Ball Lightning","floor":14},{"not_picked":["Meteor Strike","Fission","Machine Learning"],"picked":"Buffer","floor":16},{"not_picked":["Storm","Loop","Cold Snap"],"picked":"Ball Lightning","floor":18},{"not_picked":["Coolheaded","Skim","Turbo"],"picked":"Leap","floor":19},{"not_picked":["Genetic Algorithm","Recycle","Steam","Self Repair"],"picked":"SKIP","floor":24},{"not_picked":["Turbo","All For One","Static Discharge"],"picked":"Go for the Eyes+1","floor":30}],"player_experience":613045,"relics_obtained":[{"floor":4,"key":"Strawberry"},{"floor":8,"key":"Gremlin Horn"},{"floor":9,"key":"Question Card"},{"floor":14,"key":"Mango"},{"floor":26,"key":"Letter Opener"}],"event_choices":[{"event_name":"Golden Idol","player_choice":"Lose Max HP","floor":2,"damage_taken":0},{"event_name":"Transmorgrifier","player_choice":"Transform","floor":3,"damage_taken":0},{"event_name":"Back to Basics","player_choice":"Elegance","floor":20,"damage_taken":0},{"event_name":"Colosseum","player_choice":"Fight","floor":22,"damage_taken":0},{"event_name":"Colosseum","player_choice":"Fled From Nobs","floor":22,"damage_taken":0},{"event_name":"The Mausoleum","player_choice":"Yes","floor":28,"damage_taken":0}],"is_beta":false,"boss_relics":[{"not_picked":["Black Star","Calling Bell"],"picked":"Cursed Key"}],"items_purged_floors":[21],"is_endless":false,"potions_floor_spawned":[1,7,11,12,22],"killed_by":"3 Cultists","ascension_level":17}