{"gold_per_floor":[114,133,133,18,72,72,107,107,107,107,120,136,136,165,165,264,314,325,325,24,36,36,36,62,62,62,97,197,224,235,245,245,245],"floor_reached":33,"playtime":1495,"items_purged":["Defend_G"],"score":495,"play_id":"4ca1233f-bc6b-477b-a8bf-991e82b72284","local_time":"20181207005637","is_ascension_mode":true,"campfire_choices":[{"data":"Neutralize","floor":6.0,"key":"SMITH"},{"data":"Footwork","floor":8.0,"key":"SMITH"},{"data":"Noxious Fumes","floor":10.0,"key":"SMITH"},{"data":"Footwork","floor":15.0,"key":"SMITH"},{"data":"Accuracy","floor":23.0,"key":"SMITH"},{"data":"After Image","floor":25.0,"key":"SMITH"},{"floor":32,"key":"REST"}],"neow_cost":"NONE","seed_source_timestamp":472889403790752,"circlet_count":0,"master_deck":["Defend_G+1","Defend_G","Defend_G","Defend_G","Strike_G","Strike_G","Strike_G","Strike_G","Strike_G","Survivor+1","Neutralize+1","Poisoned Stab","Cloak And Dagger+1","Dash","Noxious Fumes+1","Footwork+1","Footwork+1","Backstab","Escape Plan","After Image+1","Dodge and Roll","Accuracy+1","Writhe","Tools of the Trade","Blade Dance","Footwork","Poisoned Stab+1"],"special_seed":0,"relics":["Ring of the Snake","Strawberry","Regal Pillow","Dodecahedron","Ninja Scroll","The Courier","Tiny House","Snake Skull","ClockworkSouvenir","Singing Bowl","Omamori","Ice Cream","Bag of Marbles","Dead Branch","Sundial","Vajra"],"potions_floor_usage":[31,31],"damage_taken":[{"damage":6.0,"enemies":"Jaw Worm","floor":1.0,"turns":6.0},{"damage":1.0,"enemies":"Cultist","floor":2.0,"turns":3.0},{"damage":24.0,"enemies":"Gremlin Nob","floor":7.0,"turns":4.0},{"damage":0.0,"enemies":"Small Slimes","floor":11.0,"turns":2.0},{"damage":0.0,"enemies":"2 Fungi Beasts","floor":12.0,"turns":5.0},{"damage":14.0,"enemies":"Lagavulin","floor":14.0,"turns":6.0},{"damage":1.0,"enemies":"The Guardian","floor":16.0,"turns":11.0},{"damage":0.0,"enemies":"Chosen","floor":18.0,"turns":6.0},{"damage":0.0,"enemies":"3 Byrds","floor":21.0,"turns":6.0},{"damage":7.0,"enemies":"Book of Stabbing","floor":24.0,"turns":7.0},{"damage":37.0,"enemies":"Gremlin Leader","floor":27.0,"turns":9.0},{"damage":7.0,"enemies":"Colosseum Slavers","floor":28.0,"turns":3.0},{"damage":13.0,"enemies":"Colosseum Nobs","floor":28.0,"turns":8.0},{"damage":0.0,"enemies":"Book of Stabbing","floor":29.0,"turns":6.0},{"damage":5,"enemies":"Sentry and Sphere","floor":30,"turns":6},{"damage":0,"enemies":"Snake Plant","floor":31,"turns":4},{"damage":68,"enemies":"Automaton","floor":33,"turns":10}],"seed_played":"-4429315946043085521","potions_obtained":[{"floor":2.0,"key":"SteroidPotion"},{"floor":7.0,"key":"Regen Potion"},{"floor":17.0,"key":"Fire Potion"},{"floor":24.0,"key":"Explosive Potion"},{"floor":28.0,"key":"SteroidPotion"},{"floor":29.0,"key":"EssenceOfSteel"},{"floor":30,"key":"Regen Potion"}],"is_trial":false,"path_per_floor":["M","M","?","$","T","R","E","R","T","R","M","M","?","E","R","B",null,"M","?","$","M","?","R","E","R","T","E","?","E","M","M","R","B"],"character_chosen":"THE_SILENT","items_purchased":["Noxious Fumes","Snake Skull","ClockworkSouvenir","Dodge and Roll"],"campfire_rested":1,"item_purchase_floors":[4,20,20,20],"current_hp_per_floor":[64,63,63,63,63,63,39,39,39,39,39,39,24,25,25,24,69,69,69,69,69,69,69,62,62,62,25,5,7,2,18,58,0],"gold":245,"neow_bonus":"RANDOM_COMMON_RELIC","is_prod":false,"is_daily":false,"chose_seed":false,"campfire_upgraded":6,"win_rate":0,"timestamp":1544162197,"path_taken":["M","M","?","?","?","R","E","R","T","R","M","M","?","E","R","BOSS","M","?","$","M","?","R","E","R","T","E","?","E","M","M","R","BOSS"],"build_version":"2018-12-06","purchased_purges":1,"victory":false,"max_hp_per_floor":[77,77,77,77,77,77,77,77,77,77,77,77,77,77,77,77,82,82,82,82,82,82,82,82,82,82,82,82,84,84,86,86,86],"card_choices":[{"not_picked":["Sucker Punch","Outmaneuver"],"picked":"Poisoned Stab","floor":1.0},{"not_picked":["Backflip","Dodge and Roll"],"picked":"Cloak And Dagger","floor":2.0},{"not_picked":["PiercingWail","Venomology"],"picked":"Footwork","floor":7.0},{"not_picked":["Leg Sweep","Sucker Punch"],"picked":"Footwork","floor":11.0},{"not_picked":["Dagger Spray","Prepared"],"picked":"Backstab","floor":12.0},{"not_picked":["Backflip","Bane"],"picked":"Escape Plan","floor":14.0},{"not_picked":["Wraith Form v2","Doppelganger"],"picked":"After Image","floor":16.0},{"not_picked":["Masterful Stab","Endless Agony","Flying Knee"],"picked":"SKIP","floor":18.0},{"not_picked":["PiercingWail","Cloak And Dagger"],"picked":"Accuracy","floor":21.0},{"not_picked":["Backstab","Dagger Spray"],"picked":"Tools of the Trade","floor":24.0},{"not_picked":["Deadly Poison+1","Predator"],"picked":"Blade Dance","floor":27.0},{"not_picked":["Dodge and Roll","Sucker Punch"],"picked":"Footwork","floor":28.0},{"not_picked":["Burst","Deflect","Underhanded Strike"],"picked":"Singing Bowl","floor":29.0},{"not_picked":["Catalyst","Dagger Spray"],"picked":"Poisoned Stab+1","floor":30},{"not_picked":["Flying Knee","Dagger Throw","Setup+1"],"picked":"Singing Bowl","floor":31}],"player_experience":521993,"relics_obtained":[{"floor":5.0,"key":"Regal Pillow"},{"floor":7.0,"key":"Dodecahedron"},{"floor":9.0,"key":"Ninja Scroll"},{"floor":14.0,"key":"The Courier"},{"floor":24.0,"key":"Omamori"},{"floor":26.0,"key":"Ice Cream"},{"floor":27.0,"key":"Bag of Marbles"},{"floor":28.0,"key":"Dead Branch"},{"floor":28.0,"key":"Sundial"},{"floor":29.0,"key":"Vajra"}],"event_choices":[{"damage_healed":0.0,"max_hp_gain":0.0,"max_hp_loss":0.0,"gold_gain":0.0,"event_name":"Match and Keep!","player_choice":"1 cards matched","floor":3.0,"gold_loss":0.0,"damage_taken":0.0,"cards_obtained":["Dash"]},{"damage_healed":0.0,"max_hp_gain":0.0,"max_hp_loss":0.0,"gold_gain":0.0,"event_name":"Shining Light","player_choice":"Entered Light","floor":13.0,"gold_loss":0.0,"damage_taken":15.0,"cards_upgraded":["Defend_G","Cloak And Dagger"]},{"damage_healed":0.0,"max_hp_gain":0.0,"max_hp_loss":0.0,"gold_gain":0.0,"event_name":"Vampires","player_choice":"Ignored","floor":19.0,"gold_loss":0.0,"damage_taken":0.0},{"damage_healed":0.0,"max_hp_gain":0.0,"max_hp_loss":0.0,"gold_gain":0.0,"event_name":"The Mausoleum","player_choice":"Opened","floor":22.0,"gold_loss":0.0,"damage_taken":0.0,"relics_obtained":["Singing Bowl"],"cards_obtained":["Writhe"]},{"damage_healed":0.0,"max_hp_gain":0.0,"max_hp_loss":0.0,"gold_gain":0.0,"event_name":"Colosseum","player_choice":"Fight","floor":28.0,"gold_loss":0.0,"damage_taken":0.0},{"damage_healed":0.0,"max_hp_gain":0.0,"max_hp_loss":0.0,"gold_gain":0.0,"event_name":"Colosseum","player_choice":"Fought Nobs","floor":28.0,"gold_loss":0.0,"damage_taken":0.0}],"is_beta":true,"boss_relics":[{"not_picked":["Runic Pyramid","Fusion Hammer"],"picked":"Tiny House"}],"items_purged_floors":[4],"is_endless":false,"potions_floor_spawned":[2,7,24,28,28,29,30],"killed_by":"Automaton","ascension_level":8}