{"gold_per_floor":[116,127,0,0,17,17,27,27,27,27,62,62,91,105,105,205,205,216,216,232,248,55,55,55,55,85,85,159,172,172,191,191,191],"floor_reached":33,"playtime":1112,"items_purged":[],"score":408,"play_id":"10e917a8-dd41-4755-a85f-b8041f105a51","local_time":"20180918023514","is_ascension_mode":true,"campfire_choices":[{"data":"Zap","floor":6,"key":"SMITH"},{"floor":8,"key":"REST"},{"data":"Dualcast","floor":10,"key":"SMITH"},{"floor":15,"key":"REST"},{"floor":23,"key":"REST"},{"floor":25,"key":"REST"},{"floor":27,"key":"REST"},{"floor":30,"key":"REST"},{"floor":32,"key":"REST"}],"neow_cost":"","seed_source_timestamp":222110292656225,"circlet_count":0,"master_deck":["Strike_B","Strike_B","Strike_B","Strike_B","Defend_B","Defend_B","Defend_B","Defend_B","Zap+1","Dualcast+1","AscendersBane","Sunder","Darkness","Conserve Battery","Rip and Tear","Reinforced Body","Gash+1","Self Repair","Echo Form","Gash","Gash","Parasite","Clumsy","Gash"],"relics":["Cracked Core","Symbiotic Virus","Letter Opener","Peace Pipe","Cursed Key","Vajra","Toy Ornithopter","Tiny Chest","Dodecahedron"],"potions_floor_usage":[11,11,21,24,31],"damage_taken":[{"damage":8,"enemies":"Jaw Worm","floor":1,"turns":4},{"damage":3,"enemies":"Small Slimes","floor":2,"turns":3},{"damage":0,"enemies":"2 Louse","floor":5,"turns":3},{"damage":16,"enemies":"Large Slime","floor":7,"turns":4},{"damage":12,"enemies":"Gremlin Nob","floor":11,"turns":3},{"damage":20,"enemies":"Lagavulin","floor":13,"turns":4},{"damage":8,"enemies":"3 Louse","floor":14,"turns":4},{"damage":38,"enemies":"Hexaghost","floor":16,"turns":8},{"damage":35,"enemies":"2 Thieves","floor":18,"turns":5},{"damage":11,"enemies":"Spheric Guardian","floor":20,"turns":3},{"damage":27,"enemies":"Shelled Parasite and Fungi","floor":21,"turns":5},{"damage":15,"enemies":"Colosseum Slavers","floor":24,"turns":5},{"damage":72,"enemies":"Cultist and Chosen","floor":29,"turns":8},{"damage":42,"enemies":"Snake Plant","floor":31,"turns":7},{"damage":35,"enemies":"Collector","floor":33,"turns":2}],"seed_played":"5927403502138397481","potions_obtained":[{"floor":1,"key":"FearPotion"},{"floor":5,"key":"PowerPotion"},{"floor":20,"key":"PowerPotion"},{"floor":21,"key":"GamblersBrew"},{"floor":29,"key":"EssenceOfSteel"}],"is_trial":false,"path_per_floor":["M","M","$","?","M","R","M","R","T","R","E","?","E","M","R","B",null,"M","?","M","M","$","R","?","R","T","R","T","M","R","M","R"],"character_chosen":"DEFECT","items_purchased":["Conserve Battery","Rip and Tear","Toy Ornithopter"],"campfire_rested":7,"item_purchase_floors":[3,3,22],"current_hp_per_floor":[60,57,57,57,57,57,41,63,63,63,51,51,31,30,52,21,62,34,34,37,17,17,39,36,58,58,75,75,17,39,9,31,0],"gold":191,"neow_bonus":"","is_prod":false,"is_daily":false,"chose_seed":false,"campfire_upgraded":2,"win_rate":0,"timestamp":1537230914,"path_taken":["M","M","$","?","M","R","M","R","T","R","E","?","E","M","R","BOSS","M","?","M","?","$","R","?","R","T","R","?","M","R","M","R","BOSS"],"build_version":"2018-09-06","purchased_purges":0,"victory":false,"max_hp_per_floor":[75,75,75,75,75,75,75,75,75,75,75,75,75,75,75,75,75,75,75,75,75,75,75,75,75,75,75,75,75,75,75,75,75],"card_choices":[{"not_picked":["Genetic Algorithm","Ball Lightning"],"picked":"Sunder","floor":1},{"not_picked":["Steam","Coolheaded"],"picked":"Darkness","floor":2},{"not_picked":["Skim","Stack","Redo"],"picked":"SKIP","floor":5},{"not_picked":["Barrage","Rebound"],"picked":"Reinforced Body","floor":7},{"not_picked":["Lockon","Heatsinks"],"picked":"Gash","floor":11},{"not_picked":["Undo","Doom and Gloom"],"picked":"Self Repair","floor":13},{"not_picked":["Beam Cell","Heatsinks","Thunder Strike"],"picked":"SKIP","floor":14},{"not_picked":["Amplify","Hyperbeam"],"picked":"Echo Form","floor":16},{"not_picked":["Coolheaded","Conserve Battery"],"picked":"Gash","floor":18},{"not_picked":["Cold Snap+1","Stack"],"picked":"Gash","floor":20},{"not_picked":["Turbo","Sweeping Beam","Scrape+1"],"picked":"SKIP","floor":21},{"not_picked":["Ball Lightning","Loop"],"picked":"Gash","floor":29},{"not_picked":["Leap","Cold Snap","Ball Lightning"],"picked":"SKIP","floor":31}],"player_experience":321531,"relics_obtained":[{"floor":9,"key":"Symbiotic Virus"},{"floor":11,"key":"Letter Opener"},{"floor":13,"key":"Peace Pipe"},{"floor":26,"key":"Tiny Chest"},{"floor":28,"key":"Dodecahedron"}],"event_choices":[{"event_name":"World of Goop","player_choice":"Left","floor":4,"damage_taken":0},{"event_name":"Living Wall","player_choice":"Grow","floor":12,"damage_taken":0},{"event_name":"The Mausoleum","player_choice":"Yes","floor":19,"damage_taken":0},{"event_name":"Colosseum","player_choice":"Fight","floor":24,"damage_taken":0},{"event_name":"Colosseum","player_choice":"Fled From Nobs","floor":24,"damage_taken":0}],"is_beta":false,"boss_relics":[{"not_picked":["Fusion Hammer","Coffee Dripper"],"picked":"Cursed Key"}],"items_purged_floors":[],"is_endless":false,"potions_floor_spawned":[1,5,20,21,24,29],"killed_by":"Collector","ascension_level":10}