{"gold_per_floor":[365,71,71,71,109,134,134,149,173,226,226,22,22,60,60,161,161,172,97,117,117,153,153,210,61,61,79,123,177,202,228,228,228],"floor_reached":33,"playtime":1486,"items_purged":["Strike_B"],"score":498,"play_id":"09a35e59-1177-49f0-a0dc-a70a14f47366","local_time":"20190325212037","is_ascension_mode":true,"campfire_choices":[{"data":"Zap","floor":7,"key":"SMITH"},{"floor":13,"key":"REST"},{"data":"HandOfGreed","floor":15,"key":"SMITH"},{"data":"Electrodynamics","floor":23,"key":"SMITH"},{"floor":32,"key":"REST"}],"neow_cost":"TEN_PERCENT_HP_LOSS","seed_source_timestamp":1037335190356000,"circlet_count":0,"master_deck":["AscendersBane","Strike_B","Strike_B","Strike_B","Defend_B","Defend_B","Defend_B","Defend_B","Zap+1","Dualcast","Cold Snap","HandOfGreed+1","Doom and Gloom+1","Cold Snap","Electrodynamics+1","Hologram","Self Repair","Glacier","Capacitor","Glacier"],"relics":["FrozenCore","Tiny Chest","Mercury Hourglass","Art of War","Pen Nib","Lantern","ClockworkSouvenir","Mummified Hand","Blood Vial","Sundial","Juzu Bracelet"],"potions_floor_usage":[29,33],"damage_taken":[{"damage":0,"enemies":"Small Slimes","floor":1,"turns":3},{"damage":2,"enemies":"Jaw Worm","floor":5,"turns":3},{"damage":28,"enemies":"Gremlin Nob","floor":6,"turns":4},{"damage":0,"enemies":"Cultist","floor":8,"turns":2},{"damage":21,"enemies":"Lagavulin","floor":10,"turns":6},{"damage":0,"enemies":"Exordium Thugs","floor":14,"turns":2},{"damage":4,"enemies":"The Guardian","floor":16,"turns":12},{"damage":0,"enemies":"Shell Parasite","floor":18,"turns":4},{"damage":6,"enemies":"3 Byrds","floor":20,"turns":2},{"damage":12,"enemies":"3 Cultists","floor":22,"turns":5},{"damage":24,"enemies":"Gremlin Leader","floor":24,"turns":5},{"damage":0,"enemies":"Snake Plant","floor":27,"turns":5},{"damage":2,"enemies":"Shelled Parasite and Fungi","floor":28,"turns":6},{"damage":38,"enemies":"Book of Stabbing","floor":29,"turns":7},{"damage":15,"enemies":"Colosseum Slavers","floor":30,"turns":5},{"damage":45,"enemies":"Automaton","floor":33,"turns":6}],"seed_played":"-5325552803098671374","potions_obtained":[{"floor":6,"key":"Dexterity Potion"},{"floor":8,"key":"SteroidPotion"},{"floor":10,"key":"FocusPotion"}],"is_trial":false,"path_per_floor":["M","$","?","T","M","E","R","M","T","E","?","$","R","M","R","B",null,"M","$","M","T","M","R","E","$","T","M","M","E","?","T","R","B"],"character_chosen":"DEFECT","items_purchased":["Tiny Chest","HandOfGreed","ClockworkSouvenir","Glacier","Capacitor"],"campfire_rested":2,"item_purchase_floors":[2,2,12,25,25],"current_hp_per_floor":[64,64,64,64,62,34,34,34,34,13,13,13,32,32,32,28,55,55,55,49,49,44,44,27,27,27,36,43,14,8,8,27,0],"gold":228,"neow_bonus":"TWO_FIFTY_GOLD","is_prod":false,"is_daily":false,"chose_seed":false,"campfire_upgraded":3,"win_rate":0,"timestamp":1553574037,"path_taken":["M","$","?","?","M","E","R","M","T","E","?","$","R","?","R","BOSS","M","$","?","?","M","R","E","$","T","M","?","E","?","?","R","BOSS"],"build_version":"2019-01-23","purchased_purges":1,"victory":false,"max_hp_per_floor":[64,64,64,64,64,64,64,64,64,64,64,64,64,64,64,64,64,64,64,64,64,64,64,64,64,64,64,64,64,64,64,64,64],"card_choices":[{"not_picked":["Turbo","Melter"],"picked":"Cold Snap","floor":1},{"not_picked":["Stack","Turbo","Steam Power"],"picked":"SKIP","floor":5},{"not_picked":["Scrape","Storm","Redo"],"picked":"SKIP","floor":6},{"not_picked":["Steam Power","Cold Snap"],"picked":"Doom and Gloom","floor":8},{"not_picked":["Fusion","Redo","Sweeping Beam"],"picked":"SKIP","floor":10},{"not_picked":["Gash","Stack"],"picked":"Cold Snap","floor":14},{"not_picked":["Creative AI","Hyperbeam"],"picked":"Electrodynamics","floor":16},{"not_picked":["Sweeping Beam+1","Compile Driver"],"picked":"Hologram","floor":18},{"not_picked":["Rebound","Steam"],"picked":"Self Repair","floor":20},{"not_picked":["Force Field","Gash","Fission"],"picked":"SKIP","floor":22},{"not_picked":["Fusion+1","Sweeping Beam+1","Compile Driver"],"picked":"SKIP","floor":24},{"not_picked":["Sweeping Beam","Steam","Compile Driver"],"picked":"SKIP","floor":27},{"not_picked":["Sunder","Rip and Tear","Cold Snap"],"picked":"SKIP","floor":28},{"not_picked":["Compile Driver","Barrage"],"picked":"Glacier","floor":29}],"player_experience":698851,"relics_obtained":[{"floor":4,"key":"Mercury Hourglass"},{"floor":6,"key":"Art of War"},{"floor":9,"key":"Pen Nib"},{"floor":10,"key":"Lantern"},{"floor":21,"key":"Mummified Hand"},{"floor":24,"key":"Blood Vial"},{"floor":29,"key":"Sundial"},{"floor":31,"key":"Juzu Bracelet"}],"event_choices":[{"damage_healed":0,"gold_gain":0,"player_choice":"Ignored","damage_taken":0,"max_hp_gain":0,"max_hp_loss":0,"event_name":"Liars Game","floor":3,"gold_loss":0},{"damage_healed":0,"gold_gain":0,"player_choice":"Grow","damage_taken":0,"max_hp_gain":0,"max_hp_loss":0,"event_name":"Living Wall","floor":11,"gold_loss":0,"cards_upgraded":["Doom and Gloom"]},{"damage_healed":0,"gold_gain":0,"player_choice":"Fight","damage_taken":0,"max_hp_gain":0,"max_hp_loss":0,"event_name":"Colosseum","floor":30,"gold_loss":0},{"damage_healed":0,"gold_gain":0,"player_choice":"Fled From Nobs","damage_taken":0,"max_hp_gain":0,"max_hp_loss":0,"event_name":"Colosseum","floor":30,"gold_loss":0}],"is_beta":false,"boss_relics":[{"not_picked":["Pandora\u0027s Box","Runic Dome"],"picked":"FrozenCore"}],"items_purged_floors":[19],"is_endless":false,"potions_floor_spawned":[6,8,10,16,18,20,24,30],"killed_by":"Automaton","ascension_level":14}