{"path_per_floor":["M","M","?","$","M","R","M","M","T","M","$","M","M","M","R","B",null,"M","?","M","T","?","E","R","E","T","E","$","M","T","M","R","B",null,"M","M","?","M","T","R","E","T","T","M","$"],"character_chosen":"DEFECT","items_purchased":["Leap","Defragment","Bottled Tornado","Capacitor","Capacitor"],"gold_per_floor":[111,125,125,102,115,115,129,147,223,237,200,215,231,251,251,346,346,361,361,371,395,395,423,423,451,451,483,158,178,178,193,193,297,297,316,327,0,20,47,47,78,78,151,163,52,52],"floor_reached":46,"campfire_rested":4,"playtime":2020,"item_purchase_floors":[4,11,28,28,45],"current_hp_per_floor":[32,32,32,32,24,46,38,30,30,30,30,25,14,20,42,33,75,64,64,71,71,71,50,72,61,61,51,51,56,56,56,56,34,75,75,45,45,39,39,61,8,8,8,2,2,0],"items_purged":["Pain"],"gold":52,"score":630,"play_id":"fcec1f38-4b0f-4592-bba5-4ddf870dc04f","local_time":"20180614211355","is_prod":false,"is_daily":false,"chose_seed":false,"is_ascension_mode":true,"campfire_upgraded":1,"win_rate":0,"timestamp":1529036035,"campfire_choices":[{"floor":6,"key":"REST"},{"floor":15,"key":"REST"},{"floor":24,"key":"REST"},{"data":"Defragment","floor":32,"key":"SMITH"},{"floor":40,"key":"REST"}],"path_taken":["M","?","?","?","M","R","M","M","T","M","$","M","M","M","R","BOSS","M","?","M","?","?","E","R","E","T","E","$","M","?","?","R","BOSS","M","?","?","?","?","R","E","?","T","M","?","E"],"build_version":"2018-06-14","seed_source_timestamp":81035100324074,"purchased_purges":1,"victory":false,"master_deck":["Strike_B+1","Strike_B+1","Strike_B+1","Strike_B+1","Defend_B+1","Defend_B+1","Defend_B+1","Zap+1","Dualcast","Ball Lightning","Chaos","Leap+1","Streamline","Blizzard","Ball Lightning","Ball Lightning","Defragment+1","Chill","Self Repair","Cold Snap","Seek","Go for the Eyes","Ball Lightning+1","Streamline+1","Conserve Battery+1","Capacitor","Streamline+1","Regret","Normality","Chill","Streamline+1","Capacitor"],"max_hp_per_floor":[75,75,75,75,75,75,75,75,75,75,75,75,75,75,75,75,75,75,75,75,75,75,75,75,75,75,75,75,75,75,75,75,75,75,75,75,75,75,75,75,75,75,75,75,75,75],"relics":["Cracked Core","Torii","Tiny Chest","Busted Crown","Bag of Preparation","Molten Egg 2","Boot","Pantograph","Vajra","Bottled Tornado","Potion Belt","Calling Bell","War Paint","Dodecahedron","Bird Faced Urn","Red Mask","Orichalcum","Mummified Hand","Bottled Flame","Question Card"],"card_choices":[{"not_picked":["White Noise","Gash"],"picked":"Ball Lightning","floor":1},{"not_picked":["Turbo","Static Discharge"],"picked":"Chaos","floor":2},{"not_picked":["Genetic Algorithm","Hologram"],"picked":"Streamline","floor":5},{"not_picked":["Chaos","Streamline"],"picked":"Blizzard","floor":7},{"not_picked":["Ball Lightning","Compile Driver","Undo"],"picked":"SKIP","floor":8},{"not_picked":["Compile Driver","Undo"],"picked":"Ball Lightning","floor":8},{"not_picked":["Hello World","Reprogram"],"picked":"Ball Lightning","floor":10},{"not_picked":["Go for the Eyes","Turbo"],"picked":"Chill","floor":12},{"not_picked":["Compile Driver","Redo"],"picked":"Self Repair","floor":13},{"not_picked":["Compile Driver","Ball Lightning"],"picked":"Cold Snap","floor":14},{"not_picked":["All For One","Electrodynamics"],"picked":"Seek","floor":16},{"not_picked":["Hologram"],"picked":"SKIP","floor":18},{"not_picked":[],"picked":"Go for the Eyes","floor":20},{"not_picked":[],"picked":"Ball Lightning","floor":23},{"not_picked":[],"picked":"Streamline+1","floor":25},{"not_picked":[],"picked":"Conserve Battery+1","floor":27},{"not_picked":[],"picked":"Streamline+1","floor":29},{"not_picked":["Gash+1"],"picked":"SKIP","floor":31},{"not_picked":["Reprogram"],"picked":"SKIP","floor":35},{"not_picked":[],"picked":"Chill","floor":36},{"not_picked":["Genetic Algorithm+1"],"picked":"SKIP","floor":38},{"not_picked":[],"picked":"Streamline+1","floor":41},{"not_picked":["Gash+1","Turbo+1"],"picked":"SKIP","floor":44}],"player_experience":311668,"potions_floor_usage":[25,25,25,29,33,44,46],"damage_taken":[{"damage":6,"enemies":"Cultist","floor":1,"turns":3},{"damage":0,"enemies":"Small Slimes","floor":2,"turns":2},{"damage":8,"enemies":"2 Louse","floor":5,"turns":2},{"damage":8,"enemies":"Exordium Thugs","floor":7,"turns":4},{"damage":8,"enemies":"Exordium Wildlife","floor":8,"turns":3},{"damage":0,"enemies":"2 Fungi Beasts","floor":10,"turns":2},{"damage":5,"enemies":"Gremlin Gang","floor":12,"turns":3},{"damage":11,"enemies":"Exordium Wildlife","floor":13,"turns":4},{"damage":1,"enemies":"2 Fungi Beasts","floor":14,"turns":3},{"damage":9,"enemies":"Slime Boss","floor":16,"turns":7},{"damage":18,"enemies":"Shell Parasite","floor":18,"turns":5},{"damage":0,"enemies":"Spheric Guardian","floor":20,"turns":3},{"damage":28,"enemies":"Book of Stabbing","floor":23,"turns":5},{"damage":18,"enemies":"Gremlin Leader","floor":25,"turns":6},{"damage":17,"enemies":"Slavers","floor":27,"turns":5},{"damage":2,"enemies":"Centurion and Healer","floor":29,"turns":5},{"damage":0,"enemies":"3 Cultists","floor":31,"turns":4},{"damage":48,"enemies":"Automaton","floor":33,"turns":9},{"damage":0,"enemies":"3 Shapes","floor":35,"turns":3},{"damage":41,"enemies":"3 Darklings","floor":36,"turns":6},{"damage":19,"enemies":"Maw","floor":38,"turns":8},{"damage":66,"enemies":"Nemesis","floor":41,"turns":7},{"damage":8,"enemies":"4 Shapes","floor":44,"turns":4},{"damage":17,"enemies":"2 Orb Walkers","floor":46,"turns":3}],"relics_obtained":[{"floor":9,"key":"Tiny Chest"},{"floor":21,"key":"Bag of Preparation"},{"floor":23,"key":"Molten Egg 2"},{"floor":25,"key":"Boot"},{"floor":26,"key":"Pantograph"},{"floor":27,"key":"Vajra"},{"floor":30,"key":"Potion Belt"},{"floor":34,"key":"War Paint"},{"floor":34,"key":"Dodecahedron"},{"floor":34,"key":"Bird Faced Urn"},{"floor":39,"key":"Orichalcum"},{"floor":41,"key":"Mummified Hand"},{"floor":42,"key":"Bottled Flame"},{"floor":43,"key":"Question Card"}],"event_choices":[{"event_name":"Bonfire Elementals","player_choice":"BASIC","floor":3,"damage_taken":0},{"event_name":"Back to Basics","player_choice":"Simplicity","floor":19,"damage_taken":0},{"event_name":"Vampires","player_choice":"Ignored","floor":22,"damage_taken":0},{"event_name":"Tomb of Lord Red Mask","player_choice":"Paid","floor":37,"damage_taken":0}],"boss_relics":[{"not_picked":["Runic Pyramid","Inserter"],"picked":"Busted Crown"},{"not_picked":["Sozu","Velvet Choker"],"picked":"Calling Bell"}],"items_purged_floors":[45],"is_endless":false,"potions_floor_spawned":[1,5,13,23,25,29,35,41],"seed_played":"-3271955890486822135","killed_by":"2 Orb Walkers","ascension_level":3,"potions_obtained":[{"floor":1,"key":"Fire Potion"},{"floor":5,"key":"Poison Potion"},{"floor":13,"key":"SkillPotion"},{"floor":25,"key":"AttackPotion"},{"floor":29,"key":"PowerPotion"},{"floor":35,"key":"Poison Potion"},{"floor":41,"key":"EssenceOfSteel"}],"is_trial":false}