{"path_per_floor":["M","M","M","$","?","R","E","M","T","R","M","M","R","E","R","B",null,"M","$","M","?","M","R","E","R","T","M","?","M","M","M","R","B",null,"M","M","$","?","M","R","M","T","T","$","?","R","?","?","R","B"],"character_chosen":"DEFECT","items_purchased":["Reprogram","Explosive Potion","Leap","All For One","Auto Shields","Seek"],"gold_per_floor":[109,126,141,20,20,20,54,69,69,69,84,96,96,129,129,233,233,244,145,165,165,175,175,209,209,209,225,225,243,258,268,268,363,363,381,400,61,61,78,78,95,165,192,33,33,33,33,33,33,33],"floor_reached":51,"campfire_rested":2,"playtime":2336,"current_hp_per_floor":[75,73,72,72,77,77,66,64,64,64,59,48,48,48,48,18,90,90,90,77,77,76,76,62,62,62,34,34,25,23,19,46,27,90,90,90,90,90,74,74,44,44,44,44,44,44,44,34,61,11],"items_purged":["Strike_B","Clumsy"],"gold":33,"score":792,"play_id":"4ecfb9c4-1f0d-4bfe-bec5-af7df355d775","local_time":"20180508001916","is_prod":false,"is_daily":false,"chose_seed":false,"is_ascension_mode":true,"campfire_upgraded":8,"timestamp":1525731556,"path_taken":["M","M","M","$","?","R","E","?","T","R","M","M","R","E","R","BOSS","M","$","M","?","?","R","E","R","T","M","?","M","M","M","R","BOSS","M","?","$","?","M","R","?","?","T","$","?","R","?","?","R","BOSS"],"build_version":"2018-05-03","seed_source_timestamp":0,"purchased_purges":3,"victory":true,"master_deck":["Strike_B+1","Strike_B+1","Defend_B+1","Defend_B+1","Defend_B+1","Defend_B+1","Zap+1","Dualcast+1","Streamline","Scrape","Scrape","Reprogram","Beam Cell+1","Go for the Eyes+1","Rainbow","Reboot","Leap","FTL+1","Seek","Defragment+1","Leap","Go for the Eyes+1","All For One","Axe Kick","Skim","Genetic Algorithm","Gash","Machine Learning+1","Recycle+1","All For One","Auto Shields","Seek+1","Auto Shields","Good Instincts","Secret Technique","Panache","Flash of Steel"],"max_hp_per_floor":[75,75,75,75,80,80,80,80,80,80,80,80,80,90,90,90,90,90,90,90,90,90,90,90,90,90,90,90,90,90,90,90,90,90,90,90,90,90,90,90,90,90,90,90,90,90,90,90,90,90],"relics":["Cracked Core","Dodecahedron","Bottled Flame","Pear","Orrery","Vajra","Pen Nib","Runic Dome","Ornamental Fan","Juzu Bracelet"],"card_choices":[{"not_picked":["Rebound","Aggregate"],"picked":"Streamline","floor":1.0},{"not_picked":["Glacier","Barrage"],"picked":"Scrape","floor":2.0},{"not_picked":["Storm","Doom and Gloom"],"picked":"Scrape","floor":3.0},{"not_picked":["Capacitor","Axe Kick"],"picked":"Beam Cell","floor":11.0},{"not_picked":["Beam Cell","Hologram"],"picked":"Go for the Eyes","floor":12.0},{"not_picked":["Sunder","Blizzard"],"picked":"Rainbow","floor":14.0},{"not_picked":["Biased Cognition","Nova"],"picked":"Reboot","floor":16.0},{"not_picked":["Beam Cell","Axe Kick"],"picked":"Leap","floor":17},{"not_picked":["Sweeping Beam","Chaos"],"picked":"Axe Kick","floor":17},{"not_picked":["Streamline","Cold Snap"],"picked":"FTL","floor":17},{"not_picked":["Capacitor","Turbo"],"picked":"Seek","floor":17},{"not_picked":["Sweeping Beam","Barrage"],"picked":"Defragment","floor":18},{"not_picked":["Conserve Battery","Hologram"],"picked":"Go for the Eyes","floor":20},{"not_picked":["Go for the Eyes","Coolheaded"],"picked":"Axe Kick","floor":22},{"not_picked":["Axe Kick","Blizzard"],"picked":"Skim","floor":24},{"not_picked":["Turbo","Impulse"],"picked":"Genetic Algorithm","floor":27},{"not_picked":["Cold Snap","Beam Cell"],"picked":"Gash","floor":30},{"not_picked":["Prime","Fission"],"picked":"Machine Learning","floor":33},{"not_picked":["Reprogram","Doom and Gloom"],"picked":"Recycle","floor":36},{"not_picked":["Purity","Sadistic Nature"],"picked":"Secret Technique","floor":48},{"not_picked":["Bandage Up","Deep Breath"],"picked":"Panache","floor":48},{"not_picked":["Apotheosis","Master of Strategy"],"picked":"Flash of Steel","floor":48}],"player_experience":42841,"potions_floor_usage":[24,24,33,33],"damage_taken":[{"damage":0.0,"enemies":"2 Louse","floor":1.0,"turns":4.0},{"damage":2.0,"enemies":"Jaw Worm","floor":2.0,"turns":3.0},{"damage":1.0,"enemies":"Cultist","floor":3.0,"turns":3.0},{"damage":11.0,"enemies":"3 Sentries","floor":7.0,"turns":5.0},{"damage":2.0,"enemies":"2 Fungi Beasts","floor":8.0,"turns":3.0},{"damage":5.0,"enemies":"Gremlin Gang","floor":11.0,"turns":4.0},{"damage":11.0,"enemies":"Looter","floor":12.0,"turns":2.0},{"damage":10.0,"enemies":"Gremlin Nob","floor":14.0,"turns":3.0},{"damage":30.0,"enemies":"Hexaghost","floor":16.0,"turns":7.0},{"damage":0,"enemies":"Spheric Guardian","floor":18,"turns":3},{"damage":13,"enemies":"2 Thieves","floor":20,"turns":3},{"damage":1,"enemies":"3 Cultists","floor":22,"turns":6},{"damage":14,"enemies":"Slavers","floor":24,"turns":3},{"damage":28,"enemies":"Slaver and Parasite","floor":27,"turns":4},{"damage":9,"enemies":"Snake Plant","floor":29,"turns":3},{"damage":2,"enemies":"Centurion and Healer","floor":30,"turns":3},{"damage":4,"enemies":"3 Cultists","floor":31,"turns":3},{"damage":34,"enemies":"Collector","floor":33,"turns":9},{"damage":0,"enemies":"3 Shapes","floor":35,"turns":4},{"damage":0,"enemies":"Orb Walker","floor":36,"turns":2},{"damage":16,"enemies":"Spire Growth","floor":39,"turns":2},{"damage":30,"enemies":"4 Shapes","floor":41,"turns":6},{"damage":50,"enemies":"Time Eater","floor":50,"turns":8}],"event_choices":[{"event_name":"Big Fish","player_choice":"Donut","floor":5.0,"damage_taken":0.0},{"event_name":"Match and Keep!","player_choice":"2 cards matched","floor":21,"damage_taken":0},{"event_name":"Back to Basics","player_choice":"Simplicity","floor":28,"damage_taken":0},{"event_name":"Mysterious Sphere","player_choice":"Ignore","floor":38,"damage_taken":0},{"event_name":"Match and Keep!","player_choice":"2 cards matched","floor":45,"damage_taken":0},{"event_name":"SensoryStone","player_choice":"Memory 3","floor":48,"damage_taken":0}],"boss_relics":[{"not_picked":["Black Star","Nuclear Battery"],"picked":"Orrery"},{"not_picked":["Runic Pyramid","Eternal Feather"],"picked":"Runic Dome"}],"potions_floor_spawned":[3,7,8,11,18,27,29,30,39,41],"seed_played":"2051678652095076772","ascension_level":2,"is_trial":false}