{"gold_per_floor":[15,29,45,55,71,71,101,101,154,169,169,202,214,247,247,349,399,415,432,432,178,188,188,214,264,290,290,290,304,49,0,0,101,101,121,1120,791,804,255,286,286,318,318,333,347,347,347,357,357,357],"floor_reached":51,"playtime":2483,"items_purged":["Strike_R","Bash","Normality","Normality"],"score":1230,"play_id":"51aaa04f-8990-4e9a-934e-45b871b590d2","local_time":"20181029143617","is_ascension_mode":true,"campfire_choices":[{"data":"Uppercut","floor":6,"key":"SMITH"},{"data":"Bludgeon","floor":8,"key":"SMITH"},{"data":"True Grit","floor":11,"key":"SMITH"},{"data":"Corruption","floor":15,"key":"SMITH"},{"data":"Berserk","floor":23,"key":"SMITH"},{"data":"Shockwave","floor":27,"key":"SMITH"},{"floor":32,"key":"REST"},{"data":"Sword Boomerang","floor":41,"key":"SMITH"},{"data":"Feel No Pain","floor":49,"key":"SMITH"}],"neow_cost":"NO_GOLD","seed_source_timestamp":245971090118109,"circlet_count":0,"master_deck":["Strike_R+1","Strike_R+1","Strike_R+1","Strike_R+1","Defend_R+1","Defend_R+1","Defend_R+1","Defend_R+1","AscendersBane","Bludgeon+1","Uppercut+1","Shockwave+1","Corruption+1","True Grit+1","Headbutt","Inflame","Limit Break","Berserk+1","Flame Barrier","J.A.X.","Reaper","Sword Boomerang+1","Feel No Pain+1","Disarm","Flame Barrier"],"relics":["Burning Blood","Meat on the Bone","Smiling Mask","Mercury Hourglass","Juzu Bracelet","Tiny House","Strange Spoon","Ice Cream","Orichalcum","OrangePellets","Snecko Eye","Anchor","Brimstone","Vajra","Strawberry","Omamori","Gremlin Horn","Frozen Egg 2"],"potions_floor_usage":[7,16,24,33,33,40,50,50],"damage_taken":[{"damage":0,"enemies":"Cultist","floor":1,"turns":2},{"damage":0,"enemies":"Small Slimes","floor":2,"turns":2},{"damage":4,"enemies":"Jaw Worm","floor":3,"turns":2},{"damage":11,"enemies":"2 Fungi Beasts","floor":4,"turns":3},{"damage":18,"enemies":"3 Louse","floor":5,"turns":4},{"damage":20,"enemies":"3 Sentries","floor":7,"turns":6},{"damage":28,"enemies":"Lots of Slimes","floor":10,"turns":8},{"damage":6,"enemies":"Lagavulin","floor":12,"turns":6},{"damage":20,"enemies":"Exordium Thugs","floor":13,"turns":3},{"damage":15,"enemies":"3 Sentries","floor":14,"turns":5},{"damage":19,"enemies":"Hexaghost","floor":16,"turns":7},{"damage":8,"enemies":"Chosen","floor":18,"turns":4},{"damage":33,"enemies":"Shell Parasite","floor":19,"turns":3},{"damage":11,"enemies":"Centurion and Healer","floor":22,"turns":5},{"damage":55,"enemies":"Book of Stabbing","floor":24,"turns":5},{"damage":23,"enemies":"Chosen and Byrds","floor":29,"turns":6},{"damage":33,"enemies":"Collector","floor":33,"turns":6},{"damage":29,"enemies":"3 Shapes","floor":35,"turns":3},{"damage":11,"enemies":"3 Darklings","floor":38,"turns":6},{"damage":13,"enemies":"Giant Head","floor":40,"turns":5},{"damage":10,"enemies":"Nemesis","floor":42,"turns":3},{"damage":3,"enemies":"Writhing Mass","floor":44,"turns":4},{"damage":0,"enemies":"Transient","floor":45,"turns":5},{"damage":13,"enemies":"4 Shapes","floor":48,"turns":5},{"damage":54,"enemies":"Time Eater","floor":50,"turns":7}],"seed_played":"6275299353225484443","potions_obtained":[{"floor":2,"key":"LiquidBronze"},{"floor":3,"key":"EssenceOfSteel"},{"floor":4,"key":"Poison Potion"},{"floor":12,"key":"GamblersBrew"},{"floor":13,"key":"PowerPotion"},{"floor":16,"key":"Regen Potion"},{"floor":24,"key":"Strength Potion"},{"floor":33,"key":"SteroidPotion"},{"floor":44,"key":"Poison Potion"}],"is_trial":false,"path_per_floor":["M","M","M","M","M","R","E","R","T","M","R","E","M","E","R","B",null,"M","M","?","$","M","R","E","?","T","R","?","M","$","?","R","B",null,"M","?","$","M","$","E","R","E","T","M","M","?","?","M","R","B"],"character_chosen":"IRONCLAD","items_purchased":["Strange Spoon","OrangePellets","Feel No Pain","Anchor","PowerPotion","Brimstone","Vajra","Strawberry"],"campfire_rested":1,"item_purchase_floors":[21,30,37,37,37,39,39,39],"current_hp_per_floor":[78,80,80,75,63,63,49,49,49,39,39,51,49,52,52,51,78,76,49,49,49,56,56,33,33,33,33,33,28,28,28,53,38,73,66,66,66,76,83,92,92,88,88,91,92,92,87,80,80,60],"gold":357,"neow_bonus":"THREE_RARE_CARDS","is_prod":false,"is_daily":false,"chose_seed":false,"campfire_upgraded":8,"win_rate":0,"timestamp":1540820177,"path_taken":["M","M","?","M","M","R","E","R","T","M","R","E","M","E","R","BOSS","M","M","?","$","M","R","E","?","T","R","?","M","$","?","R","BOSS","M","?","?","M","$","E","R","E","T","M","M","?","?","M","R","BOSS"],"build_version":"2018-10-25v2","purchased_purges":4,"victory":true,"max_hp_per_floor":[80,80,80,80,80,80,80,80,80,80,80,80,80,80,80,80,85,85,85,85,85,85,85,85,85,85,85,85,85,85,85,85,85,85,85,85,85,85,92,92,92,92,92,92,92,92,87,87,87,87],"card_choices":[{"not_picked":["Impervious","Brutality"],"picked":"Bludgeon","floor":0},{"not_picked":["Armaments","Pommel Strike"],"picked":"Uppercut","floor":1},{"not_picked":["Clash","Wild Strike"],"picked":"Shockwave","floor":2},{"not_picked":["Armaments","Second Wind","Burning Pact"],"picked":"SKIP","floor":3},{"not_picked":["Heavy Blade","Bloodletting"],"picked":"Corruption","floor":4},{"not_picked":["Reckless Charge","Armaments","Hemokinesis"],"picked":"SKIP","floor":5},{"not_picked":["Bloodletting","Fire Breathing"],"picked":"True Grit","floor":7},{"not_picked":["Power Through","Bludgeon","Pommel Strike"],"picked":"SKIP","floor":10},{"not_picked":["Iron Wave","Warcry"],"picked":"Headbutt","floor":12},{"not_picked":["Pummel","Headbutt"],"picked":"Inflame","floor":13},{"not_picked":["Sword Boomerang","Warcry","Dropkick"],"picked":"SKIP","floor":14},{"not_picked":["Reaper","Juggernaut"],"picked":"Limit Break","floor":16},{"not_picked":["Twin Strike","Reckless Charge"],"picked":"Berserk","floor":18},{"not_picked":["Cleave","Havoc"],"picked":"Flame Barrier","floor":19},{"not_picked":["Intimidate","Thunderclap+1","Iron Wave"],"picked":"SKIP","floor":22},{"not_picked":["Thunderclap+1","Perfected Strike","Burning Pact"],"picked":"SKIP","floor":24},{"not_picked":["Twin Strike","Headbutt","Body Slam"],"picked":"SKIP","floor":29},{"not_picked":["Twin Strike","Headbutt","Body Slam"],"picked":"SKIP","floor":29},{"not_picked":["Brutality","Impervious"],"picked":"Reaper","floor":33},{"not_picked":["Wild Strike","Clash"],"picked":"Sword Boomerang","floor":35},{"not_picked":["Carnage+1","Heavy Blade","Infernal Blade+1"],"picked":"SKIP","floor":38},{"not_picked":["Uppercut","Spot Weakness+1"],"picked":"Disarm","floor":40},{"not_picked":["Twin Strike","Brutality","Burning Pact"],"picked":"SKIP","floor":42},{"not_picked":["Flex","Intimidate","Iron Wave+1"],"picked":"SKIP","floor":44},{"not_picked":["Burning Pact","Cleave"],"picked":"Flame Barrier","floor":45},{"not_picked":["Sword Boomerang","Flex","Twin Strike"],"picked":"SKIP","floor":48}],"player_experience":277470,"relics_obtained":[{"floor":7,"key":"Meat on the Bone"},{"floor":9,"key":"Smiling Mask"},{"floor":12,"key":"Mercury Hourglass"},{"floor":14,"key":"Juzu Bracelet"},{"floor":24,"key":"Ice Cream"},{"floor":26,"key":"Orichalcum"},{"floor":40,"key":"Omamori"},{"floor":42,"key":"Gremlin Horn"},{"floor":43,"key":"Frozen Egg 2"}],"event_choices":[{"damage_healed":0,"gold_gain":0,"player_choice":"Obtain J.A.X.","damage_taken":0,"max_hp_gain":0,"max_hp_loss":0,"event_name":"Drug Dealer","floor":20,"gold_loss":0,"cards_obtained":["J.A.X."]},{"damage_healed":0,"gold_gain":100,"player_choice":"Bet on Murderer","damage_taken":0,"max_hp_gain":0,"max_hp_loss":0,"event_name":"The Joust","floor":25,"gold_loss":50},{"damage_healed":0,"gold_gain":0,"player_choice":"Simplicity","damage_taken":0,"max_hp_gain":0,"max_hp_loss":0,"event_name":"Back to Basics","floor":28,"gold_loss":0,"cards_upgraded":["Strike_R","Strike_R","Strike_R","Strike_R","Defend_R","Defend_R","Defend_R"]},{"damage_healed":0,"gold_gain":0,"player_choice":"Paid Fearfully","damage_taken":0,"max_hp_gain":0,"max_hp_loss":0,"event_name":"Masked Bandits","floor":31,"gold_loss":49},{"damage_healed":0,"gold_gain":999,"player_choice":"Gold","damage_taken":0,"max_hp_gain":0,"max_hp_loss":0,"event_name":"MindBloom","floor":36,"gold_loss":0,"cards_obtained":["Normality","Normality"]},{"damage_healed":0,"gold_gain":0,"player_choice":"Ignored","damage_taken":0,"max_hp_gain":0,"max_hp_loss":0,"event_name":"Tomb of Lord Red Mask","floor":46,"gold_loss":0},{"damage_healed":0,"gold_gain":0,"player_choice":"Max HP","damage_taken":0,"max_hp_gain":0,"max_hp_loss":5,"event_name":"Winding Halls","floor":47,"gold_loss":0}],"is_beta":true,"boss_relics":[{"not_picked":["Orrery","Lizard Tail"],"picked":"Tiny House"},{"not_picked":["Velvet Choker","Cursed Key"],"picked":"Snecko Eye"}],"items_purged_floors":[21,30,37,39],"is_endless":false,"potions_floor_spawned":[2,3,4,12,13,14,16,18,24,29,33,38,44,45],"ascension_level":12}