{"gold_per_floor":[117,131,56,56,56,56,68,68,93,155,155,167,177,195,195,293,293,233,158,35,45,45],"floor_reached":22,"playtime":1124,"items_purged":[],"score":226,"play_id":"91767163-ddb8-495f-bae9-05eea330a897","local_time":"20180915214848","is_ascension_mode":true,"campfire_choices":[{"floor":6,"key":"REST"},{"floor":11,"key":"REST"},{"data":"Coolheaded","floor":15,"key":"SMITH"}],"neow_cost":"","seed_source_timestamp":32109687370902,"circlet_count":0,"master_deck":["Strike_B","Strike_B","Defend_B","Defend_B","Defend_B","Zap","Dualcast","Gash+1","Sweeping Beam","Sweeping Beam","Coolheaded+1","FTL","Coolheaded+1","Hologram","Double Energy","Buffer","Steam Power","Coolheaded","FTL+1"],"relics":["Cracked Core","Blue Candle","Ancient Tea Set","FossilizedHelix","Empty Cage"],"potions_floor_usage":[10,16,16],"damage_taken":[{"damage":14,"enemies":"Cultist","floor":1,"turns":5},{"damage":10,"enemies":"Small Slimes","floor":2,"turns":3},{"damage":0,"enemies":"Jaw Worm","floor":7,"turns":3},{"damage":20,"enemies":"Gremlin Nob","floor":10,"turns":3},{"damage":0,"enemies":"Large Slime","floor":12,"turns":4},{"damage":1,"enemies":"Blue Slaver","floor":13,"turns":4},{"damage":2,"enemies":"2 Fungi Beasts","floor":14,"turns":3},{"damage":57,"enemies":"Hexaghost","floor":16,"turns":13},{"damage":22,"enemies":"2 Thieves","floor":18,"turns":4},{"damage":20,"enemies":"Chosen","floor":21,"turns":9},{"damage":19,"enemies":"Shelled Parasite and Fungi","floor":22,"turns":4}],"seed_played":"-6602048209609774546","potions_obtained":[{"floor":2,"key":"PowerPotion"},{"floor":12,"key":"GamblersBrew"},{"floor":14,"key":"Fire Potion"}],"is_trial":false,"path_per_floor":["M","M","$","?","?","R","M","?","T","?","R","M","M","M","R","B",null,"M","?","$","M"],"character_chosen":"DEFECT","items_purchased":["Sweeping Beam","Coolheaded","Steam Power","Coolheaded"],"campfire_rested":2,"item_purchase_floors":[3,3,20,20],"current_hp_per_floor":[54,44,44,44,37,59,59,59,59,39,61,61,60,58,58,1,57,35,35,35,15,0],"gold":45,"neow_bonus":"","is_prod":false,"is_daily":false,"chose_seed":false,"campfire_upgraded":1,"win_rate":0,"timestamp":1537040928,"path_taken":["M","M","$","?","?","R","M","?","T","?","R","M","?","M","R","BOSS","M","?","$","?","M"],"build_version":"2018-09-06","purchased_purges":0,"victory":false,"max_hp_per_floor":[75,75,75,75,75,75,75,75,75,75,75,75,75,75,75,75,75,75,75,75,75,75],"card_choices":[{"not_picked":["Genetic Algorithm","Sweeping Beam"],"picked":"Gash","floor":1},{"not_picked":["Force Field","Aggregate"],"picked":"Sweeping Beam","floor":2},{"not_picked":["Cold Snap","Ball Lightning"],"picked":"FTL","floor":7},{"not_picked":["Turbo","Conserve Battery"],"picked":"Coolheaded","floor":10},{"not_picked":["Steam","Beam Cell"],"picked":"Hologram","floor":12},{"not_picked":["Sunder","Ball Lightning","Go for the Eyes"],"picked":"SKIP","floor":13},{"not_picked":["Capacitor","Ball Lightning"],"picked":"Double Energy","floor":14},{"not_picked":["Reboot","All For One"],"picked":"Buffer","floor":16},{"not_picked":["Auto Shields","Barrage","Stack"],"picked":"SKIP","floor":18},{"not_picked":["Force Field","Coolheaded"],"picked":"FTL+1","floor":21}],"player_experience":200750,"relics_obtained":[{"floor":9,"key":"Ancient Tea Set"},{"floor":10,"key":"FossilizedHelix"}],"event_choices":[{"event_name":"Living Wall","player_choice":"Grow","floor":4,"damage_taken":0},{"event_name":"Scrap Ooze","player_choice":"success","floor":5,"damage_taken":7},{"event_name":"Upgrade Shrine","player_choice":"Upgraded","floor":8,"damage_taken":0},{"event_name":"Dead Adventurer","player_choice":"Searched \u00272\u0027 times","floor":10,"damage_taken":0},{"event_name":"Beggar","player_choice":"Gave Gold","floor":19,"damage_taken":0}],"is_beta":false,"boss_relics":[{"not_picked":["Sozu","FrozenCore"],"picked":"Empty Cage"}],"items_purged_floors":[],"is_endless":false,"potions_floor_spawned":[2,12,14],"killed_by":"Shelled Parasite and Fungi","ascension_level":6}