{"gold_per_floor":[115,130,150,40,56,56,86,86,86,100,116,116,116,53,53,126,126,143,161,32,32,32,32,32,32,57,67,80,94,94,114,114,114],"floor_reached":33,"playtime":3592,"items_purged":["Strike_B"],"score":486,"play_id":"ce6e8242-0727-4deb-94bc-886266172956","local_time":"20180926172528","is_ascension_mode":true,"campfire_choices":[{"data":"Defragment","floor":6,"key":"SMITH"},{"floor":8,"key":"REST"},{"data":"Dualcast","floor":13,"key":"SMITH"},{"data":"Zap","floor":15,"key":"SMITH"},{"floor":23,"key":"REST"},{"data":"Echo Form","floor":25,"key":"SMITH"},{"data":"Self Repair","floor":30,"key":"SMITH"},{"data":"Static Discharge","floor":32,"key":"SMITH"}],"neow_cost":"NONE","seed_source_timestamp":964254966957079,"circlet_count":0,"master_deck":["Strike_B+1","Strike_B+1","Strike_B","Defend_B","Defend_B","Defend_B","Defend_B","Zap+1","Dualcast+1","AscendersBane","Auto Shields","BootSequence","Self Repair+1","Defragment+1","Compile Driver","Compile Driver","Reboot","Steam","Steam","Echo Form+1","Glacier","Melter","Static Discharge+1","Capacitor+1"],"relics":["Cracked Core","Whetstone","DataDisk","Smiling Mask","Sozu","Bag of Marbles"],"potions_floor_usage":[7,7,16,18],"damage_taken":[{"damage":1,"enemies":"Cultist","floor":1,"turns":3},{"damage":5,"enemies":"Small Slimes","floor":2,"turns":4},{"damage":0,"enemies":"2 Louse","floor":3,"turns":2},{"damage":5,"enemies":"Blue Slaver","floor":5,"turns":4},{"damage":24,"enemies":"Gremlin Nob","floor":7,"turns":4},{"damage":15,"enemies":"Large Slime","floor":10,"turns":5},{"damage":4,"enemies":"Red Slaver","floor":11,"turns":3},{"damage":28,"enemies":"The Guardian","floor":16,"turns":15},{"damage":0,"enemies":"Spheric Guardian","floor":18,"turns":3},{"damage":1,"enemies":"Shell Parasite","floor":19,"turns":7},{"damage":17,"enemies":"Colosseum Slavers","floor":22,"turns":6},{"damage":7,"enemies":"Snake Plant","floor":27,"turns":5},{"damage":28,"enemies":"Chosen and Byrds","floor":28,"turns":7},{"damage":0,"enemies":"Snecko","floor":29,"turns":8},{"damage":0,"enemies":"Centurion and Healer","floor":31,"turns":8},{"damage":78,"enemies":"Collector","floor":33,"turns":10}],"seed_played":"-736268033345256371","potions_obtained":[{"floor":1,"key":"FearPotion"},{"floor":2,"key":"Block Potion"},{"floor":7,"key":"Strength Potion"},{"floor":16,"key":"Fire Potion"}],"is_trial":false,"path_per_floor":["M","M","M","$","M","R","E","R","T","M","M","?","R","?","R","B",null,"M","M","$","?","?","R","?","R","T","M","M","M","R","M","R"],"character_chosen":"DEFECT","items_purchased":["Defragment","Compile Driver","Melter"],"campfire_rested":2,"item_purchase_floors":[4,4,20],"current_hp_per_floor":[63,58,58,58,60,60,43,64,64,56,52,52,52,52,52,31,61,68,71,71,51,48,70,70,70,70,76,48,62,62,76,76,0],"gold":114,"neow_bonus":"RANDOM_COMMON_RELIC","is_prod":false,"is_daily":false,"chose_seed":false,"campfire_upgraded":6,"win_rate":0,"timestamp":1537975528,"path_taken":["M","M","?","$","M","R","E","R","T","M","M","?","R","?","R","BOSS","M","M","$","?","?","R","?","R","T","?","M","M","R","?","R","BOSS"],"build_version":"2018-09-20","purchased_purges":1,"victory":false,"max_hp_per_floor":[71,71,71,71,71,71,71,71,71,71,71,71,71,71,71,71,71,71,71,71,76,76,76,76,76,76,76,76,76,76,76,76,76],"card_choices":[{"not_picked":["Force Field","Scrape"],"picked":"Auto Shields","floor":1},{"not_picked":["Redo","Coolheaded"],"picked":"BootSequence","floor":2},{"not_picked":["Skim","Ball Lightning"],"picked":"Self Repair","floor":3},{"not_picked":["Leap","Turbo"],"picked":"Compile Driver","floor":5},{"not_picked":["Redo","Chaos"],"picked":"Reboot","floor":7},{"not_picked":["Blizzard","BootSequence"],"picked":"Steam","floor":10},{"not_picked":["Scrape","Compile Driver"],"picked":"Steam","floor":11},{"not_picked":["Biased Cognition","Thunder Strike"],"picked":"Echo Form","floor":16},{"not_picked":["Leap","Reprogram"],"picked":"Glacier","floor":18},{"not_picked":["Compile Driver","Steam","Turbo"],"picked":"SKIP","floor":19},{"not_picked":["Coolheaded","Streamline"],"picked":"Static Discharge","floor":27},{"not_picked":["Go for the Eyes","Steam Power"],"picked":"Capacitor+1","floor":28},{"not_picked":["Sweeping Beam","Turbo","Beam Cell"],"picked":"SKIP","floor":29},{"not_picked":["Cold Snap","Hello World","Redo"],"picked":"SKIP","floor":31}],"player_experience":706490,"relics_obtained":[{"floor":7,"key":"DataDisk"},{"floor":9,"key":"Smiling Mask"},{"floor":26,"key":"Bag of Marbles"}],"event_choices":[{"event_name":"Liars Game","player_choice":"disagreed","floor":12,"damage_taken":0},{"event_name":"World of Goop","player_choice":"Left","floor":14,"damage_taken":0},{"event_name":"Forgotten Altar","player_choice":"Shed Blood","floor":21,"damage_taken":0},{"event_name":"Colosseum","player_choice":"Fight","floor":22,"damage_taken":0},{"event_name":"Colosseum","player_choice":"Fled From Nobs","floor":22,"damage_taken":0},{"event_name":"Cursed Tome","player_choice":"Ignored","floor":24,"damage_taken":0}],"is_beta":false,"boss_relics":[{"not_picked":["Cursed Key","Pandora\u0027s Box"],"picked":"Sozu"}],"items_purged_floors":[20],"is_endless":false,"potions_floor_spawned":[1,2,7,16,19,31],"killed_by":"Collector","ascension_level":19}