{"path_per_floor":["M","M","M","?","M","E","R","M","T","R","M","M","$","E","R","B",null,"M","M","?","M","?","R","M","E","T","$","R","M","?"],"character_chosen":"THE_SILENT","items_purchased":["Noxious Fumes","Sadistic Nature"],"gold_per_floor":[109,119,135,135,145,178,178,195,195,195,215,226,116,145,145,242,242,226,240,240,252,152,152,172,206,206,26,26,43,43],"floor_reached":31,"campfire_rested":2,"playtime":4494,"current_hp_per_floor":[70,70,68,54,54,44,44,43,43,64,64,64,64,36,57,51,70,61,61,49,49,49,49,49,17,17,17,17,8,8],"items_purged":["Strike_G"],"gold":43,"play_id":"2d07f01e-139a-41ea-9d28-df8387d9ed77","is_prod":false,"is_daily":false,"campfire_rituals":0,"campfire_upgraded":1,"is_hardmode":false,"path_taken":["M","?","M","?","?","E","R","M","T","R","M","M","?","E","R","BOSS","M","M","?","?","?","R","M","E","T","$","R","M","?","M"],"build_version":"2018-01-04-PROD1","purchased_purges":2,"victory":false,"master_deck":["Defend_G","Defend_G","Defend_G","Defend_G","Defend_G","Survivor","Neutralize","Footwork","Dodge and Roll","Quick Slash","Flying Knee","PiercingWail","Deflect","Caltrops","Blur","Noxious Fumes","Adrenaline","After Image","Acrobatics","Poisoned Stab","Bite_G","Bite_G","Bite_G","Bite_G","Bite_G","Well Laid Plans","J.A.X.","Deadly Poison","Quick Slash","Sadistic Nature","Quick Slash","Decay"],"max_hp_per_floor":[70,70,70,70,70,70,70,70,70,70,70,70,70,70,70,70,70,70,70,49,49,49,49,49,49,49,49,49,49,49],"relics":["Ring of the Snake","Letter Opener","Girya","Bottled Lightning","Question Card","Sundial","Snake Skull"],"campfire_meditates":0,"card_choices":[{"not_picked":["Bane","Deflect"],"picked":"Footwork"},{"not_picked":["Acrobatics","Bane"],"picked":"Dodge and Roll"},{"not_picked":["Footwork","Terror"],"picked":"Quick Slash"},{"not_picked":["Acrobatics","Skewer"],"picked":"Flying Knee"},{"not_picked":["Heel Hook","Prepared"],"picked":"PiercingWail"},{"not_picked":["Backflip","Endless Agony"],"picked":"Deflect"},{"not_picked":["Sucker Punch","Dodge and Roll"],"picked":"Caltrops"},{"not_picked":["Deflect","PiercingWail"],"picked":"Blur"},{"not_picked":["PiercingWail","Quick Slash"],"picked":"Adrenaline"},{"not_picked":["Bullet Time","Tactician"],"picked":"After Image"},{"not_picked":["Deadly Poison","Quick Slash","Deflect"],"picked":"Acrobatics"},{"not_picked":["Finisher","Backflip","Dodge and Roll"],"picked":"Poisoned Stab"},{"not_picked":["Glass Knife","Outmaneuver","Deflect"],"picked":"Well Laid Plans"},{"not_picked":["All Out Attack","Predator","Choke"],"picked":"Deadly Poison"},{"not_picked":["Catalyst","Slice","Choke"],"picked":"Quick Slash"},{"not_picked":["Underhanded Strike","Deflect","Crippling Poison"],"picked":"Quick Slash"}],"player_experience":47048,"potions_floor_usage":[16,16,19,24,29,31],"damage_taken":[{"damage":0,"enemies":"Blue Slaver","floor":1,"turns":7},{"damage":0,"enemies":"Jaw Worm","floor":2,"turns":6},{"damage":2,"enemies":"Small Slimes","floor":3,"turns":6},{"damage":0,"enemies":"2 Fungi Beasts","floor":5,"turns":5},{"damage":10,"enemies":"Lagavulin","floor":6,"turns":11},{"damage":1,"enemies":"Red Slaver","floor":8,"turns":3},{"damage":0,"enemies":"Exordium Thugs","floor":11,"turns":5},{"damage":0,"enemies":"2 Fungi Beasts","floor":12,"turns":4},{"damage":28,"enemies":"Gremlin Nob","floor":14,"turns":6},{"damage":6,"enemies":"The Guardian","floor":16,"turns":11},{"damage":9,"enemies":"2 Thieves","floor":18,"turns":4},{"damage":0,"enemies":"Shell Parasite","floor":19,"turns":9},{"damage":11,"enemies":"Sentry and Sphere","floor":21,"turns":8},{"damage":21,"enemies":"Centurion and Healer","floor":24,"turns":11},{"damage":52,"enemies":"Gremlin Leader","floor":25,"turns":10},{"damage":34,"enemies":"Snecko","floor":29,"turns":6},{"damage":9,"enemies":"Chosen and Byrds","floor":31,"turns":4}],"event_choices":[{"event_name":"Shining Light","player_choice":"Entered Light","floor":4,"damage_taken":0},{"event_name":"Vampires","player_choice":"Became a vampire","floor":20,"damage_taken":0},{"event_name":"Drug Dealer","player_choice":"Got JAXXED","floor":22,"damage_taken":0},{"event_name":"Forgotten Altar","player_choice":"Smashed Altar","floor":30,"damage_taken":0}],"boss_relics":[{"not_picked":["Black Star","Snecko Eye"],"picked":"Question Card"}],"potions_floor_spawned":[3,6,11,16,18,21,24,29],"seed_played":"7308391675773560807","killed_by":"Chosen and Byrds","is_trial":false}