{"gold_per_floor":[119,119,119,139,68,97,112,18,42,42,42,57,57,77,77,179,179,104,104],"floor_reached":19,"playtime":1381,"items_purged":[],"score":202,"play_id":"e83baa5f-0586-4938-a9a0-71557e07ad82","local_time":"20180906155425","is_ascension_mode":false,"campfire_choices":[{"data":"Redo","floor":11.0,"key":"SMITH"},{"data":"Storm","floor":15,"key":"SMITH"}],"neow_cost":"NONE","seed_source_timestamp":0,"circlet_count":0,"master_deck":["Strike_B","Strike_B","Strike_B","Strike_B","Defend_B","Defend_B","Defend_B","Defend_B","Zap","Dualcast","Redo+1","BootSequence","Storm+1","Cold Snap","Darkness","Stack","Self Repair","Gash","Tempest","Electrodynamics","Ball Lightning"],"special_seed":0,"relics":["Cracked Core","NeowsBlessing","Bottled Flame","Potion Belt","Blood Vial","Ectoplasm"],"potions_floor_usage":[16,16,18],"damage_taken":[{"damage":0.0,"enemies":"Jaw Worm","floor":1.0,"turns":1.0},{"damage":0.0,"enemies":"2 Louse","floor":4.0,"turns":1.0},{"damage":0.0,"enemies":"Gremlin Nob","floor":6.0,"turns":1.0},{"damage":0.0,"enemies":"Cultist","floor":7.0,"turns":4.0},{"damage":5.0,"enemies":"3 Louse","floor":12.0,"turns":3.0},{"damage":10.0,"enemies":"3 Sentries","floor":13.0,"turns":7.0},{"damage":20.0,"enemies":"Exordium Wildlife","floor":14.0,"turns":6.0},{"damage":1,"enemies":"Slime Boss","floor":16,"turns":10},{"damage":27,"enemies":"2 Thieves","floor":18,"turns":4},{"damage":23,"enemies":"Colosseum Slavers","floor":19,"turns":3},{"damage":37,"enemies":"Colosseum Nobs","floor":19,"turns":3}],"seed_played":"1585494243700191535","potions_obtained":[{"floor":1.0,"key":"Regen Potion"},{"floor":4.0,"key":"Weak Potion"},{"floor":7.0,"key":"Explosive Potion"}],"is_trial":false,"path_per_floor":["M","?","T","M","$","E","M","$","T","$","R","M","E","M","R","B",null,"M"],"character_chosen":"DEFECT","items_purchased":["Storm","Stack","Self Repair"],"campfire_rested":0,"item_purchase_floors":[],"current_hp_per_floor":[75,75,75,75,75,75,75,75,75,75,75,75,72,61,61,69,75,53,0],"gold":104,"neow_bonus":"THREE_ENEMY_KILL","is_prod":false,"is_daily":false,"chose_seed":false,"campfire_upgraded":2,"win_rate":0.0,"timestamp":1536245665,"path_taken":["M","?","?","M","$","E","M","?","T","$","R","M","E","M","R","BOSS","M","?"],"build_version":"2018-08-30","purchased_purges":0,"victory":false,"max_hp_per_floor":[75,75,75,75,75,75,75,75,75,75,75,75,75,75,75,75,75,75,75],"card_choices":[{"not_picked":["Self Repair","Barrage"],"picked":"Redo","floor":1.0},{"not_picked":["Steam","Beam Cell"],"picked":"BootSequence","floor":4.0},{"not_picked":["Chaos","Redo"],"picked":"Cold Snap","floor":6.0},{"not_picked":["Rebound","Go for the Eyes"],"picked":"Darkness","floor":7.0},{"not_picked":["Reinforced Body","Steam"],"picked":"Gash","floor":12.0},{"not_picked":["Blizzard","Amplify","Stack"],"picked":"SKIP","floor":13.0},{"not_picked":["Rebound","Stack"],"picked":"Tempest","floor":14.0},{"not_picked":["Amplify","Biased Cognition"],"picked":"Electrodynamics","floor":16},{"not_picked":["Lockon+1","Rebound+1"],"picked":"Ball Lightning","floor":18}],"player_experience":126391,"relics_obtained":[{"floor":3.0,"key":"Bottled Flame"},{"floor":6.0,"key":"Potion Belt"},{"floor":9.0,"key":"Blood Vial"}],"event_choices":[{"event_name":"Golden Wing","player_choice":"Ignored","floor":2.0,"damage_taken":0.0},{"event_name":"Colosseum","player_choice":"Fight","floor":19,"damage_taken":0},{"event_name":"Colosseum","player_choice":"Fought Nobs","floor":19,"damage_taken":0}],"is_beta":false,"boss_relics":[{"not_picked":["White Beast Statue","Eternal Feather"],"picked":"Ectoplasm"}],"items_purged_floors":[],"is_endless":false,"potions_floor_spawned":[1,4,7,13,19],"killed_by":"Colosseum Nobs","ascension_level":0}