{"path_per_floor":["M","?","?","M","M","R","E","R","T","E","M","M","R","$","R","B",null,"M","?","M","M","M","R","M","R","T","M"],"character_chosen":"THE_SILENT","items_purchased":["Footwork"],"gold_per_floor":[99,99,99,99,99,99,99,99,99,99,99,69,69,2,2,2,2,2,2,2,2,2,2,2,2,2,2],"floor_reached":28,"campfire_rested":1,"playtime":1866,"current_hp_per_floor":[70,70,70,69,67,67,55,55,55,37,31,25,25,25,25,2,70,63,63,57,21,3,24,35,35,35,16],"items_purged":[],"gold":2,"play_id":"2b4bfc34-a0e2-4ed2-8b33-b7c857a482f9","is_prod":false,"is_daily":false,"is_ascension_mode":false,"campfire_upgraded":5,"path_taken":["M","?","?","M","?","R","E","R","T","E","M","M","R","$","R","BOSS","M","?","M","M","M","R","M","R","T","M","M"],"build_version":"2018-01-25-PROD3","purchased_purges":0,"victory":false,"master_deck":["Defend_G","Defend_G","Defend_G","Defend_G","Defend_G","Strike_G","Strike_G","Strike_G","Strike_G","Strike_G","Survivor","Neutralize+1","Poisoned Stab","Regret","Terror+1","Noxious Fumes+1","Deadly Poison","Blade Dance","Finisher","Unload","Footwork+1","Night Terror+1","Calculated Gamble","Catalyst","Outmaneuver","Slice+1","Blade Dance+1","Poisoned Stab+1","Terror+1"],"max_hp_per_floor":[70,70,70,70,70,70,70,70,70,70,70,70,70,70,70,70,70,70,70,70,70,70,70,70,70,70,70],"relics":["Ectoplasm","Mummified Hand","Gremlin Horn","Sundial","Lantern","Lizard Tail","Shuriken"],"card_choices":[{"not_picked":["Underhanded Strike","Dagger Spray"],"picked":"Poisoned Stab"},{"not_picked":["Outmaneuver","Well Laid Plans"],"picked":"Terror"},{"not_picked":["Deflect","Dodge and Roll"],"picked":"Noxious Fumes"},{"not_picked":["Deflect","Reflex"],"picked":"Deadly Poison"},{"not_picked":["Dodge and Roll","All Out Attack"],"picked":"Blade Dance"},{"not_picked":["Dagger Throw","Heel Hook"],"picked":"Finisher"},{"not_picked":["Acrobatics","Prepared"],"picked":"Unload"},{"not_picked":["Phantasmal Killer","Venomology"],"picked":"Night Terror"},{"not_picked":["Dagger Throw","Footwork"],"picked":"Calculated Gamble"},{"not_picked":["Sucker Punch","Deadly Poison"],"picked":"Outmaneuver"},{"not_picked":["Dodge and Roll","Catalyst"],"picked":"Slice"},{"not_picked":["Dagger Spray","Finisher"],"picked":"Blade Dance"},{"not_picked":["Choke","Venomology"],"picked":"Poisoned Stab"},{"not_picked":["Prepared","Flying Knee"],"picked":"Terror"}],"player_experience":59005,"potions_floor_usage":[10,18,18,24,28],"damage_taken":[{"damage":0,"enemies":"Small Slimes","floor":1,"turns":4},{"damage":1,"enemies":"Blue Slaver","floor":4,"turns":4},{"damage":2,"enemies":"2 Louse","floor":5,"turns":3},{"damage":12,"enemies":"Lagavulin","floor":7,"turns":6},{"damage":18,"enemies":"3 Sentries","floor":10,"turns":5},{"damage":6,"enemies":"Gremlin Gang","floor":11,"turns":5},{"damage":6,"enemies":"Looter","floor":12,"turns":3},{"damage":23,"enemies":"Slime Boss","floor":16,"turns":7},{"damage":7,"enemies":"Chosen","floor":18,"turns":6},{"damage":6,"enemies":"3 Byrds","floor":20,"turns":5},{"damage":36,"enemies":"Snake Plant","floor":21,"turns":5},{"damage":18,"enemies":"Snecko","floor":22,"turns":6},{"damage":26,"enemies":"3 Cultists","floor":24,"turns":6},{"damage":19,"enemies":"Snake Plant","floor":27,"turns":4},{"damage":18,"enemies":"Centurion and Healer","floor":28,"turns":2}],"event_choices":[{"event_name":"Big Fish","player_choice":"Box","floor":2,"damage_taken":0},{"event_name":"Golden Shrine","player_choice":"Pray","floor":3,"damage_taken":0},{"event_name":"The Library","player_choice":"Read","floor":19,"damage_taken":0}],"boss_relics":[{"not_picked":["Question Card","Runic Pyramid"],"picked":"Lizard Tail"}],"potions_floor_spawned":[7,12,16,18,22,24],"seed_played":"7029461274115363758","killed_by":"Centurion and Healer","ascension_level":0,"is_trial":false}