{"gold_per_floor":[11,11,26,26,43,43,75,87,150,162,207,219,252,289,301,436,448,483,208,223,238,254,254,289,289,364,364,364],"floor_reached":28,"playtime":2122,"items_purged":["Strike_B"],"score":369,"play_id":"8e8d1dd4-33d6-47ac-b39c-0958e27fecae","local_time":"20180917213143","is_ascension_mode":true,"campfire_choices":[{"floor":6,"key":"REST"},{"floor":8,"key":"REST"},{"data":"Dualcast","floor":15,"key":"SMITH"},{"floor":23,"key":"REST"},{"floor":27,"key":"REST"}],"neow_cost":"NO_GOLD","seed_source_timestamp":202887985587030,"circlet_count":0,"master_deck":["Strike_B","Strike_B","Defend_B","Defend_B","Defend_B","Defend_B","Zap","Dualcast+1","AscendersBane","Creative AI","Rebound","BootSequence","Auto Shields","Undo","Rip and Tear+1","Seek","Hyperbeam+1","Compile Driver+1","FTL+1","Hologram","Beam Cell+1","Beam Cell+1","Go for the Eyes+1","Lockon+1","Doubt","Go for the Eyes+1"],"relics":["Cracked Core","MawBank","Dream Catcher","Golden Idol","Molten Egg 2","GremlinMask","Smiling Mask","Cursed Key","Anchor","Ornamental Fan","Bottled Lightning"],"potions_floor_usage":[7,11,18,22,22,24,25,28],"damage_taken":[{"damage":12,"enemies":"Jaw Worm","floor":1,"turns":3},{"damage":0,"enemies":"Cultist","floor":3,"turns":4},{"damage":0,"enemies":"2 Louse","floor":5,"turns":2},{"damage":20,"enemies":"Lagavulin","floor":7,"turns":7},{"damage":15,"enemies":"3 Sentries","floor":11,"turns":7},{"damage":3,"enemies":"Exordium Wildlife","floor":13,"turns":5},{"damage":46,"enemies":"The Guardian","floor":16,"turns":15},{"damage":10,"enemies":"3 Byrds","floor":18,"turns":4},{"damage":0,"enemies":"2 Thieves","floor":20,"turns":2},{"damage":2,"enemies":"Cultist and Chosen","floor":21,"turns":4},{"damage":25,"enemies":"Shelled Parasite and Fungi","floor":22,"turns":5},{"damage":21,"enemies":"Book of Stabbing","floor":24,"turns":5},{"damage":54,"enemies":"Gremlin Leader","floor":28,"turns":5}],"seed_played":"-1916478566731808001","potions_obtained":[{"floor":3,"key":"Explosive Potion"},{"floor":5,"key":"LiquidBronze"},{"floor":16,"key":"Explosive Potion"},{"floor":20,"key":"FocusPotion"},{"floor":21,"key":"Fruit Juice"},{"floor":22,"key":"Poison Potion"},{"floor":25,"key":"Fruit Juice"},{"floor":25,"key":"Energy Potion"},{"floor":25,"key":"Weak Potion"}],"is_trial":false,"path_per_floor":["M","?","M","$","M","R","E","R","T","?","E","?","M","T","R","B",null,"M","$","M","M","M","R","E","?","T","R"],"character_chosen":"DEFECT","items_purchased":["Anchor","FTL+1","Hologram"],"campfire_rested":4,"item_purchase_floors":[19,19,19],"current_hp_per_floor":[56,56,56,56,56,75,55,75,75,69,54,54,51,51,51,5,53,43,43,43,41,21,43,22,27,27,50,0],"gold":364,"neow_bonus":"THREE_RARE_CARDS","is_prod":false,"is_daily":false,"chose_seed":false,"campfire_upgraded":1,"win_rate":0,"timestamp":1537212703,"path_taken":["M","?","M","$","M","R","E","R","T","?","E","?","?","?","R","BOSS","M","$","M","M","M","R","E","?","T","R","E"],"build_version":"2018-09-06","purchased_purges":1,"victory":false,"max_hp_per_floor":[75,75,75,75,75,75,75,75,75,69,69,69,69,69,69,69,69,69,69,69,69,74,74,74,79,79,79,79],"card_choices":[{"not_picked":["All For One","Machine Learning"],"picked":"Creative AI","floor":0},{"not_picked":["Gash","Chill"],"picked":"Rebound","floor":1},{"not_picked":["Chaos","Conserve Battery"],"picked":"BootSequence","floor":3},{"not_picked":["Streamline","Heatsinks"],"picked":"Auto Shields","floor":5},{"not_picked":["Coolheaded","Barrage"],"picked":"Undo","floor":7},{"not_picked":["Coolheaded","Compile Driver"],"picked":"Rip and Tear","floor":11},{"not_picked":["Beam Cell+1","FTL+1"],"picked":"Seek","floor":13},{"not_picked":["Amplify","Machine Learning"],"picked":"Hyperbeam+1","floor":16},{"not_picked":["Barrage+1","Loop"],"picked":"Compile Driver+1","floor":18},{"not_picked":["Streamline+1","Conserve Battery"],"picked":"Beam Cell+1","floor":20},{"not_picked":["Streamline+1","Aggregate+1","Glacier"],"picked":"SKIP","floor":21},{"not_picked":["Double Energy","Genetic Algorithm"],"picked":"Beam Cell+1","floor":22},{"not_picked":["Stack","Hologram"],"picked":"Go for the Eyes+1","floor":23},{"not_picked":["Fusion","Machine Learning"],"picked":"Lockon+1","floor":24},{"not_picked":["Chaos","Conserve Battery"],"picked":"Go for the Eyes+1","floor":27}],"player_experience":303775,"relics_obtained":[{"floor":7,"key":"MawBank"},{"floor":9,"key":"Dream Catcher"},{"floor":11,"key":"Molten Egg 2"},{"floor":14,"key":"Smiling Mask"},{"floor":24,"key":"Ornamental Fan"},{"floor":26,"key":"Bottled Lightning"}],"event_choices":[{"event_name":"Bonfire Elementals","player_choice":"BASIC","floor":2,"damage_taken":0},{"event_name":"Golden Idol","player_choice":"Lose Max HP","floor":10,"damage_taken":0},{"event_name":"FaceTrader","player_choice":"Trade","floor":12,"damage_taken":0},{"event_name":"The Lab","player_choice":"Got Potions","floor":25,"damage_taken":0}],"is_beta":false,"boss_relics":[{"not_picked":["Astrolabe","Coffee Dripper"],"picked":"Cursed Key"}],"items_purged_floors":[19],"is_endless":false,"potions_floor_spawned":[3,5,16,20,21,22],"killed_by":"Gremlin Leader","ascension_level":10}