{"path_per_floor":["M","?","?","T","M","E","R","M","T","R","E","R","M","M","R","B",null,"M","M","$","?","M"],"character_chosen":"DEFECT","items_purchased":["Coolheaded"],"gold_per_floor":[15,15,15,15,31,70,70,90,113,113,147,147,168,193,193,324,324,340,353,224,224,240,240],"floor_reached":23,"campfire_rested":0,"playtime":1296,"current_hp_per_floor":[73,55,60,60,60,40,40,50,50,50,43,43,48,51,51,31,80,72,53,53,53,34,0],"items_purged":["Strike_B"],"gold":240,"score":201,"play_id":"26c56646-d524-46a8-9a4f-7e92d28dc181","local_time":"20180514210849","is_prod":false,"is_daily":false,"chose_seed":false,"is_ascension_mode":false,"campfire_upgraded":4,"timestamp":1526357329,"path_taken":["M","?","?","?","?","E","R","M","T","R","E","R","M","M","R","BOSS","M","?","$","?","M","E"],"build_version":"2018-05-12v2","seed_source_timestamp":91462707765100,"purchased_purges":1,"victory":false,"master_deck":["Strike_B","Defend_B","Defend_B","Defend_B","Defend_B","Zap+1","Dualcast","Cold Snap","Fission+1","Cold Snap","Genetic Algorithm+1","Ball Lightning+1","Capacitor","Coolheaded+1","Go for the Eyes+1"],"max_hp_per_floor":[75,75,80,80,80,80,80,80,80,80,80,80,80,80,80,80,80,80,80,80,80,80,80],"relics":["Cracked Core","Golden Idol","Meat on the Bone","Dodecahedron","Pen Nib","Regal Pillow","Black Star"],"card_choices":[{"not_picked":["Consume","Sweeping Beam"],"picked":"Cold Snap","floor":1},{"not_picked":["Beam Cell","Stack","Hello World"],"picked":"SKIP","floor":5},{"not_picked":["Static Discharge","Loop"],"picked":"Fission","floor":6},{"not_picked":["Double Energy","Capacitor"],"picked":"Cold Snap","floor":8},{"not_picked":["Reinforced Body","Stack"],"picked":"Genetic Algorithm","floor":11},{"not_picked":["Melter","Undo"],"picked":"Ball Lightning","floor":13},{"not_picked":["Skim","Steam"],"picked":"Capacitor","floor":14},{"not_picked":["Skim","Undo+1","Axe Kick"],"picked":"SKIP","floor":18},{"not_picked":["Capacitor","Skim","Conserve Battery"],"picked":"SKIP","floor":19},{"not_picked":["Loop","Leap"],"picked":"Go for the Eyes+1","floor":22}],"player_experience":85053,"potions_floor_usage":[16,23,23],"damage_taken":[{"damage":2,"enemies":"2 Louse","floor":1,"turns":2},{"damage":0,"enemies":"Small Slimes","floor":5,"turns":3},{"damage":32,"enemies":"Gremlin Nob","floor":6,"turns":5},{"damage":2,"enemies":"Jaw Worm","floor":8,"turns":4},{"damage":7,"enemies":"3 Sentries","floor":11,"turns":10},{"damage":7,"enemies":"Blue Slaver","floor":13,"turns":3},{"damage":9,"enemies":"Lots of Slimes","floor":14,"turns":3},{"damage":32,"enemies":"Hexaghost","floor":16,"turns":12},{"damage":8,"enemies":"Shell Parasite","floor":18,"turns":6},{"damage":19,"enemies":"3 Byrds","floor":19,"turns":6},{"damage":31,"enemies":"3 Cultists","floor":22,"turns":6},{"damage":34,"enemies":"Slavers","floor":23,"turns":4}],"event_choices":[{"event_name":"Golden Idol","player_choice":"Take Damage","floor":2,"damage_taken":0},{"event_name":"Big Fish","player_choice":"Donut","floor":3,"damage_taken":0},{"event_name":"Upgrade Shrine","player_choice":"Upgraded","floor":21,"damage_taken":0}],"boss_relics":[{"not_picked":["Lizard Tail","Tiny House"],"picked":"Black Star"}],"potions_floor_spawned":[1,11,16,19],"seed_played":"1833147788368469879","killed_by":"Slavers","ascension_level":0,"is_trial":false}