{"gold_per_floor":[111,125,50,30,30,30,30,30,55,55,75,93,63,96,96,200,200,140,140,140,152,167,167,16,26,26,26,45,56,56,56],"floor_reached":31,"playtime":2014,"items_purged":["Strike_G","Decay"],"score":350,"play_id":"8df75057-1aa9-44bb-b995-470b610073d5","local_time":"20181009192012","is_ascension_mode":true,"campfire_choices":[{"data":"Neutralize","floor":6,"key":"SMITH"},{"data":"Leg Sweep","floor":8,"key":"SMITH"},{"data":"Predator","floor":10,"key":"SMITH"},{"data":"Calculated Gamble","floor":15,"key":"SMITH"},{"data":"Night Terror","floor":23,"key":"SMITH"},{"floor":27,"key":"REST"}],"neow_cost":"PERCENT_DAMAGE","seed_source_timestamp":21398603382276,"circlet_count":0,"master_deck":["Defend_G","Defend_G","Defend_G","Defend_G","Survivor","Neutralize+1","AscendersBane","Predator+1","Leg Sweep+1","Calculated Gamble+1","Flechettes","Dash","Night Terror+1","Bullet Time","PiercingWail","Calculated Gamble","Setup","Caltrops","Dagger Throw","PiercingWail+1","Backflip+1","Heel Hook"],"relics":["Ring of the Snake","Potion Belt","WingedGreaves","Orrery","Calipers"],"potions_floor_usage":[14,14,16,21,31],"damage_taken":[{"damage":1,"enemies":"Small Slimes","floor":1,"turns":5},{"damage":0,"enemies":"Cultist","floor":2,"turns":4},{"damage":0,"enemies":"Jaw Worm","floor":11,"turns":4},{"damage":1,"enemies":"Blue Slaver","floor":12,"turns":4},{"damage":0,"enemies":"Looter","floor":13,"turns":4},{"damage":10,"enemies":"Gremlin Nob","floor":14,"turns":5},{"damage":21,"enemies":"The Guardian","floor":16,"turns":18},{"damage":2,"enemies":"2 Thieves","floor":18,"turns":4},{"damage":1,"enemies":"Spheric Guardian","floor":21,"turns":3},{"damage":11,"enemies":"Centurion and Healer","floor":22,"turns":8},{"damage":36,"enemies":"Sentry and Sphere","floor":25,"turns":10},{"damage":13,"enemies":"Shelled Parasite and Fungi","floor":28,"turns":12},{"damage":1,"enemies":"Snecko","floor":29,"turns":5},{"damage":14,"enemies":"Cultist and Chosen","floor":31,"turns":6}],"seed_played":"-972955887793187554","potions_obtained":[{"floor":2,"key":"SkillPotion"},{"floor":4,"key":"Ancient Potion"},{"floor":12,"key":"Strength Potion"},{"floor":16,"key":"Explosive Potion"},{"floor":21,"key":"Ancient Potion"},{"floor":22,"key":"Strength Potion"},{"floor":25,"key":"SteroidPotion"},{"floor":28,"key":"PowerPotion"}],"is_trial":false,"path_per_floor":["M","M","$","?","?","R","?","R","T","R","M","M","M","E","R","B",null,"M","?","?","M","M","R","$","M","T","R","M","M","$"],"character_chosen":"THE_SILENT","items_purchased":["Swift Potion"],"campfire_rested":1,"item_purchase_floors":[24],"current_hp_per_floor":[44,44,44,44,44,44,37,37,37,37,37,36,36,26,26,5,54,52,52,52,51,40,40,40,4,4,25,12,11,11,0],"gold":56,"neow_bonus":"REMOVE_TWO","is_prod":false,"is_daily":false,"chose_seed":false,"campfire_upgraded":5,"win_rate":0,"timestamp":1539105612,"path_taken":["M","M","$","?","?","R","?","R","T","R","M","?","?","E","R","BOSS","M","?","?","?","?","R","?","M","T","R","M","M","$","M"],"build_version":"2018-10-08","purchased_purges":2,"victory":false,"max_hp_per_floor":[70,70,70,70,70,70,70,70,70,70,70,70,70,70,70,70,70,70,70,70,70,70,70,70,70,70,70,70,70,70,70],"card_choices":[{"not_picked":["Quick Slash","Calculated Gamble"],"picked":"Predator","floor":1},{"not_picked":["Dagger Throw","Slice"],"picked":"Leg Sweep","floor":2},{"not_picked":["Cloak And Dagger","Accuracy"],"picked":"Calculated Gamble","floor":11},{"not_picked":["Deadly Poison","Prepared"],"picked":"Flechettes","floor":12},{"not_picked":["Dagger Throw","Escape Plan"],"picked":"Dash","floor":13},{"not_picked":["All Out Attack","Flying Knee"],"picked":"Night Terror","floor":14},{"not_picked":["Die Die Die","Envenom"],"picked":"Bullet Time","floor":16},{"not_picked":["Quick Slash","Riddle With Holes"],"picked":"PiercingWail","floor":17},{"not_picked":["Distraction","Skewer"],"picked":"Calculated Gamble","floor":17},{"not_picked":["Infinite Blades","Distraction"],"picked":"Setup","floor":18},{"not_picked":["Cloak And Dagger","Deadly Poison"],"picked":"PiercingWail+1","floor":21},{"not_picked":["Backstab","Calculated Gamble+1"],"picked":"Backflip+1","floor":22},{"not_picked":["Skewer","Poisoned Stab+1","Dagger Spray"],"picked":"SKIP","floor":25},{"not_picked":["Setup","Flying Knee"],"picked":"Heel Hook","floor":28},{"not_picked":["Corpse Explosion","Acrobatics","Accuracy"],"picked":"SKIP","floor":29}],"player_experience":203000,"relics_obtained":[{"floor":9,"key":"Potion Belt"},{"floor":14,"key":"WingedGreaves"},{"floor":26,"key":"Calipers"}],"event_choices":[{"event_name":"The Woman in Blue","player_choice":"Bought 1 Potion","floor":4,"damage_taken":0},{"event_name":"Golden Idol","player_choice":"Ignored","floor":5,"damage_taken":0},{"event_name":"Golden Wing","player_choice":"Card Removal","floor":7,"damage_taken":0},{"event_name":"Forgotten Altar","player_choice":"Smashed Altar","floor":19,"damage_taken":0},{"event_name":"Drug Dealer","player_choice":"Became Test Subject","floor":20,"damage_taken":0}],"is_beta":true,"boss_relics":[{"not_picked":["Sozu","Pandora\u0027s Box"],"picked":"Orrery"}],"items_purged_floors":[3,24],"is_endless":false,"potions_floor_spawned":[2,12,16,21,22,25,28],"killed_by":"Cultist and Chosen","ascension_level":10}