{"path_per_floor":["M","M","?","M","?","E","M","R","T","M","R","M","E","M","R"],"character_chosen":"THE_SILENT","items_purchased":[],"gold_per_floor":[113,125,75,93,168,203,220,220,245,264,264,279,334,347,347],"floor_reached":16,"campfire_rested":0,"playtime":935,"current_hp_per_floor":[69,65,65,65,54,49,44,44,44,29,29,29,24,24,24],"items_purged":[],"gold":347,"play_id":"cf7fbf91-b351-41d1-aeb2-2a0294017554","is_prod":false,"is_daily":false,"is_ascension_mode":false,"campfire_upgraded":3,"path_taken":["M","M","?","M","?","E","M","R","T","M","R","M","E","M","R","BOSS"],"build_version":"2018-02-01-PROD1","purchased_purges":0,"victory":false,"master_deck":["Defend_G","Defend_G","Defend_G","Defend_G","Defend_G","Strike_G","Strike_G","Strike_G","Strike_G","Survivor","Neutralize+1","Poisoned Stab","Flying Knee","Terror+1","Unload","Outmaneuver","Infinite Blades+1","Finisher","Flying Knee","Slice"],"max_hp_per_floor":[70,70,70,70,70,70,70,70,70,70,70,70,70,70,70],"relics":["Runic Pyramid","Frozen Eye","Omamori","Tiny Chest"],"card_choices":[{"not_picked":["Predator","Reflex"],"picked":"Poisoned Stab"},{"not_picked":["Dagger Throw","Catalyst"],"picked":"Flying Knee"},{"not_picked":["Dodge and Roll","PiercingWail"],"picked":"Terror"},{"not_picked":["Slice","Dodge and Roll"],"picked":"Unload"},{"not_picked":["Quick Slash","Flying Knee"],"picked":"Outmaneuver"},{"not_picked":["Dodge and Roll","Outmaneuver"],"picked":"Infinite Blades"},{"not_picked":["Terror","Acrobatics"],"picked":"Finisher"},{"not_picked":["Leg Sweep","Choke"],"picked":"Flying Knee"},{"not_picked":["Flechettes","Acrobatics"],"picked":"Slice"}],"player_experience":66142,"potions_floor_usage":[7,13,16,16],"damage_taken":[{"damage":1,"enemies":"Jaw Worm","floor":1,"turns":6},{"damage":4,"enemies":"2 Louse","floor":2,"turns":2},{"damage":0,"enemies":"Cultist","floor":4,"turns":4},{"damage":5,"enemies":"Lagavulin","floor":6,"turns":7},{"damage":5,"enemies":"Exordium Thugs","floor":7,"turns":6},{"damage":15,"enemies":"3 Louse","floor":10,"turns":3},{"damage":0,"enemies":"2 Fungi Beasts","floor":12,"turns":4},{"damage":5,"enemies":"Gremlin Nob","floor":13,"turns":4},{"damage":0,"enemies":"Looter","floor":14,"turns":3},{"damage":31,"enemies":"Slime Boss","floor":16,"turns":9}],"event_choices":[{"event_name":"The Cleric","player_choice":"Card Removal","floor":3,"damage_taken":0},{"event_name":"World of Goop","player_choice":"Gather Gold","floor":5,"damage_taken":0}],"boss_relics":[],"potions_floor_spawned":[1,6,7,14],"seed_played":"2319049964988046170","killed_by":"Slime Boss","ascension_level":0,"is_trial":false}