{"path_per_floor":["M","M","M","M","?","R","E","$","T","M","M","?","R","?","R","B",null,"M","M","$","?","?"],"character_chosen":"IRONCLAD","items_purchased":["Flash of Steel","Mercury Hourglass"],"gold_per_floor":[114,132,152,164,164,164,194,15,15,33,50,50,50,225,225,356,356,380,394,49,49,49],"floor_reached":23,"campfire_rested":1,"playtime":1305,"current_hp_per_floor":[80,80,80,61,61,61,41,41,41,39,54,34,34,34,58,22,80,78,29,29,29,29],"items_purged":["Regret","Doubt"],"gold":49,"score":201,"play_id":"7a8ad7cc-4db6-446a-b86c-24e98fc6c22b","is_prod":false,"is_daily":false,"is_ascension_mode":true,"campfire_upgraded":2,"path_taken":["M","M","M","M","?","R","E","$","T","M","M","?","R","?","R","BOSS","M","M","$","?","?","E"],"build_version":"2018-02-22-PROD2","purchased_purges":2,"victory":false,"master_deck":["Strike_R","Strike_R","Strike_R","Strike_R","Strike_R","Defend_R","Defend_R","Defend_R","Defend_R","Bash","Sword Boomerang","Entrench+1","Body Slam+1","Iron Wave","Flame Barrier","Flex","Flash of Steel","Fiend Fire","Seeing Red","Offering","Body Slam","Hemokinesis"],"max_hp_per_floor":[80,80,80,80,80,80,80,80,80,80,80,80,80,80,80,80,80,80,80,80,80,80],"relics":["Burning Blood","Pantograph","Mummified Hand","Pen Nib","Golden Idol","Black Star","Mercury Hourglass","Smiling Mask"],"card_choices":[{"not_picked":["Clothesline","Wild Strike"],"picked":"Sword Boomerang"},{"not_picked":["Cleave","Clothesline"],"picked":"Entrench"},{"not_picked":["Uppercut","Sword Boomerang"],"picked":"Body Slam"},{"not_picked":["Cleave","Dropkick"],"picked":"Iron Wave"},{"not_picked":["Second Wind","Whirlwind"],"picked":"Flame Barrier"},{"not_picked":["Clothesline","Second Wind"],"picked":"Flex"},{"not_picked":["Battle Trance","True Grit"],"picked":"Fiend Fire"},{"not_picked":["Rampage","Heavy Blade"],"picked":"Seeing Red"},{"not_picked":["Brutality","Berserk"],"picked":"Offering"},{"not_picked":["Fire Breathing","Cleave"],"picked":"Body Slam"},{"not_picked":["Headbutt","Anger"],"picked":"Hemokinesis"}],"player_experience":72362,"potions_floor_usage":[7,11],"damage_taken":[{"damage":0,"enemies":"2 Louse","floor":1,"turns":3},{"damage":6,"enemies":"Jaw Worm","floor":2,"turns":4},{"damage":5,"enemies":"Small Slimes","floor":3,"turns":3},{"damage":25,"enemies":"Exordium Wildlife","floor":4,"turns":6},{"damage":26,"enemies":"Lagavulin","floor":7,"turns":9},{"damage":8,"enemies":"2 Fungi Beasts","floor":10,"turns":4},{"damage":0,"enemies":"Large Slime","floor":11,"turns":4},{"damage":64,"enemies":"The Guardian","floor":16,"turns":13},{"damage":8,"enemies":"Chosen","floor":18,"turns":5},{"damage":55,"enemies":"Shell Parasite","floor":19,"turns":9},{"damage":29,"enemies":"Gremlin Leader","floor":23,"turns":1}],"event_choices":[{"event_name":"Big Fish","player_choice":"Box","floor":5,"damage_taken":0},{"event_name":"Golden Idol","player_choice":"Take Damage","floor":12,"damage_taken":0},{"event_name":"Liars Game","player_choice":"agreed","floor":14,"damage_taken":0},{"event_name":"The Mausoleum","player_choice":"Yes","floor":21,"damage_taken":0},{"event_name":"Cursed Tome","player_choice":"Ignored","floor":22,"damage_taken":0}],"boss_relics":[{"not_picked":["Orrery","Mark of Pain"],"picked":"Black Star"}],"potions_floor_spawned":[1,7,10,19],"seed_played":"4704732524914098814","killed_by":"Gremlin Leader","ascension_level":1,"is_trial":false}