{"path_per_floor":["M","?","M","$","M","E","R","E","T","?","R","E","M","?","R","B",null,"M","$","M","$","?"],"character_chosen":"THE_SILENT","items_purchased":["Cloak And Dagger","Accuracy","Oddly Smooth Stone"],"gold_per_floor":[116,66,76,53,65,93,93,125,125,125,125,154,165,165,165,265,265,285,245,213,66,66,66],"floor_reached":23,"campfire_rested":3,"playtime":1389,"current_hp_per_floor":[63,63,63,63,63,38,59,23,23,40,61,49,35,35,56,23,58,50,50,21,21,21,0],"items_purged":[],"gold":66,"score":325,"play_id":"1e8eb71d-bbce-4c5a-8ccb-9271e1f49e7c","local_time":"20180501182303","is_prod":false,"is_daily":false,"chose_seed":false,"is_ascension_mode":true,"campfire_upgraded":0,"timestamp":1525224183,"path_taken":["M","?","?","?","M","E","R","E","T","?","R","E","M","?","R","BOSS","M","$","M","$","?","E"],"build_version":"2018-04-28v2","seed_source_timestamp":1731246920314938,"purchased_purges":0,"victory":false,"master_deck":["Defend_G","Defend_G","Defend_G","Defend_G","Strike_G","Strike_G","Strike_G","Strike_G","Strike_G","Survivor","Neutralize","Infinite Blades+1","Dagger Throw","Cloak And Dagger","Backflip","Poisoned Stab","Die Die Die","Parasite","Prepared","Footwork","Tools of the Trade","Flying Knee","Accuracy","Cloak And Dagger","Ghostly","Ghostly","Ghostly","Ghostly","Ghostly"],"max_hp_per_floor":[70,70,70,70,70,70,70,70,70,70,70,70,70,70,70,70,70,70,70,70,70,35,35],"relics":["Ring of the Snake","NeowsBlessing","Art of War","Calipers","Toolbox","Torii","White Beast Statue","Oddly Smooth Stone"],"card_choices":[{"not_picked":["Noxious Fumes","Escape Plan"],"picked":"Infinite Blades","floor":1},{"not_picked":["Outmaneuver","Acrobatics"],"picked":"Dagger Throw","floor":3},{"not_picked":["Slice","Outmaneuver"],"picked":"Backflip","floor":5},{"not_picked":["Finisher","Underhanded Strike"],"picked":"Poisoned Stab","floor":6},{"not_picked":["Tactician","PiercingWail"],"picked":"Die Die Die","floor":8},{"not_picked":["Backstab","Crippling Poison"],"picked":"Prepared","floor":12},{"not_picked":["Reflex","Slice"],"picked":"Footwork","floor":13},{"not_picked":["Venomology","Wraith Form v2"],"picked":"Tools of the Trade","floor":16},{"not_picked":["Prepared","Slice"],"picked":"Flying Knee","floor":18},{"not_picked":["Deflect","Outmaneuver"],"picked":"Cloak And Dagger","floor":20}],"player_experience":251801,"potions_floor_usage":[16,20,23,23],"damage_taken":[{"damage":0,"enemies":"Jaw Worm","floor":1,"turns":1},{"damage":0,"enemies":"2 Louse","floor":3,"turns":1},{"damage":0,"enemies":"Cultist","floor":5,"turns":1},{"damage":25,"enemies":"3 Sentries","floor":6,"turns":10},{"damage":36,"enemies":"Gremlin Nob","floor":8,"turns":5},{"damage":12,"enemies":"3 Sentries","floor":12,"turns":6},{"damage":14,"enemies":"Red Slaver","floor":13,"turns":4},{"damage":33,"enemies":"Slime Boss","floor":16,"turns":14},{"damage":8,"enemies":"3 Byrds","floor":18,"turns":5},{"damage":29,"enemies":"2 Thieves","floor":20,"turns":5},{"damage":25,"enemies":"Slavers","floor":23,"turns":5}],"event_choices":[{"event_name":"The Cleric","player_choice":"Card Removal","floor":2,"damage_taken":0},{"event_name":"Mushrooms","player_choice":"Healed and dodged fight","floor":10,"damage_taken":0},{"event_name":"Living Wall","player_choice":"Grow","floor":14,"damage_taken":0},{"event_name":"Ghosts","player_choice":"Became a Ghost","floor":22,"damage_taken":0}],"boss_relics":[{"not_picked":["Tiny House","Runic Dome"],"picked":"White Beast Statue"}],"potions_floor_spawned":[1,13,18,20],"seed_played":"-7951334281707863907","killed_by":"Slavers","ascension_level":9,"is_trial":false}