{"path_per_floor":["M","M","?","M","M","E","R","E","T","E"],"character_chosen":"DEFECT","items_purchased":[],"gold_per_floor":[17,31,31,44,63,95,95,126,126,156,156],"floor_reached":11,"campfire_rested":0,"playtime":471,"item_purchase_floors":[],"current_hp_per_floor":[75,66,66,65,59,35,35,10,10,1,0],"items_purged":[],"gold":156,"score":112,"play_id":"de16dd9b-ebd1-4ac1-8762-fc2a129e8d65","local_time":"20180601161742","is_prod":false,"is_daily":false,"chose_seed":false,"is_ascension_mode":true,"campfire_upgraded":1,"win_rate":0,"timestamp":1527884262,"campfire_choices":[{"data":"Zap","floor":7,"key":"SMITH"}],"path_taken":["M","M","?","M","M","E","R","E","T","E","M"],"build_version":"2018-05-30v2","seed_source_timestamp":355476642454647,"purchased_purges":0,"victory":false,"master_deck":["Strike_B","Strike_B","Strike_B","Strike_B","Defend_B","Defend_B","Defend_B","Defend_B","Zap+1","Dualcast","Heatsinks","Beam Cell","Double Energy","Auto Shields","Redo","Reboot","Amplify"],"max_hp_per_floor":[75,75,75,75,75,75,75,75,75,75,75],"relics":["Cracked Core","Dead Branch","Regal Pillow","Smiling Mask","Torii","Girya"],"card_choices":[{"not_picked":["Steam","Sweeping Beam"],"picked":"Heatsinks","floor":1},{"not_picked":["Cold Snap","Hologram"],"picked":"Beam Cell","floor":2},{"not_picked":["Lockon","Streamline"],"picked":"Double Energy","floor":4},{"not_picked":["Skim","Fission"],"picked":"Auto Shields","floor":5},{"not_picked":["Cold Snap","Barrage"],"picked":"Redo","floor":6},{"not_picked":["Capacitor","Double Energy"],"picked":"Reboot","floor":8},{"not_picked":["Chill","Aggregate"],"picked":"Amplify","floor":10}],"player_experience":243399,"potions_floor_usage":[10,10],"damage_taken":[{"damage":0,"enemies":"2 Louse","floor":1,"turns":2},{"damage":9,"enemies":"Jaw Worm","floor":2,"turns":4},{"damage":1,"enemies":"Cultist","floor":4,"turns":3},{"damage":6,"enemies":"Blue Slaver","floor":5,"turns":3},{"damage":24,"enemies":"3 Sentries","floor":6,"turns":8},{"damage":25,"enemies":"Lagavulin","floor":8,"turns":7},{"damage":9,"enemies":"3 Sentries","floor":10,"turns":6},{"damage":1,"enemies":"Red Slaver","floor":11,"turns":3}],"relics_obtained":[{"floor":6,"key":"Regal Pillow"},{"floor":8,"key":"Smiling Mask"},{"floor":9,"key":"Torii"},{"floor":10,"key":"Girya"}],"event_choices":[{"event_name":"The Cleric","player_choice":"Leave","floor":3,"damage_taken":0}],"boss_relics":[],"items_purged_floors":[],"potions_floor_spawned":[1,4],"seed_played":"-1589455818531335659","killed_by":"Red Slaver","ascension_level":4,"potions_obtained":[{"floor":1,"key":"GamblersBrew"},{"floor":4,"key":"FocusPotion"}],"is_trial":false}