{"path_per_floor":["M","?","$","M","T","E","?","E","T","M","E","M","M"],"character_chosen":"DEFECT","items_purchased":["Thinking Ahead"],"gold_per_floor":[119,294,5,22,72,102,102,135,162,182,213,225,243,243],"floor_reached":14,"campfire_rested":0,"playtime":505,"item_purchase_floors":[3],"current_hp_per_floor":[67,67,67,66,66,31,31,6,6,5,2,4,1,0],"items_purged":["Doubt"],"gold":243,"score":121,"play_id":"f914c13f-bb51-4418-8a44-44d825ffe356","local_time":"20180530221711","is_prod":false,"is_daily":false,"chose_seed":false,"is_ascension_mode":true,"campfire_upgraded":0,"win_rate":0,"timestamp":1527733031,"campfire_choices":[],"path_taken":["M","?","$","M","?","E","?","E","T","M","E","M","M","M"],"build_version":"2018-05-30","seed_source_timestamp":204210048390879,"purchased_purges":1,"victory":false,"master_deck":["Strike_B","Strike_B","Strike_B","Strike_B","Defend_B","Defend_B","Defend_B","Defend_B","Zap","Dualcast","Sweeping Beam","Thinking Ahead","Tempest","Regret","Rebound","Ball Lightning","Turbo","Loop","Loop"],"max_hp_per_floor":[75,75,75,75,75,75,75,75,75,75,75,75,75,75],"relics":["Cracked Core","Regal Pillow","Blood Vial","Pen Nib","Potion Belt","Bag of Marbles","Boot"],"card_choices":[{"not_picked":["Hologram","Rebound"],"picked":"Sweeping Beam","floor":1},{"not_picked":["Fusion","Chaos","Barrage"],"picked":"SKIP","floor":4},{"not_picked":["Stack","Blizzard"],"picked":"Tempest","floor":6},{"not_picked":["Stack","Hello World"],"picked":"Rebound","floor":8},{"not_picked":["Barrage","Coolheaded"],"picked":"Ball Lightning","floor":10},{"not_picked":["Conserve Battery","Steam"],"picked":"Turbo","floor":11},{"not_picked":["Rebound","Defragment"],"picked":"Loop","floor":12},{"not_picked":["Conserve Battery","Capacitor"],"picked":"Loop","floor":13}],"player_experience":213612,"potions_floor_usage":[13,13,14],"damage_taken":[{"damage":8,"enemies":"Jaw Worm","floor":1,"turns":4},{"damage":1,"enemies":"Cultist","floor":4,"turns":3},{"damage":35,"enemies":"Lagavulin","floor":6,"turns":8},{"damage":27,"enemies":"3 Sentries","floor":8,"turns":7},{"damage":3,"enemies":"2 Louse","floor":10,"turns":2},{"damage":5,"enemies":"Gremlin Nob","floor":11,"turns":3},{"damage":0,"enemies":"2 Fungi Beasts","floor":12,"turns":2},{"damage":5,"enemies":"Blue Slaver","floor":13,"turns":3},{"damage":12,"enemies":"Exordium Wildlife","floor":14,"turns":1}],"relics_obtained":[{"floor":5,"key":"Regal Pillow"},{"floor":6,"key":"Blood Vial"},{"floor":8,"key":"Potion Belt"},{"floor":9,"key":"Bag of Marbles"},{"floor":11,"key":"Boot"}],"event_choices":[{"event_name":"Liars Game","player_choice":"agreed","floor":2,"damage_taken":0},{"event_name":"Big Fish","player_choice":"Box","floor":7,"damage_taken":0}],"boss_relics":[],"items_purged_floors":[3],"potions_floor_spawned":[4,8,11,13],"seed_played":"5748131150645499312","killed_by":"Exordium Wildlife","ascension_level":2,"potions_obtained":[{"floor":4,"key":"Block Potion"},{"floor":8,"key":"Energy Potion"},{"floor":11,"key":"Weak Potion"},{"floor":13,"key":"Dexterity Potion"}],"is_trial":false}