{"gold_per_floor":[12,31,41,54,67,67,99,118,172,172,200,216,232,260,260,356,356,368,385,400,413,413,448,448,481,504,515,530,544,573,592,592,688,688,701,701,753,764,781,813,830,862,874,913,936,948,264,277,277,277],"floor_reached":51,"playtime":3842,"items_purged":["Clumsy"],"score":1099,"play_id":"55c49590-d7a3-411b-ae3f-cda58cc0894b","local_time":"20180816221828","is_ascension_mode":true,"campfire_choices":[{"data":"Armaments","floor":6,"key":"SMITH"},{"floor":10,"key":"REST"},{"data":"Metallicize","floor":15,"key":"SMITH"},{"floor":24,"key":"REST"},{"data":"Metallicize","floor":32,"key":"SMITH"},{"data":"Brutality","floor":49,"key":"SMITH"}],"neow_cost":"NO_GOLD","seed_source_timestamp":180147434583753,"circlet_count":0,"master_deck":["Strike_R+1","Strike_R+1","Strike_R+1","Strike_R+1","Defend_R+1","Defend_R+1","Defend_R+1","Defend_R+1","Bash","Feed","Armaments+1","Cleave+1","Metallicize","Inflame","Metallicize+1","Double Tap","Shrug It Off","Dropkick+1","Twin Strike+1","Reaper","Flex+1","Iron Wave+1","Metallicize+1","Double Tap","Inflame+1","Thunderclap","Brutality+1","Shrug It Off+1","Metallicize+1","Rupture+1","Madness","Madness","Rupture+1","Clothesline+1","Blood for Blood+1"],"relics":["Burning Blood","Whetstone","Red Skull","Letter Opener","Gremlin Horn","Black Star","Lantern","Bronze Scales","Mummified Hand","Self Forming Clay","Boot","Thread and Needle","Prayer Wheel","Cursed Key","Incense Burner","Meat on the Bone","Darkstone Periapt","MawBank","Regal Pillow","Molten Egg 2","Question Card","Bottled Flame","DollysMirror","Champion Belt"],"potions_floor_usage":[7,16,16,23,23,23,30,31,38,42,50,50,50],"damage_taken":[{"damage":0,"enemies":"Cultist","floor":1,"turns":2},{"damage":8,"enemies":"Small Slimes","floor":2,"turns":6},{"damage":20,"enemies":"Jaw Worm","floor":3,"turns":6},{"damage":7,"enemies":"3 Louse","floor":4,"turns":3},{"damage":9,"enemies":"2 Fungi Beasts","floor":5,"turns":5},{"damage":37,"enemies":"Lagavulin","floor":7,"turns":8},{"damage":8,"enemies":"Blue Slaver","floor":8,"turns":3},{"damage":23,"enemies":"Gremlin Nob","floor":11,"turns":4},{"damage":4,"enemies":"Looter","floor":12,"turns":3},{"damage":6,"enemies":"3 Louse","floor":13,"turns":4},{"damage":14,"enemies":"Lagavulin","floor":14,"turns":7},{"damage":26,"enemies":"Slime Boss","floor":16,"turns":7},{"damage":5,"enemies":"3 Byrds","floor":18,"turns":5},{"damage":28,"enemies":"Spheric Guardian","floor":19,"turns":7},{"damage":45,"enemies":"Centurion and Healer","floor":20,"turns":10},{"damage":10,"enemies":"3 Cultists","floor":21,"turns":4},{"damage":51,"enemies":"Book of Stabbing","floor":23,"turns":8},{"damage":56,"enemies":"Slavers","floor":25,"turns":6},{"damage":10,"enemies":"Cultist and Chosen","floor":27,"turns":6},{"damage":5,"enemies":"Centurion and Healer","floor":28,"turns":4},{"damage":0,"enemies":"3 Cultists","floor":29,"turns":3},{"damage":20,"enemies":"Gremlin Leader","floor":30,"turns":6},{"damage":0,"enemies":"Cultist and Chosen","floor":31,"turns":5},{"damage":77,"enemies":"Automaton","floor":33,"turns":12},{"damage":12,"enemies":"Flame Bruiser 1 Orb","floor":35,"turns":6},{"damage":23,"floor":37,"turns":5},{"damage":11,"enemies":"3 Darklings","floor":38,"turns":5},{"damage":25,"enemies":"4 Shapes","floor":39,"turns":4},{"damage":45,"enemies":"Giant Head","floor":40,"turns":7},{"damage":3,"enemies":"Transient","floor":41,"turns":5},{"damage":20,"enemies":"Nemesis","floor":42,"turns":8},{"damage":7,"enemies":"2 Orb Walkers","floor":44,"turns":4},{"damage":7,"enemies":"3 Darklings","floor":45,"turns":5},{"damage":1,"enemies":"Flame Bruiser 2 Orb","floor":48,"turns":6},{"damage":78,"enemies":"Awakened One","floor":50,"turns":9}],"seed_played":"-8998646380608976742","potions_obtained":[{"floor":1,"key":"Weak Potion"},{"floor":4,"key":"Weak Potion"},{"floor":5,"key":"EssenceOfSteel"},{"floor":8,"key":"SkillPotion"},{"floor":11,"key":"Strength Potion"},{"floor":12,"key":"Strength Potion"},{"floor":18,"key":"Weak Potion"},{"floor":20,"key":"Energy Potion"},{"floor":21,"key":"Regen Potion"},{"floor":29,"key":"FearPotion"},{"floor":30,"key":"AttackPotion"},{"floor":33,"key":"SneckoOil"},{"floor":37,"key":"Fire Potion"},{"floor":39,"key":"Regen Potion"},{"floor":41,"key":"SpeedPotion"},{"floor":44,"key":"FearPotion"},{"floor":48,"key":"Strength Potion"}],"is_trial":false,"path_per_floor":["M","M","M","M","M","R","E","M","T","R","E","M","M","E","R","B",null,"M","M","M","M","?","E","R","E","T","M","M","M","E","M","R","B",null,"M","?","?","M","M","E","M","E","T","E","M","?","$","M","R","B"],"character_chosen":"IRONCLAD","items_purchased":["DollysMirror","Champion Belt","GamblersBrew","Clothesline+1"],"campfire_rested":2,"item_purchase_floors":[47,47,47,47],"current_hp_per_floor":[83,85,75,77,78,78,50,51,51,82,68,73,76,72,72,56,105,110,88,49,48,48,21,60,28,28,37,41,53,70,93,93,33,116,126,126,130,146,130,91,100,94,100,99,133,114,114,140,140,102],"gold":277,"neow_bonus":"THREE_RARE_CARDS","is_prod":false,"is_daily":false,"chose_seed":false,"campfire_upgraded":4,"win_rate":0,"timestamp":1534483108,"path_taken":["M","?","M","M","M","R","E","M","T","R","E","?","M","E","R","BOSS","M","M","?","M","?","E","R","E","T","M","M","M","E","M","R","BOSS","M","?","?","M","M","E","?","E","T","E","?","?","$","?","R","BOSS"],"build_version":"2018-08-16","purchased_purges":1,"victory":true,"max_hp_per_floor":[83,87,91,94,98,98,101,104,104,104,107,110,113,117,117,121,121,125,125,125,128,128,131,131,134,134,134,137,140,140,143,143,143,143,143,143,146,146,149,149,149,149,155,155,155,155,155,155,155,159],"card_choices":[{"not_picked":["Offering","Impervious"],"picked":"Feed","floor":0},{"not_picked":["Intimidate","Heavy Blade"],"picked":"Armaments","floor":1},{"not_picked":["Havoc","Wild Strike"],"picked":"Cleave","floor":2},{"not_picked":["Dropkick","Perfected Strike"],"picked":"Metallicize","floor":3},{"not_picked":["Intimidate","Corruption","Sentinel"],"picked":"SKIP","floor":4},{"not_picked":["Feel No Pain","Wild Strike","Clothesline"],"picked":"SKIP","floor":5},{"not_picked":["Body Slam","Clash","Rampage"],"picked":"SKIP","floor":7},{"not_picked":["Dual Wield","Cleave","Searing Blow"],"picked":"SKIP","floor":8},{"not_picked":["Clothesline","Searing Blow"],"picked":"Inflame","floor":11},{"not_picked":["Havoc","Intimidate"],"picked":"Metallicize","floor":12},{"not_picked":["Reckless Charge","Warcry","Bloodletting"],"picked":"SKIP","floor":13},{"not_picked":["Twin Strike","Dual Wield","Iron Wave"],"picked":"SKIP","floor":14},{"not_picked":["Fiend Fire","Brutality"],"picked":"Double Tap","floor":16},{"not_picked":["Rage","Iron Wave"],"picked":"Shrug It Off","floor":18},{"not_picked":["Sword Boomerang+1","Cleave+1"],"picked":"Dropkick+1","floor":19},{"not_picked":["Pommel Strike","Combust+1","Corruption"],"picked":"SKIP","floor":20},{"not_picked":["Dark Embrace","True Grit"],"picked":"Twin Strike+1","floor":21},{"not_picked":["Pommel Strike","Sword Boomerang"],"picked":"Reaper","floor":23},{"not_picked":["Sword Boomerang","Infernal Blade+1","Whirlwind"],"picked":"SKIP","floor":25},{"not_picked":["Thunderclap+1","Havoc","Sentinel+1"],"picked":"SKIP","floor":27},{"not_picked":["True Grit","Warcry+1"],"picked":"Flex+1","floor":28},{"not_picked":["True Grit+1","Blood for Blood","Carnage"],"picked":"SKIP","floor":29},{"not_picked":["Armaments+1","Rupture","Searing Blow"],"picked":"SKIP","floor":30},{"not_picked":["Combust","Body Slam"],"picked":"Iron Wave+1","floor":31},{"not_picked":["Clash","Shrug It Off","Metallicize"],"picked":"SKIP","floor":31},{"not_picked":["Clash","Shrug It Off"],"picked":"Metallicize","floor":31},{"not_picked":["Bludgeon","Immolate"],"picked":"Double Tap","floor":33},{"not_picked":["Pommel Strike+1","Burning Pact+1"],"picked":"Inflame+1","floor":35},{"not_picked":["Warcry","Power Through+1","Dropkick+1"],"picked":"SKIP","floor":35},{"not_picked":["Cleave+1","Pommel Strike+1","Burning Pact+1"],"picked":"SKIP","floor":38},{"not_picked":["Twin Strike+1","Iron Wave+1","Cleave+1"],"picked":"SKIP","floor":38},{"not_picked":["Reckless Charge","Twin Strike+1"],"picked":"Thunderclap","floor":39},{"not_picked":["Twin Strike","Entrench"],"picked":"Brutality","floor":39},{"not_picked":["Sword Boomerang+1","Fire Breathing","Seeing Red"],"picked":"SKIP","floor":40},{"not_picked":["Bloodletting+1","Cleave"],"picked":"Shrug It Off+1","floor":41},{"not_picked":["Headbutt+1","Searing Blow+1","Iron Wave+1"],"picked":"SKIP","floor":41},{"not_picked":["Immolate","Wild Strike","Intimidate"],"picked":"SKIP","floor":42},{"not_picked":["Evolve","Dual Wield+1","Shrug It Off"],"picked":"SKIP","floor":44},{"not_picked":["Cleave+1","Blood for Blood+1","Sentinel+1"],"picked":"Metallicize+1","floor":45},{"not_picked":["Thunderclap+1","Feel No Pain+1","True Grit+1"],"picked":"Rupture+1","floor":45},{"not_picked":["True Grit+1","Carnage+1","Headbutt+1"],"picked":"Blood for Blood+1","floor":48},{"not_picked":["Perfected Strike+1","Hemokinesis+1","Whirlwind+1","Cleave+1"],"picked":"SKIP","floor":48}],"player_experience":413198,"relics_obtained":[{"floor":7,"key":"Whetstone"},{"floor":9,"key":"Red Skull"},{"floor":11,"key":"Letter Opener"},{"floor":14,"key":"Gremlin Horn"},{"floor":23,"key":"Lantern"},{"floor":23,"key":"Bronze Scales"},{"floor":25,"key":"Mummified Hand"},{"floor":25,"key":"Self Forming Clay"},{"floor":26,"key":"Boot"},{"floor":30,"key":"Thread and Needle"},{"floor":30,"key":"Prayer Wheel"},{"floor":37,"key":"Incense Burner"},{"floor":40,"key":"Meat on the Bone"},{"floor":40,"key":"Darkstone Periapt"},{"floor":42,"key":"MawBank"},{"floor":42,"key":"Regal Pillow"},{"floor":43,"key":"Molten Egg 2"},{"floor":44,"key":"Question Card"},{"floor":44,"key":"Bottled Flame"}],"event_choices":[{"event_name":"Back to Basics","player_choice":"Simplicity","floor":22,"damage_taken":0},{"event_name":"Falling","player_choice":"Removed Attack","floor":36,"damage_taken":0},{"event_name":"Mysterious Sphere","player_choice":"Fight","floor":37,"damage_taken":0},{"event_name":"Winding Halls","player_choice":"Embrace Madness","floor":46,"damage_taken":0}],"is_beta":false,"boss_relics":[{"not_picked":["Velvet Choker","Philosopher\u0027s Stone"],"picked":"Black Star"},{"not_picked":["Black Blood","Tiny House"],"picked":"Cursed Key"}],"items_purged_floors":[47],"is_endless":false,"potions_floor_spawned":[1,4,5,8,11,12,18,20,21,29,30,33,37,39,41,44,45,48],"ascension_level":5}