{"path_per_floor":["M","M","?","?","M","R","E","M","T","M","M","M","R","M","R","B",null,"M","$","M","$","M","R","?","R","T","E","M","M","E","M","R","B",null,"M","$","M","M","M","R","M","E","T","?","R","$","M","M","R","B"],"character_chosen":"THE_SILENT","items_purchased":["Footwork","Ancient Tea Set","Art of War","Quick Slash","Toolbox","Apotheosis"],"gold_per_floor":[114,129,129,129,144,144,174,189,269,284,299,314,314,329,329,429,429,444,259,274,73,88,88,88,88,163,193,208,223,253,268,268,368,368,383,133,148,163,178,178,193,223,223,223,223,44,59,74,74,74],"floor_reached":51,"campfire_rested":1,"playtime":3788,"current_hp_per_floor":[68,67,66,65,64,63,55,59,65,65,64,62,62,60,60,53,64,63,62,60,60,46,46,46,46,52,44,46,43,43,47,47,33,59,58,57,56,43,40,40,44,48,54,44,44,44,50,40,50,55],"items_purged":[],"gold":74,"score":827,"play_id":"716fe117-2210-47bc-ba77-e9901fa28b68","local_time":"20180403231416","daily_mods":["Allstar","Cursed Run","Terminal"],"is_prod":false,"is_daily":true,"is_ascension_mode":false,"campfire_upgraded":8,"timestamp":1522811656,"path_taken":["M","M","?","?","M","R","E","M","T","M","M","?","R","M","R","BOSS","M","$","M","$","M","R","?","R","T","E","M","M","E","M","R","BOSS","M","$","M","M","M","R","M","E","T","?","R","$","M","M","R","BOSS"],"build_version":"2018-03-29v2","purchased_purges":0,"victory":true,"master_deck":["Defend_G+1","Defend_G+1","Defend_G+1","Defend_G+1","Defend_G+1","Strike_G+1","Strike_G+1","Strike_G+1","Strike_G+1","Survivor","Neutralize+1","Bandage Up","Panache+1","Masterful Stab","Dagger Throw","Doppelganger+1","Crippling Poison","Flying Knee","Decay","Backstab","Escape Plan","Flying Knee","Backflip+1","Writhe","Adrenaline+1","Malaise+1","Footwork+1","Choke","Quick Slash","Outmaneuver+1","Doubt","Acrobatics","Backflip+1","Dagger Spray+1","Crippling Poison+1","Unload","Parasite","Die Die Die+1","All Out Attack+1","Malaise+1","Dash+1","Die Die Die","Writhe","Flash of Steel","Sadistic Nature","Finesse+1","Apotheosis+1","Prepared+1","Poisoned Stab+1","Decay"],"max_hp_per_floor":[68,67,66,65,64,63,62,61,66,65,64,63,62,61,60,65,64,63,62,61,60,59,58,57,56,61,60,59,58,57,56,55,60,59,58,57,56,55,54,53,52,51,56,55,54,53,52,51,50,55],"relics":["Cursed Key","Darkstone Periapt","Du-Vu Doll","Bottled Lightning","Tiny Chest","Sozu","Ancient Tea Set","Art of War","Paper Crane","Anchor","Tough Bandages","Lizard Tail","Toolbox","Toxic Egg 2","Bird Faced Urn"],"card_choices":[{"not_picked":["Slice","Deadly Poison"],"picked":"Masterful Stab","floor":1},{"not_picked":["PiercingWail","Backflip"],"picked":"Dagger Throw","floor":2},{"not_picked":["Prepared","Slice"],"picked":"Crippling Poison","floor":5},{"not_picked":["Slice","Infinite Blades"],"picked":"Flying Knee","floor":8},{"not_picked":["All Out Attack","Slice"],"picked":"Backstab","floor":10},{"not_picked":["Caltrops","Underhanded Strike"],"picked":"Escape Plan","floor":11},{"not_picked":["Flechettes","Accuracy"],"picked":"Flying Knee","floor":12},{"not_picked":["Cloak And Dagger","Dodge and Roll"],"picked":"Backflip","floor":14},{"not_picked":["Glass Knife","After Image"],"picked":"Adrenaline","floor":16},{"not_picked":["Flying Knee","Dash"],"picked":"Malaise","floor":18},{"not_picked":["PiercingWail","Backflip"],"picked":"Choke","floor":20},{"not_picked":["Dagger Spray","Accuracy"],"picked":"Outmaneuver","floor":22},{"not_picked":["Dagger Throw","Riddle With Holes"],"picked":"Acrobatics","floor":27},{"not_picked":["Choke","Dodge and Roll"],"picked":"Backflip","floor":28},{"not_picked":["Well Laid Plans","Blur"],"picked":"Dagger Spray","floor":29},{"not_picked":["Eviscerate","Flying Knee"],"picked":"Crippling Poison","floor":30},{"not_picked":["Deadly Poison","Backflip"],"picked":"Unload","floor":31},{"not_picked":["Storm of Steel","Unload"],"picked":"Die Die Die","floor":33},{"not_picked":["Prepared","Slice"],"picked":"All Out Attack","floor":37},{"not_picked":["Sucker Punch","Prepared"],"picked":"Malaise","floor":38},{"not_picked":["Crippling Poison","Dagger Throw"],"picked":"Dash","floor":39},{"not_picked":["Dagger Spray","Bane"],"picked":"Die Die Die","floor":41},{"not_picked":["Jack Of All Trades","Blind"],"picked":"Flash of Steel","floor":44},{"not_picked":["Good Instincts","Jack Of All Trades"],"picked":"Sadistic Nature","floor":44},{"not_picked":["Transmutation","Trip"],"picked":"Finesse","floor":44},{"not_picked":["Dagger Throw","Sucker Punch"],"picked":"Prepared","floor":47},{"not_picked":["Distraction","Underhanded Strike"],"picked":"Poisoned Stab","floor":48}],"player_experience":182935,"potions_floor_usage":[7,33,50,50],"damage_taken":[{"damage":0,"enemies":"Small Slimes","floor":1,"turns":4},{"damage":0,"enemies":"Cultist","floor":2,"turns":3},{"damage":0,"enemies":"2 Louse","floor":5,"turns":3},{"damage":8,"enemies":"Gremlin Nob","floor":7,"turns":4},{"damage":0,"enemies":"Exordium Thugs","floor":8,"turns":4},{"damage":0,"enemies":"Red Slaver","floor":10,"turns":2},{"damage":0,"enemies":"Looter","floor":11,"turns":2},{"damage":2,"enemies":"Blue Slaver","floor":12,"turns":3},{"damage":2,"enemies":"3 Louse","floor":14,"turns":2},{"damage":17,"enemies":"Hexaghost","floor":16,"turns":10},{"damage":0,"enemies":"Chosen","floor":18,"turns":4},{"damage":2,"enemies":"Shell Parasite","floor":20,"turns":5},{"damage":14,"enemies":"Cultist and Chosen","floor":22,"turns":6},{"damage":12,"enemies":"Slavers","floor":27,"turns":6},{"damage":2,"enemies":"Slaver and Parasite","floor":28,"turns":5},{"damage":7,"enemies":"Centurion and Healer","floor":29,"turns":5},{"damage":4,"enemies":"Gremlin Leader","floor":30,"turns":6},{"damage":0,"enemies":"Cultist and Chosen","floor":31,"turns":4},{"damage":39,"enemies":"Collector","floor":33,"turns":13},{"damage":0,"enemies":"Orb Walker","floor":35,"turns":2},{"damage":0,"enemies":"3 Darklings","floor":37,"turns":3},{"damage":13,"enemies":"4 Shapes","floor":38,"turns":6},{"damage":7,"enemies":"Sphere and 2 Shapes","floor":39,"turns":6},{"damage":0,"enemies":"Maw","floor":41,"turns":7},{"damage":4,"enemies":"Nemesis","floor":42,"turns":9},{"damage":0,"enemies":"4 Shapes","floor":47,"turns":2},{"damage":12,"enemies":"Sphere and 2 Shapes","floor":48,"turns":4},{"damage":1,"enemies":"Awakened One","floor":50,"turns":10}],"event_choices":[{"event_name":"The Lab","player_choice":"Got Potions","floor":3,"damage_taken":0},{"event_name":"Transmorgrifier","player_choice":"Transform","floor":4,"damage_taken":0},{"event_name":"Back to Basics","player_choice":"Simplicity","floor":24,"damage_taken":0},{"event_name":"SensoryStone","player_choice":"Memory 3","floor":44,"damage_taken":0}],"boss_relics":[{"not_picked":["Pandora\u0027s Box","Velvet Choker"],"picked":"Sozu"},{"not_picked":["The Specimen","Runic Pyramid"],"picked":"Lizard Tail"}],"potions_floor_spawned":[2,5,10,11,16,18,22,27,29,33,37,38,41,47],"seed_played":"770442836024540376","ascension_level":0,"is_trial":false}