{"gold_per_floor":[118,393,86,86,97,97,130,130,153,165,179,179,193,209,209,309,309,323,340,265,265,36,36,51,51,51,12,30,30,50,50],"floor_reached":31,"playtime":892,"items_purged":["Regret"],"score":287,"play_id":"3a5b529d-fadb-43b7-a129-411956dae075","local_time":"20190213165025","is_ascension_mode":false,"campfire_choices":[{"data":"Noxious Fumes","floor":6,"key":"SMITH"},{"data":"Neutralize","floor":8,"key":"SMITH"},{"data":"Tactician","floor":12,"key":"SMITH"},{"data":"Survivor","floor":15,"key":"SMITH"},{"data":"Noxious Fumes","floor":23,"key":"SMITH"},{"floor":25,"key":"REST"}],"neow_cost":"NONE","seed_source_timestamp":15444329175793,"circlet_count":0,"master_deck":["Defend_G","Defend_G","Defend_G","Defend_G","Defend_G","Survivor+1","Neutralize+1","Tactician+1","Noxious Fumes+1","Bouncing Flask","Tactician+1","PiercingWail","PiercingWail","Doppelganger","Catalyst+1","Venomology","Madness","Noxious Fumes+1","Well Laid Plans","Bite","Bite","Bite","Bite","Bite","Dodge and Roll+1"],"relics":["Ring of the Snake","NeowsBlessing","Snake Skull","Oddly Smooth Stone","Happy Flower","HoveringKite","Regal Pillow","The Courier"],"potions_floor_usage":[14,16,16,28,30,31,31,31],"damage_taken":[{"damage":0,"enemies":"2 Louse","floor":1,"turns":1},{"damage":0,"enemies":"Cultist","floor":5,"turns":1},{"damage":0,"enemies":"Gremlin Nob","floor":7,"turns":1},{"damage":2,"enemies":"Small Slimes","floor":10,"turns":4},{"damage":3,"enemies":"Looter","floor":11,"turns":4},{"damage":9,"enemies":"Lots of Slimes","floor":13,"turns":4},{"damage":3,"enemies":"Red Slaver","floor":14,"turns":4},{"damage":3,"enemies":"The Guardian","floor":16,"turns":8},{"damage":0,"enemies":"Chosen","floor":18,"turns":4},{"damage":14,"enemies":"Spheric Guardian","floor":19,"turns":4},{"damage":23,"enemies":"Shelled Parasite and Fungi","floor":24,"turns":4},{"damage":16,"enemies":"3 Cultists","floor":28,"turns":5},{"damage":31,"enemies":"Sentry and Sphere","floor":30,"turns":6},{"damage":24,"enemies":"Slavers","floor":31,"turns":4}],"seed_played":"-5991577254435274375","potions_obtained":[{"floor":1,"key":"Regen Potion"},{"floor":10,"key":"AttackPotion"},{"floor":11,"key":"Ancient Potion"},{"floor":14,"key":"Energy Potion"},{"floor":30,"key":"Explosive Potion"}],"is_trial":false,"path_per_floor":["M","?","$","?","M","R","E","R","T","M","M","R","M","M","R","B",null,"M","M","?","?","$","R","M","R","T","$","M","?","M","E"],"character_chosen":"THE_SILENT","items_purchased":["Snake Skull","Noxious Fumes","Regal Pillow","Well Laid Plans","Strength Potion"],"campfire_rested":1,"item_purchase_floors":[3,3,22,22,27],"current_hp_per_floor":[70,70,70,70,70,70,70,70,70,68,65,65,56,67,67,64,70,70,56,56,56,56,56,33,69,69,69,53,49,22,0],"gold":50,"neow_bonus":"THREE_ENEMY_KILL","is_prod":false,"is_daily":false,"chose_seed":false,"campfire_upgraded":5,"win_rate":0,"timestamp":1550094625,"path_taken":["M","?","$","?","?","R","E","R","T","M","M","R","M","M","R","BOSS","M","M","?","?","$","R","?","R","T","?","M","?","M","E"],"build_version":"2019-01-23","purchased_purges":1,"victory":false,"max_hp_per_floor":[70,70,70,70,70,70,70,70,70,70,70,70,70,70,70,70,70,70,70,70,70,70,70,70,70,70,70,70,49,49,49],"card_choices":[{"not_picked":["Calculated Gamble","Blur"],"picked":"Tactician","floor":1},{"not_picked":["Dagger Spray","Underhanded Strike"],"picked":"Bouncing Flask","floor":5},{"not_picked":["Dagger Throw","Predator"],"picked":"Tactician","floor":7},{"not_picked":["Flying Knee","Underhanded Strike","Leg Sweep"],"picked":"SKIP","floor":10},{"not_picked":["Quick Slash","Flechettes"],"picked":"PiercingWail","floor":11},{"not_picked":["Accuracy","Acrobatics","Dash"],"picked":"SKIP","floor":13},{"not_picked":["Skewer","Cloak And Dagger"],"picked":"PiercingWail","floor":14},{"not_picked":["After Image","Tools of the Trade"],"picked":"Doppelganger","floor":16},{"not_picked":["Skewer","Cloak And Dagger"],"picked":"Catalyst+1","floor":18},{"not_picked":["Acrobatics","Flying Knee","Concentrate"],"picked":"SKIP","floor":19},{"not_picked":["All Out Attack+1","Dagger Spray","Blade Dance+1"],"picked":"SKIP","floor":24},{"not_picked":["Acrobatics","Endless Agony","Dash+1"],"picked":"SKIP","floor":28},{"not_picked":["Deflect","Bane"],"picked":"Dodge and Roll+1","floor":30}],"player_experience":673713,"relics_obtained":[{"floor":7,"key":"Oddly Smooth Stone"},{"floor":9,"key":"Happy Flower"},{"floor":26,"key":"The Courier"}],"event_choices":[{"damage_healed":0,"gold_gain":275,"player_choice":"Desecrate","damage_taken":0,"max_hp_gain":0,"max_hp_loss":0,"event_name":"Golden Shrine","floor":2,"gold_loss":0,"cards_obtained":["Regret"]},{"damage_healed":0,"gold_gain":0,"player_choice":"Upgraded","damage_taken":0,"max_hp_gain":0,"max_hp_loss":0,"event_name":"Upgrade Shrine","floor":4,"gold_loss":0,"cards_upgraded":["Tactician"]},{"cards_removed":["Strike_G"],"damage_healed":0,"gold_gain":0,"player_choice":"Gave Gold","damage_taken":0,"max_hp_gain":0,"max_hp_loss":0,"event_name":"Beggar","floor":20,"gold_loss":75},{"damage_healed":0,"gold_gain":0,"player_choice":"3 cards matched","damage_taken":0,"max_hp_gain":0,"max_hp_loss":0,"event_name":"Match and Keep!","floor":21,"gold_loss":0,"cards_obtained":["Venomology","Madness","Noxious Fumes"]},{"damage_healed":0,"gold_gain":0,"player_choice":"Became a vampire","damage_taken":0,"max_hp_gain":0,"max_hp_loss":21,"event_name":"Vampires","floor":29,"gold_loss":0,"cards_obtained":["Bite","Bite","Bite","Bite","Bite"]}],"is_beta":false,"boss_relics":[{"not_picked":["Fusion Hammer","Runic Dome"],"picked":"HoveringKite"}],"items_purged_floors":[3],"is_endless":false,"potions_floor_spawned":[1,10,11,14,30],"killed_by":"Slavers","ascension_level":0}