{"gold_per_floor":[113,113,63,75,250,276,276,306,306,322,322,339,354,14,14,114,114,130,130,130,130,55,55,55],"floor_reached":24,"playtime":1072,"items_purged":["Defend_R"],"score":237,"play_id":"614da458-ddd4-4bc2-a622-713ea67647ee","local_time":"20181118143233","is_ascension_mode":true,"campfire_choices":[{"floor":7,"key":"REST"},{"floor":15,"key":"REST"},{"floor":23,"key":"REST"}],"neow_cost":"PERCENT_DAMAGE","seed_source_timestamp":250870446947376,"circlet_count":0,"master_deck":["Defend_R","Defend_R","Bash+1","Ghostly Armor","Iron Wave","Shrug It Off","Uppercut","Apotheosis","Shrug It Off","Demon Form","Bite","Bite","Bite","Bite","Bite"],"relics":["Burning Blood","WingedGreaves","Bottled Flame","Dream Catcher","Singing Bowl","Lantern","White Beast Statue"],"potions_floor_usage":[6,12,18,19],"damage_taken":[{"damage":0,"enemies":"Small Slimes","floor":1,"turns":3},{"damage":1,"enemies":"Jaw Worm","floor":4,"turns":3},{"damage":44,"enemies":"Lagavulin","floor":6,"turns":7},{"damage":43,"enemies":"Gremlin Nob","floor":8,"turns":5},{"damage":0,"enemies":"2 Louse","floor":10,"turns":3},{"damage":7,"enemies":"Large Slime","floor":12,"turns":5},{"damage":4,"enemies":"Exordium Thugs","floor":13,"turns":5},{"damage":13,"enemies":"The Guardian","floor":16,"turns":16},{"damage":48,"enemies":"3 Byrds","floor":18,"turns":10},{"damage":20,"enemies":"Colosseum Slavers","floor":19,"turns":7},{"damage":61,"enemies":"Gremlin Leader","floor":24,"turns":3}],"seed_played":"-6642671532232379907","potions_obtained":[{"floor":1,"key":"PowerPotion"},{"floor":8,"key":"Poison Potion"},{"floor":16,"key":"SkillPotion"},{"floor":18,"key":"Fire Potion"}],"is_trial":false,"path_per_floor":["M","?","?","M","?","E","R","E","T","M","?","M","M","$","R","B",null,"M","?","?","?","$","R","E"],"character_chosen":"IRONCLAD","items_purchased":["Apotheosis","Lantern"],"campfire_rested":3,"item_purchase_floors":[14,14],"current_hp_per_floor":[62,62,62,67,67,29,53,16,16,24,24,25,29,29,54,47,86,46,32,32,32,32,52,0],"gold":55,"neow_bonus":"ONE_RARE_RELIC","is_prod":false,"is_daily":false,"chose_seed":false,"campfire_upgraded":0,"win_rate":0,"timestamp":1542580353,"path_taken":["M","?","?","M","?","E","R","E","T","M","?","M","?","?","R","BOSS","M","?","?","?","?","R","E"],"build_version":"2018-11-15","purchased_purges":1,"victory":false,"max_hp_per_floor":[80,80,80,80,80,80,80,80,80,82,82,84,86,86,86,86,86,88,88,88,61,61,63,63],"card_choices":[{"not_picked":["Blood for Blood","Perfected Strike"],"picked":"Ghostly Armor","floor":1},{"not_picked":["Havoc","Feel No Pain"],"picked":"Iron Wave","floor":4},{"not_picked":["Clothesline","Sentinel"],"picked":"Shrug It Off","floor":6},{"not_picked":["Shrug It Off","Burning Pact"],"picked":"Uppercut","floor":8},{"not_picked":["Warcry","Disarm","True Grit"],"picked":"Singing Bowl","floor":10},{"not_picked":["Twin Strike","Clash","Flame Barrier"],"picked":"Singing Bowl","floor":12},{"not_picked":["Exhume","Heavy Blade","Wild Strike"],"picked":"Singing Bowl","floor":13},{"not_picked":["Armaments","Second Wind"],"picked":"Shrug It Off","floor":15},{"not_picked":["Bludgeon","Brutality"],"picked":"Demon Form","floor":16},{"not_picked":["Pommel Strike","Warcry","Body Slam+1"],"picked":"Singing Bowl","floor":18},{"not_picked":["Spot Weakness","Anger+1","Pommel Strike"],"picked":"Singing Bowl","floor":23}],"player_experience":547372,"relics_obtained":[{"floor":6,"key":"Bottled Flame"},{"floor":8,"key":"Dream Catcher"},{"floor":9,"key":"Singing Bowl"}],"event_choices":[{"damage_healed":0,"gold_gain":0,"player_choice":"Grow","damage_taken":0,"max_hp_gain":0,"max_hp_loss":0,"event_name":"Living Wall","floor":2,"gold_loss":0,"cards_upgraded":["Bash"]},{"cards_removed":["Defend_R"],"damage_healed":0,"gold_gain":0,"player_choice":"Card Removal","damage_taken":0,"max_hp_gain":0,"max_hp_loss":0,"event_name":"The Cleric","floor":3,"gold_loss":50},{"damage_healed":0,"gold_gain":175,"player_choice":"AGREE","damage_taken":0,"max_hp_gain":0,"max_hp_loss":0,"event_name":"Liars Game","floor":5,"gold_loss":0,"cards_obtained":["Doubt"]},{"cards_removed":["Doubt"],"damage_healed":0,"gold_gain":0,"player_choice":"Removed Curses","damage_taken":0,"max_hp_gain":0,"max_hp_loss":0,"event_name":"Fountain of Cleansing","floor":11,"gold_loss":0},{"damage_healed":0,"gold_gain":0,"player_choice":"Fight","damage_taken":0,"max_hp_gain":0,"max_hp_loss":0,"event_name":"Colosseum","floor":19,"gold_loss":0},{"damage_healed":0,"gold_gain":0,"player_choice":"Fled From Nobs","damage_taken":0,"max_hp_gain":0,"max_hp_loss":0,"event_name":"Colosseum","floor":19,"gold_loss":0},{"damage_healed":0,"gold_gain":0,"player_choice":"Ignored","damage_taken":0,"max_hp_gain":0,"max_hp_loss":0,"event_name":"Ghosts","floor":20,"gold_loss":0},{"damage_healed":0,"gold_gain":0,"player_choice":"Became a vampire","damage_taken":0,"max_hp_gain":0,"max_hp_loss":27,"event_name":"Vampires","floor":21,"gold_loss":0,"cards_obtained":["Bite","Bite","Bite","Bite","Bite"]}],"is_beta":false,"boss_relics":[{"not_picked":["Snecko Eye","Runic Pyramid"],"picked":"White Beast Statue"}],"items_purged_floors":[22],"is_endless":false,"potions_floor_spawned":[1,8,16,18,19],"killed_by":"Gremlin Leader","ascension_level":1}