{"path_per_floor":["M","?","M","M","M","E","R","$","T","?","?","E","M","M","R","B",null,"M","?","M"],"character_chosen":"IRONCLAD","items_purchased":["Barricade"],"gold_per_floor":[112,112,129,141,156,181,181,33,33,33,33,64,78,92,92,194,194,214,214,231],"floor_reached":21,"campfire_rested":2,"playtime":1589,"current_hp_per_floor":[80,80,73,74,68,46,70,70,70,70,70,37,38,30,54,20,80,63,63,57],"items_purged":[],"gold":231,"score":191,"play_id":"29047ad3-a22a-4f74-adde-9b810270d3db","local_time":"20180317234217","is_prod":false,"is_daily":false,"is_ascension_mode":false,"campfire_upgraded":0,"timestamp":1521330137,"path_taken":["M","?","M","M","M","E","R","$","T","?","?","E","?","M","R","BOSS","M","?","M","?"],"build_version":"2018-03-15v2","purchased_purges":0,"victory":false,"master_deck":["Strike_R","Strike_R","Strike_R","Strike_R","Strike_R","Defend_R+1","Defend_R","Defend_R","Defend_R","Bash","Dropkick","Pommel Strike","Armaments+1","Headbutt","Barricade","Rage","Flame Barrier","Warcry","Barricade","Iron Wave","Metallicize"],"max_hp_per_floor":[80,80,80,80,80,80,80,80,80,80,80,80,80,80,80,80,80,80,80,80],"relics":["Burning Blood","War Paint","Champion Belt","Bronze Scales","Question Card"],"card_choices":[{"not_picked":["Dark Embrace","Feel No Pain"],"picked":"Dropkick"},{"not_picked":["Warcry","Searing Blow"],"picked":"Pommel Strike"},{"not_picked":["Twin Strike","Body Slam"],"picked":"Armaments"},{"not_picked":["Perfected Strike","Warcry"],"picked":"Headbutt"},{"not_picked":["Iron Wave","Seeing Red"],"picked":"Rage"},{"not_picked":["Armaments","Dropkick"],"picked":"Flame Barrier"},{"not_picked":["Heavy Blade","Clash"],"picked":"Warcry"},{"not_picked":["Offering","Fiend Fire"],"picked":"Barricade"},{"not_picked":["Whirlwind","Burning Pact","Hemokinesis"],"picked":"Iron Wave"}],"player_experience":11319,"potions_floor_usage":[16,16,16],"damage_taken":[{"damage":0,"enemies":"2 Louse","floor":1,"turns":4},{"damage":13,"enemies":"Jaw Worm","floor":3,"turns":3},{"damage":5,"enemies":"Small Slimes","floor":4,"turns":3},{"damage":12,"enemies":"Exordium Wildlife","floor":5,"turns":4},{"damage":28,"enemies":"3 Sentries","floor":6,"turns":9},{"damage":39,"enemies":"Lagavulin","floor":12,"turns":6},{"damage":5,"enemies":"Blue Slaver","floor":13,"turns":3},{"damage":14,"enemies":"Red Slaver","floor":14,"turns":4},{"damage":40,"enemies":"The Guardian","floor":16,"turns":10},{"damage":23,"enemies":"Spheric Guardian","floor":18,"turns":7},{"damage":12,"enemies":"Shell Parasite","floor":20,"turns":11},{"damage":66,"enemies":"3 Cultists","floor":21,"turns":5}],"event_choices":[{"event_name":"Golden Idol","player_choice":"Ignored","floor":2,"damage_taken":0},{"event_name":"Golden Wing","player_choice":"Ignored","floor":10,"damage_taken":0},{"event_name":"The Cleric","player_choice":"Leave","floor":11,"damage_taken":0},{"event_name":"The Library","player_choice":"Read","floor":19,"damage_taken":0}],"boss_relics":[{"not_picked":["Runic Dome","Lizard Tail"],"picked":"Question Card"}],"potions_floor_spawned":[4,5,6,12,13],"seed_played":"-8532354889183220756","killed_by":"3 Cultists","ascension_level":0,"is_trial":false}