{"gold_per_floor":[111,386,386,386,351,351,374,5,32,32,47,47,63,63,63,63],"floor_reached":16,"playtime":463,"items_purged":["Regret"],"score":167,"play_id":"a5dc66e1-1429-4753-8430-066f2be7cdbb","local_time":"20180924220710","is_ascension_mode":true,"campfire_choices":[{"floor":6,"key":"REST"},{"data":"Streamline","floor":12,"key":"SMITH"},{"floor":15,"key":"REST"}],"neow_cost":"","seed_source_timestamp":811482937972354,"circlet_count":0,"master_deck":["Strike_B","Strike_B","Strike_B","Defend_B","Defend_B","Defend_B","Defend_B","Zap","Dualcast","AscendersBane","Streamline+1","Sweeping Beam","Gash","Auto Shields"],"relics":["Cracked Core","Juzu Bracelet","Golden Idol","Kunai","PreservedInsect"],"potions_floor_usage":[],"damage_taken":[{"damage":2,"enemies":"Jaw Worm","floor":1,"turns":4},{"damage":4,"enemies":"Cultist","floor":7,"turns":3},{"damage":5,"enemies":"Small Slimes","floor":11,"turns":2},{"damage":3,"enemies":"3 Louse","floor":13,"turns":3},{"damage":66,"enemies":"Hexaghost","floor":16,"turns":11}],"seed_played":"-6387604365957741160","potions_obtained":[],"is_trial":false,"path_per_floor":["M","?","?","?","?","R","M","$","T","$","M","R","M","?","R"],"character_chosen":"DEFECT","items_purchased":["Kunai"],"campfire_rested":2,"item_purchase_floors":[8],"current_hp_per_floor":[62,62,44,44,44,63,59,59,59,59,54,54,51,44,63,0],"gold":63,"neow_bonus":"","is_prod":false,"is_daily":false,"chose_seed":false,"campfire_upgraded":1,"win_rate":0,"timestamp":1537819630,"path_taken":["M","?","?","?","?","R","M","$","T","$","M","R","M","?","R","BOSS"],"build_version":"2018-09-20","purchased_purges":1,"victory":false,"max_hp_per_floor":[71,71,71,64,64,64,64,64,64,64,64,64,64,64,64,64],"card_choices":[{"not_picked":["Scrape","Rebound"],"picked":"Streamline","floor":1},{"not_picked":["Redo","Steam"],"picked":"Sweeping Beam","floor":7},{"not_picked":["Self Repair","Go for the Eyes"],"picked":"Gash","floor":11},{"not_picked":["Leap","Cold Snap"],"picked":"Auto Shields","floor":13}],"player_experience":645535,"relics_obtained":[{"floor":9,"key":"PreservedInsect"}],"event_choices":[{"event_name":"Golden Shrine","player_choice":"Desecrate","floor":2,"damage_taken":0},{"event_name":"Scrap Ooze","player_choice":"success","floor":3,"damage_taken":18},{"event_name":"Golden Idol","player_choice":"Lose Max HP","floor":4,"damage_taken":0},{"event_name":"World of Goop","player_choice":"Left","floor":5,"damage_taken":0},{"event_name":"Golden Wing","player_choice":"Card Removal","floor":14,"damage_taken":0}],"is_beta":false,"boss_relics":[],"items_purged_floors":[8],"is_endless":false,"potions_floor_spawned":[],"killed_by":"Hexaghost","ascension_level":18}