{"path_per_floor":["M","M","?","$","?","R","M","R","T","R","M","$","?","M","R","B",null,"M","$","M","?","?","R","$","E","T","R","M","R","E","M","R"],"character_chosen":"IRONCLAD","items_purchased":["Heavy Blade","Battle Trance","Twin Strike","Molten Egg"],"gold_per_floor":[109,125,125,50,150,150,164,164,164,164,178,53,108,123,123,223,223,243,18,38,38,38,38,38,64,64,64,82,82,108,125,125],"floor_reached":33,"campfire_rested":1,"playtime":1534,"current_hp_per_floor":[80,72,72,72,72,72,78,78,78,78,71,71,53,59,59,19,80,80,80,79,79,79,79,79,40,40,40,23,47,24,30,30],"items_purged":["Bash","Defend_R"],"gold":125,"play_id":"d1b7d693-632b-48ee-b2b1-17b55e2de2c5","is_prod":false,"is_daily":false,"campfire_rituals":0,"campfire_upgraded":7,"is_hardmode":false,"path_taken":["M","M","?","$","?","R","M","R","T","R","M","$","?","M","R","BOSS","M","?","M","?","?","R","$","E","T","R","M","R","E","M","R","BOSS"],"build_version":"2018-01-11-PROD2","purchased_purges":3,"victory":false,"master_deck":["Strike_R","Strike_R","Strike_R","Strike_R","Strike_R","Defend_R","Defend_R","Defend_R","Flex","Whirlwind","Cleave","Inflame","Warcry","Heavy Blade","Heavy Blade","Pummel","Limit Break","Battle Trance","Twin Strike","Flex","Pummel","Flex","Flex","Limit Break"],"max_hp_per_floor":[80,80,80,80,80,80,80,80,80,80,80,80,80,80,80,80,80,80,80,80,80,80,80,80,80,80,80,80,80,80,80,80],"relics":["Black Blood","Centennial Puzzle","Kunai","Molten Egg","Juzu Bracelet","Happy Flower","Ginger","Bag of Marbles"],"campfire_meditates":0,"card_choices":[{"not_picked":["Pommel Strike","Twin Strike"],"picked":"Flex"},{"not_picked":["Rage","Double Tap"],"picked":"Whirlwind"},{"not_picked":["Seeing Red","Thunderclap"],"picked":"Inflame"},{"not_picked":["Uppercut","Metallicize"],"picked":"Warcry"},{"not_picked":["Power Through","Thunderclap"],"picked":"Heavy Blade"},{"not_picked":["Seeing Red","Dropkick"],"picked":"Pummel"},{"not_picked":["Double Tap","Barricade"],"picked":"Limit Break"},{"not_picked":["Headbutt","Heavy Blade"],"picked":"Pummel"},{"not_picked":["Anger","Infernal Blade"],"picked":"Flex"},{"not_picked":["Thunderclap","Bloodletting"],"picked":"Flex"},{"not_picked":["Sword Boomerang","Flex"],"picked":"Limit Break"}],"player_experience":7613,"potions_floor_usage":[16,31,33],"damage_taken":[{"damage":1,"enemies":"Jaw Worm","floor":1,"turns":5},{"damage":14,"enemies":"Blue Slaver","floor":2,"turns":3},{"damage":0,"enemies":"Cultist","floor":7,"turns":2},{"damage":13,"enemies":"Red Slaver","floor":11,"turns":2},{"damage":24,"enemies":"3 Sentries","floor":13,"turns":2},{"damage":0,"enemies":"3 Louse","floor":14,"turns":1},{"damage":52,"enemies":"The Guardian","floor":16,"turns":7},{"damage":10,"enemies":"Spheric Guardian","floor":18,"turns":3},{"damage":11,"enemies":"3 Byrds","floor":20,"turns":4},{"damage":49,"enemies":"Slavers","floor":25,"turns":5},{"damage":27,"enemies":"Centurion and Healer","floor":28,"turns":3},{"damage":33,"enemies":"Book of Stabbing","floor":30,"turns":3},{"damage":4,"enemies":"Snake Plant","floor":31,"turns":2},{"damage":36,"enemies":"Automaton","floor":33,"turns":4}],"event_choices":[{"event_name":"Match and Keep!","player_choice":"1 cards matched","floor":3,"damage_taken":0},{"event_name":"Golden Shrine","player_choice":"Pray","floor":5,"damage_taken":0},{"event_name":"Dead Adventurer","player_choice":"Searched \u00272\u0027 times","floor":13,"damage_taken":0},{"event_name":"The Mausoleum","player_choice":"Yes","floor":21,"damage_taken":0},{"event_name":"The Library","player_choice":"Read","floor":22,"damage_taken":0}],"boss_relics":[{"not_picked":["Mark of Pain","Astrolabe"],"picked":"Black Blood"}],"potions_floor_spawned":[2,11,13,14,16,25,30,31],"seed_played":"-9104758001048729486","killed_by":"Automaton","is_trial":false}