{"path_per_floor":["M","$","M","M","?","R","T","E","T","M","?","E","M","M","R","B",null,"M","?","$","M","M","R","$","M","T"],"character_chosen":"THE_SILENT","items_purchased":["Corpse Explosion","Bane","Catalyst","Flash of Steel","Good Instincts"],"gold_per_floor":[365,92,104,118,68,68,91,125,125,141,141,174,189,203,203,299,329,343,343,84,102,122,122,20,39,65],"floor_reached":27,"campfire_rested":1,"playtime":1538,"current_hp_per_floor":[63,63,61,61,61,61,61,52,52,52,40,15,15,15,33,11,68,63,63,63,48,48,48,48,30,30],"items_purged":["Strike_G","Strike_G"],"gold":65,"play_id":"1844be3d-8202-471f-9ac6-d0c0016e3a22","is_prod":false,"is_daily":false,"is_ascension_mode":false,"campfire_upgraded":2,"path_taken":["M","$","M","M","?","R","?","E","T","M","?","E","M","M","R","BOSS","M","?","$","M","M","R","$","M","T","M"],"build_version":"2018-01-25-PROD3","purchased_purges":2,"victory":false,"master_deck":["Defend_G+1","Defend_G","Defend_G+1","Defend_G","Defend_G+1","Strike_G+1","Strike_G","Survivor","Neutralize","Bane","Corpse Explosion","Bane","Flying Knee","Dagger Spray+1","Poisoned Stab","Dagger Spray","Quick Slash","Poisoned Stab","Dash","Unload","Deflect","Poisoned Stab","Neutralize","Deep Breath","Catalyst+1","Flash of Steel","Deflect","Bane","Good Instincts","Deadly Poison+1"],"max_hp_per_floor":[63,63,63,63,63,63,63,63,63,63,63,63,63,63,63,63,68,68,68,68,68,68,68,68,68,68],"relics":["Ring of the Snake","Snake Skull","Vajra","Ginger","War Paint","Tiny House","Juzu Bracelet"],"card_choices":[{"not_picked":["All Out Attack","Venomology"],"picked":"Bane"},{"not_picked":["Backflip","Prepared"],"picked":"Flying Knee"},{"not_picked":["Deflect","Flechettes"],"picked":"Dagger Spray"},{"not_picked":["Dagger Spray","Leg Sweep"],"picked":"Poisoned Stab"},{"not_picked":["Deflect","After Image"],"picked":"Dagger Spray"},{"not_picked":["Footwork","Escape Plan"],"picked":"Quick Slash"},{"not_picked":["Dagger Spray","Escape Plan"],"picked":"Poisoned Stab"},{"not_picked":["Outmaneuver","All Out Attack"],"picked":"Dash"},{"not_picked":["Doppelganger","Die Die Die"],"picked":"Unload"},{"not_picked":["Dagger Throw","Terror"],"picked":"Deflect"},{"not_picked":["Blade Dance","Slice"],"picked":"Poisoned Stab"},{"not_picked":["Heel Hook","Outmaneuver"],"picked":"Deflect"},{"not_picked":["Backflip","Deflect"],"picked":"Bane"},{"not_picked":["Acrobatics","Slice"],"picked":"Deadly Poison"}],"player_experience":27457,"potions_floor_usage":[8,8,13,14,22,27],"damage_taken":[{"damage":0,"enemies":"2 Louse","floor":1,"turns":3},{"damage":2,"enemies":"Jaw Worm","floor":3,"turns":3},{"damage":0,"enemies":"Cultist","floor":4,"turns":4},{"damage":9,"enemies":"Gremlin Nob","floor":8,"turns":4},{"damage":0,"enemies":"Large Slime","floor":10,"turns":3},{"damage":25,"enemies":"Lagavulin","floor":12,"turns":6},{"damage":0,"enemies":"Looter","floor":13,"turns":1},{"damage":6,"enemies":"Red Slaver","floor":14,"turns":3},{"damage":22,"enemies":"Slime Boss","floor":16,"turns":8},{"damage":5,"enemies":"Shell Parasite","floor":18,"turns":5},{"damage":15,"enemies":"2 Thieves","floor":21,"turns":3},{"damage":0,"enemies":"Snecko","floor":22,"turns":3},{"damage":18,"enemies":"Snake Plant","floor":25,"turns":3},{"damage":30,"enemies":"Centurion and Healer","floor":27,"turns":4}],"event_choices":[{"event_name":"The Cleric","player_choice":"Card Removal","floor":5,"damage_taken":0},{"event_name":"Shining Light","player_choice":"Entered Light","floor":11,"damage_taken":0},{"event_name":"Match and Keep!","player_choice":"2 cards matched","floor":19,"damage_taken":0}],"boss_relics":[{"not_picked":["Velvet Choker","Eternal Feather"],"picked":"Tiny House"}],"potions_floor_spawned":[3,4,12,13,16,25],"seed_played":"5020162641832510010","killed_by":"Centurion and Healer","ascension_level":0,"is_trial":false}