{"gold_per_floor":[118,134,145,12,29,29,58,58,85,85,35,52,68,68,68,68],"floor_reached":16,"playtime":696,"items_purged":["Strike_B"],"score":173,"play_id":"861d8d7c-02a8-4394-be4f-d4bef5f3090a","local_time":"20181230230547","is_ascension_mode":true,"campfire_choices":[{"data":"Zap","floor":6,"key":"SMITH"},{"floor":8,"key":"REST"},{"floor":10,"key":"RECALL"},{"floor":15,"key":"REST"}],"neow_cost":"NONE","seed_source_timestamp":742238930790187,"circlet_count":0,"master_deck":["AscendersBane","Strike_B","Strike_B","Strike_B","Defend_B","Defend_B","Defend_B","Defend_B","Zap+1","Dualcast","Coolheaded","Capacitor","Leap","Compile Driver","Core Surge","Chill","FTL","Core Surge"],"relics":["Cracked Core","NeowsBlessing","Orichalcum","Blood Vial","Smiling Mask"],"potions_floor_usage":[16],"damage_taken":[{"damage":0,"enemies":"Cultist","floor":1,"turns":1},{"damage":0,"enemies":"2 Louse","floor":2,"turns":1},{"damage":0,"enemies":"Jaw Worm","floor":3,"turns":1},{"damage":18,"enemies":"Exordium Thugs","floor":5,"turns":7},{"damage":11,"enemies":"Lagavulin","floor":7,"turns":11},{"damage":16,"enemies":"3 Louse","floor":12,"turns":4},{"damage":0,"enemies":"Blue Slaver","floor":13,"turns":3},{"damage":67,"enemies":"Hexaghost","floor":16,"turns":11}],"seed_played":"3667132815330667976","potions_obtained":[{"floor":7,"key":"Poison Potion"},{"floor":12,"key":"Swift Potion"}],"is_trial":false,"path_per_floor":["M","M","M","?","M","R","E","R","T","R","$","M","M","?","R","B"],"character_chosen":"DEFECT","items_purchased":[],"campfire_rested":2,"item_purchase_floors":[],"current_hp_per_floor":[64,64,64,64,46,46,35,56,56,56,56,42,44,44,65,0],"gold":68,"neow_bonus":"THREE_ENEMY_KILL","is_prod":false,"is_daily":false,"chose_seed":false,"campfire_upgraded":1,"win_rate":0,"timestamp":1546232747,"path_taken":["M","M","?","?","?","R","E","R","T","R","?","?","M","?","R","BOSS"],"build_version":"2018-12-20","purchased_purges":1,"victory":false,"max_hp_per_floor":[71,71,71,71,71,71,71,71,71,71,71,71,71,71,71,71],"card_choices":[{"not_picked":["Turbo","Beam Cell","Lockon"],"picked":"SKIP","floor":1},{"not_picked":["Stack","Sweeping Beam"],"picked":"Coolheaded","floor":2},{"not_picked":["FTL","Ball Lightning"],"picked":"Capacitor","floor":3},{"not_picked":["Gash","Force Field"],"picked":"Leap","floor":5},{"not_picked":["Auto Shields","Leap"],"picked":"Compile Driver","floor":7},{"not_picked":["Compile Driver","Static Discharge"],"picked":"Core Surge","floor":12},{"not_picked":["Double Energy","Barrage"],"picked":"Chill","floor":13}],"player_experience":350705,"relics_obtained":[{"floor":7,"key":"Blood Vial"},{"floor":9,"key":"Smiling Mask"}],"event_choices":[{"damage_healed":0,"gold_gain":0,"player_choice":"Paid Gold","damage_taken":0,"relics_obtained":["Orichalcum"],"max_hp_gain":0,"max_hp_loss":0,"event_name":"WeMeetAgain","floor":4,"gold_loss":133},{"damage_healed":0,"gold_gain":0,"player_choice":"2 cards matched","damage_taken":0,"max_hp_gain":0,"max_hp_loss":0,"event_name":"Match and Keep!","floor":14,"gold_loss":0,"cards_obtained":["FTL","Core Surge"]}],"is_beta":false,"boss_relics":[],"items_purged_floors":[11],"is_endless":false,"potions_floor_spawned":[7,12,13],"killed_by":"Hexaghost","ascension_level":14}