{"gold_per_floor":[114,16,26,26,37,37,37,72,72,107,107,133,133,408,408,508,508,519,794,794,794,806,806],"floor_reached":23,"playtime":762,"items_purged":[],"score":246,"play_id":"1bccf0a9-dbfa-43bd-8603-bc5c42fa8123","local_time":"20180916111229","is_ascension_mode":true,"campfire_choices":[{"data":"Streamline","floor":6,"key":"SMITH"},{"floor":11,"key":"REST"},{"floor":13,"key":"REST"},{"data":"Discovery","floor":15,"key":"SMITH"}],"neow_cost":"NONE","seed_source_timestamp":167039646942003,"circlet_count":0,"master_deck":["Strike_B","Strike_B","Strike_B","Strike_B","Defend_B","Defend_B","Defend_B","Defend_B","Zap","Dualcast","Loop","Sweeping Beam","Streamline+1","Discovery+1","Glacier","Sweeping Beam+1","Rip and Tear+1","Regret","Core Surge+1","Ball Lightning+1","Regret","Melter+1","Coolheaded"],"relics":["Cracked Core","Potion Belt","Bird Faced Urn","Molten Egg 2","Unceasing Top","Juzu Bracelet","Nuclear Battery","Shovel"],"potions_floor_usage":[8,16,23,23,23],"damage_taken":[{"damage":2,"enemies":"Jaw Worm","floor":1,"turns":3},{"damage":1,"enemies":"2 Louse","floor":3,"turns":3},{"damage":1,"enemies":"Cultist","floor":5,"turns":3},{"damage":26,"enemies":"Lagavulin","floor":8,"turns":6},{"damage":17,"enemies":"3 Sentries","floor":10,"turns":5},{"damage":16,"enemies":"Lagavulin","floor":12,"turns":8},{"damage":76,"enemies":"Hexaghost","floor":16,"turns":14},{"damage":2,"enemies":"Spheric Guardian","floor":18,"turns":3},{"damage":13,"enemies":"Chosen","floor":22,"turns":3},{"damage":83,"enemies":"Gremlin Leader","floor":23,"turns":7}],"seed_played":"-1336542616408386838","potions_obtained":[{"floor":1,"key":"Weak Potion"},{"floor":10,"key":"Explosive Potion"},{"floor":12,"key":"Regen Potion"},{"floor":16,"key":"Swift Potion"},{"floor":22,"key":"EssenceOfSteel"}],"is_trial":false,"path_per_floor":["M","$","M","?","M","R","?","E","T","E","R","E","R","?","R","B",null,"M","?","?","T","M"],"character_chosen":"DEFECT","items_purchased":["PanicButton"],"campfire_rested":2,"item_purchase_floors":[2],"current_hp_per_floor":[73,73,72,72,71,71,71,45,45,30,52,38,60,60,60,3,75,73,73,73,73,62,0],"gold":806,"neow_bonus":"RANDOM_COMMON_RELIC","is_prod":false,"is_daily":false,"chose_seed":false,"campfire_upgraded":2,"win_rate":0,"timestamp":1537089149,"path_taken":["M","$","M","?","M","R","?","E","T","E","R","E","R","?","R","BOSS","M","?","?","?","M","E"],"build_version":"2018-09-06","purchased_purges":0,"victory":false,"max_hp_per_floor":[75,75,75,75,75,75,75,75,75,75,75,75,75,75,75,75,75,75,75,75,75,75,75],"card_choices":[{"not_picked":["Blizzard","Compile Driver"],"picked":"Loop","floor":1},{"not_picked":["Reinforced Body","Rebound"],"picked":"Sweeping Beam","floor":3},{"not_picked":["Go for the Eyes","Leap"],"picked":"Streamline","floor":5},{"not_picked":["Buffer","Rip and Tear"],"picked":"Glacier","floor":8},{"not_picked":["Hologram","Skim"],"picked":"Sweeping Beam+1","floor":10},{"not_picked":["Conserve Battery","Turbo"],"picked":"Rip and Tear+1","floor":12},{"not_picked":["Thunder Strike+1","Machine Learning"],"picked":"Core Surge+1","floor":16},{"not_picked":["Leap","Tempest"],"picked":"Ball Lightning+1","floor":18},{"not_picked":["Leap","Compile Driver+1"],"picked":"Coolheaded","floor":22}],"player_experience":339472,"relics_obtained":[{"floor":8,"key":"Bird Faced Urn"},{"floor":9,"key":"Molten Egg 2"},{"floor":10,"key":"Unceasing Top"},{"floor":12,"key":"Juzu Bracelet"},{"floor":21,"key":"Shovel"}],"event_choices":[{"event_name":"The Cleric","player_choice":"Leave","floor":4,"damage_taken":0},{"event_name":"Transmorgrifier","player_choice":"Transform","floor":7,"damage_taken":0},{"event_name":"Golden Shrine","player_choice":"Desecrate","floor":14,"damage_taken":0},{"event_name":"Golden Shrine","player_choice":"Desecrate","floor":19,"damage_taken":0},{"event_name":"The Library","player_choice":"Read","floor":20,"damage_taken":0}],"is_beta":false,"boss_relics":[{"not_picked":["Black Star","Eternal Feather"],"picked":"Nuclear Battery"}],"items_purged_floors":[],"is_endless":false,"potions_floor_spawned":[1,10,12,16,22],"killed_by":"Gremlin Leader","ascension_level":4}