{"path_per_floor":["M","?","?","M","M","E","$","R","T","M","$","R","?","M","R","B",null,"M","$","M","M","M","R","E","?","T","R","?","M","$","E","R"],"character_chosen":"THE_SILENT","items_purchased":["Swift Potion"],"gold_per_floor":[114,114,114,127,141,172,97,97,97,113,13,13,13,26,26,126,126,145,20,37,47,64,64,91,91,91,91,91,102,52,86,86,86],"floor_reached":33,"campfire_rested":2,"playtime":1446,"current_hp_per_floor":[53,53,46,41,41,15,15,36,36,36,36,36,36,32,32,22,58,50,50,47,44,44,44,37,37,44,44,44,44,44,29,67,0],"items_purged":["Writhe","Clumsy","Decay"],"gold":86,"score":427,"play_id":"cb491f01-1fdc-42e9-b1ea-b78c304a70e0","local_time":"20180412004349","is_prod":false,"is_daily":false,"is_ascension_mode":true,"campfire_upgraded":4,"timestamp":1523486629,"path_taken":["M","?","?","M","M","E","$","R","T","M","$","R","?","M","R","BOSS","M","$","M","M","M","R","E","?","T","R","?","M","?","E","R","BOSS"],"build_version":"2018-04-05v2","purchased_purges":5,"victory":false,"master_deck":["Defend_G","Defend_G","Defend_G","Defend_G","Defend_G","Strike_G","Strike_G","Strike_G","Strike_G","Strike_G","Survivor","Neutralize+1","AscendersBane","Flying Knee","Flying Knee","Malaise+1","After Image","Quick Slash","Deadly Poison+1","Burst","Bane+1","Bouncing Flask","Malaise+1"],"max_hp_per_floor":[70,70,70,70,70,70,70,70,70,70,70,70,70,70,70,70,70,70,70,70,70,70,70,70,70,77,77,77,77,77,77,77,77],"relics":["Calling Bell","Mercury Hourglass","Orichalcum","Pen Nib","Spirit Poop","Question Card","Bag of Marbles","Thread and Needle","Black Star","Toolbox","Kunai","Strawberry","Regal Pillow","Prayer Wheel"],"card_choices":[{"not_picked":["PiercingWail","Quick Slash"],"picked":"Flying Knee","floor":1},{"not_picked":["Burst","Acrobatics","Concentrate"],"picked":"Flying Knee","floor":4},{"not_picked":["Blur","Dagger Throw","PiercingWail"],"picked":"Malaise","floor":5},{"not_picked":["Flying Knee","Tactician","Sucker Punch"],"picked":"After Image","floor":6},{"not_picked":["Outmaneuver","Riddle With Holes","Reflex"],"picked":"Quick Slash","floor":10},{"not_picked":["Bane","Dagger Throw","PiercingWail"],"picked":"Deadly Poison","floor":14},{"not_picked":["Tactician","Venomology","Bullet Time"],"picked":"Burst","floor":16},{"not_picked":["PiercingWail","Quick Slash","Dodge and Roll"],"picked":"Bane","floor":18},{"not_picked":["Acrobatics","PiercingWail","Envenom"],"picked":"Bouncing Flask","floor":20},{"not_picked":["Flechettes","Choke","Deadly Poison"],"picked":"Malaise","floor":24}],"player_experience":293237,"potions_floor_usage":[16,16,24,24,29,31,33,33],"damage_taken":[{"damage":10,"enemies":"2 Louse","floor":1,"turns":3},{"damage":5,"enemies":"Cultist","floor":4,"turns":4},{"damage":0,"enemies":"Small Slimes","floor":5,"turns":2},{"damage":26,"enemies":"Gremlin Nob","floor":6,"turns":6},{"damage":0,"enemies":"2 Fungi Beasts","floor":10,"turns":3},{"damage":4,"enemies":"Blue Slaver","floor":14,"turns":4},{"damage":10,"enemies":"The Guardian","floor":16,"turns":12},{"damage":8,"enemies":"2 Thieves","floor":18,"turns":5},{"damage":3,"enemies":"Shell Parasite","floor":20,"turns":5},{"damage":3,"enemies":"Snecko","floor":21,"turns":4},{"damage":0,"enemies":"Centurion and Healer","floor":22,"turns":6},{"damage":7,"enemies":"Gremlin Leader","floor":24,"turns":7},{"damage":0,"enemies":"Chosen and Byrds","floor":29,"turns":7},{"damage":15,"enemies":"Book of Stabbing","floor":31,"turns":5},{"damage":71,"enemies":"Champ","floor":33,"turns":14}],"event_choices":[{"event_name":"Bonfire Elementals","player_choice":"CURSE","floor":2,"damage_taken":0},{"event_name":"Scrap Ooze","player_choice":"success","floor":3,"damage_taken":7},{"event_name":"Wheel of Change","player_choice":"Curse","floor":13,"damage_taken":0},{"event_name":"Drug Dealer","player_choice":"Ignored","floor":25,"damage_taken":0},{"event_name":"The Lab","player_choice":"Got Potions","floor":28,"damage_taken":0}],"boss_relics":[{"not_picked":["Snecko Eye","Philosopher\u0027s Stone"],"picked":"Black Star"}],"potions_floor_spawned":[1,4,10,16,22,31],"seed_played":"-4472881039246167910","killed_by":"Champ","ascension_level":10,"is_trial":false}