{"path_per_floor":["M","M","?","M","M","R","M","T","T","?","$","M","?","M","R","B",null,"M","?","$","?","M","R","M","R","T","?","M","T","$","M","R"],"character_chosen":"IRONCLAD","items_purchased":["Matryoshka","Blood Vial","Iron Wave"],"gold_per_floor":[111,126,426,445,457,457,477,477,477,477,9,34,34,54,54,185,185,201,201,152,152,172,172,190,190,190,105,126,126,126,140,140,140],"floor_reached":33,"campfire_rested":4,"playtime":1350,"current_hp_per_floor":[79,79,79,76,52,52,52,52,52,32,32,27,47,49,73,38,80,59,59,59,59,26,49,13,36,36,36,22,22,22,21,44,0],"items_purged":["Regret"],"gold":140,"score":238,"play_id":"f83c5db9-e681-4614-b037-a1037943ee51","local_time":"20180408183234","is_prod":false,"is_daily":false,"is_ascension_mode":false,"campfire_upgraded":1,"timestamp":1523208754,"path_taken":["M","M","?","?","M","R","M","?","T","?","$","M","?","M","R","BOSS","M","?","$","?","M","R","?","R","T","?","M","?","$","M","R","BOSS"],"build_version":"2018-04-05v2","purchased_purges":2,"victory":false,"master_deck":["Strike_R","Strike_R","Strike_R","Strike_R","Strike_R","Defend_R","Defend_R","Defend_R","Defend_R","Bash","Armaments+1","Perfected Strike","Twin Strike","Metallicize","Carnage","Clash","Rampage","Brutality","Blood for Blood","Warcry+1","Burning Pact+1","Rupture","Infernal Blade","Dropkick","Iron Wave","Hemokinesis","Warcry","Battle Trance"],"max_hp_per_floor":[80,80,80,80,80,80,80,80,80,80,80,80,80,80,80,80,80,80,80,80,77,77,77,77,77,77,77,77,77,77,77,77,77],"relics":["Velvet Choker","Old Coin","Unceasing Top","Torii","Golden Idol","Matryoshka","Blood Vial","Nloth\u0027s Gift","Spirit Poop","Champion Belt","War Paint","Pen Nib","Thread and Needle","Orichalcum"],"card_choices":[{"not_picked":["Clothesline","Wild Strike"],"picked":"Armaments","floor":1},{"not_picked":["Clothesline","Warcry"],"picked":"Perfected Strike","floor":2},{"not_picked":["Havoc","Dark Embrace"],"picked":"Twin Strike","floor":4},{"not_picked":["True Grit","Headbutt"],"picked":"Metallicize","floor":5},{"not_picked":["True Grit","Power Through"],"picked":"Carnage","floor":7},{"not_picked":["Body Slam","True Grit"],"picked":"Clash","floor":12},{"not_picked":["Twin Strike","Heavy Blade"],"picked":"Rampage","floor":14},{"not_picked":["Limit Break","Reaper"],"picked":"Brutality","floor":16},{"not_picked":["Anger","Flex"],"picked":"Blood for Blood","floor":17},{"not_picked":["Thunderclap","Second Wind"],"picked":"Warcry","floor":17},{"not_picked":["True Grit","Feel No Pain"],"picked":"Burning Pact","floor":17},{"not_picked":["Heavy Blade","Clash"],"picked":"Rupture","floor":17},{"not_picked":["Warcry","Wild Strike"],"picked":"Infernal Blade","floor":17},{"not_picked":["Brutality","Sword Boomerang"],"picked":"Dropkick","floor":18},{"not_picked":["Evolve","Cleave"],"picked":"Hemokinesis","floor":22},{"not_picked":["Whirlwind","Thunderclap"],"picked":"Warcry","floor":28},{"not_picked":["True Grit","Blood for Blood"],"picked":"Battle Trance","floor":31}],"player_experience":34520,"potions_floor_usage":[16,16,24,28,33],"damage_taken":[{"damage":1,"enemies":"Jaw Worm","floor":1,"turns":3},{"damage":0,"enemies":"2 Louse","floor":2,"turns":2},{"damage":3,"enemies":"Cultist","floor":4,"turns":2},{"damage":24,"enemies":"Exordium Thugs","floor":5,"turns":4},{"damage":0,"enemies":"3 Louse","floor":7,"turns":3},{"damage":7,"enemies":"Looter","floor":12,"turns":2},{"damage":0,"enemies":"Blue Slaver","floor":14,"turns":3},{"damage":37,"enemies":"The Guardian","floor":16,"turns":8},{"damage":21,"enemies":"Spheric Guardian","floor":18,"turns":4},{"damage":35,"enemies":"2 Thieves","floor":22,"turns":5},{"damage":38,"enemies":"Cultist and Chosen","floor":24,"turns":5},{"damage":16,"enemies":"Chosen and Byrds","floor":28,"turns":6},{"damage":3,"enemies":"Snecko","floor":31,"turns":3},{"damage":57,"enemies":"Champ","floor":33,"turns":8}],"event_choices":[{"event_name":"Big Fish","player_choice":"Box","floor":3,"damage_taken":0},{"event_name":"Golden Idol","player_choice":"Take Damage","floor":10,"damage_taken":0},{"event_name":"Mushrooms","player_choice":"Healed and dodged fight","floor":13,"damage_taken":0},{"event_name":"N\u0027loth","player_choice":"Traded a Orrery","floor":19,"damage_taken":0},{"event_name":"Bonfire Elementals","player_choice":"CURSE","floor":21,"damage_taken":0},{"event_name":"Addict","player_choice":"Obtained Relic","floor":27,"damage_taken":0}],"boss_relics":[{"not_picked":["White Beast Statue","Runic Dome"],"picked":"Orrery"}],"potions_floor_spawned":[7,12,16,24,31],"seed_played":"5579984920621569126","killed_by":"Champ","ascension_level":0,"is_trial":false}