{"gold_per_floor":[118,69,69,81,81,81,111,129,178,178,178],"floor_reached":11,"playtime":280,"items_purged":[],"score":110,"play_id":"862aa82c-28e1-4f5b-84bc-aaa8a11daf96","local_time":"20181026174423","is_ascension_mode":true,"campfire_choices":[{"data":"Bash","floor":6,"key":"SMITH"}],"neow_cost":"CURSE","seed_source_timestamp":1150621920026084,"circlet_count":0,"master_deck":["Strike_R","Strike_R","Strike_R","Strike_R","Strike_R","Defend_R","Defend_R","Defend_R","Defend_R","Bash+1","AscendersBane","Hemokinesis","Shrug It Off","Headbutt","Armaments","Body Slam"],"relics":["Burning Blood","Calipers","Centennial Puzzle","Smiling Mask","Omamori"],"potions_floor_usage":[],"damage_taken":[{"damage":15,"enemies":"Cultist","floor":1,"turns":4},{"damage":12,"enemies":"Jaw Worm","floor":4,"turns":3},{"damage":24,"enemies":"Gremlin Nob","floor":7,"turns":4},{"damage":10,"enemies":"Small Slimes","floor":8,"turns":4},{"damage":57,"enemies":"Lagavulin","floor":11,"turns":6}],"seed_played":"-1832587681732522283","potions_obtained":[{"floor":1,"key":"Ancient Potion"}],"is_trial":false,"path_per_floor":["M","$","?","M","?","R","E","M","T","T"],"character_chosen":"IRONCLAD","items_purchased":["Shrug It Off"],"campfire_rested":0,"item_purchase_floors":[2],"current_hp_per_floor":[63,63,63,57,62,62,44,40,40,40,0],"gold":178,"neow_bonus":"ONE_RARE_RELIC","is_prod":false,"is_daily":false,"chose_seed":false,"campfire_upgraded":1,"win_rate":0,"timestamp":1540568663,"path_taken":["M","$","?","M","?","R","E","M","T","?","E"],"build_version":"2018-10-25v2","purchased_purges":0,"victory":false,"max_hp_per_floor":[80,80,80,80,85,85,85,85,85,85,85],"card_choices":[{"not_picked":["Pommel Strike","Armaments"],"picked":"Hemokinesis","floor":1},{"not_picked":["Entrench","Clash"],"picked":"Headbutt","floor":4},{"not_picked":["Infernal Blade","Clothesline"],"picked":"Armaments","floor":7},{"not_picked":["Sword Boomerang","Intimidate"],"picked":"Body Slam","floor":8}],"player_experience":264575,"relics_obtained":[{"floor":7,"key":"Centennial Puzzle"},{"floor":9,"key":"Smiling Mask"},{"floor":10,"key":"Omamori"}],"event_choices":[{"cards_removed":["Decay"],"damage_healed":0,"gold_gain":0,"player_choice":"Forget","damage_taken":0,"max_hp_gain":0,"max_hp_loss":0,"event_name":"Living Wall","floor":3,"gold_loss":0},{"damage_healed":0,"gold_gain":0,"player_choice":"Donut","damage_taken":0,"max_hp_gain":5,"max_hp_loss":0,"event_name":"Big Fish","floor":5,"gold_loss":0}],"is_beta":true,"boss_relics":[],"items_purged_floors":[],"is_endless":false,"potions_floor_spawned":[1],"killed_by":"Lagavulin","ascension_level":11}