{"path_per_floor":["M","?","M","?","?","R","M","E","T","R","$","M","?","M","R","B",null,"M","$","M","?","$","R","M","?","T","$","R","M","E","M","R","B",null,"M","?","$","M","M","R","M","E","T","M","R","?","M","$","R","B"],"character_chosen":"THE_SILENT","items_purchased":["Bag of Preparation","Regen Potion","Blur","Bandage Up","Whetstone"],"gold_per_floor":[117,117,134,134,209,209,227,257,339,339,139,156,156,175,175,275,275,294,196,209,134,84,84,97,97,97,47,47,58,84,98,98,201,231,242,242,54,65,82,82,95,129,129,142,142,142,153,5,5,5],"floor_reached":51,"campfire_rested":4,"playtime":2954,"current_hp_per_floor":[69,55,55,55,44,65,65,48,48,48,48,47,40,40,61,40,70,70,70,70,70,70,70,70,70,70,70,70,65,54,46,46,49,75,67,67,67,49,48,48,47,30,30,21,43,43,33,33,55,36],"items_purged":["Strike_G","Strike_G","Strike_G","Defend_G","Survivor"],"gold":5,"score":672,"play_id":"6fcb6005-cca0-4e68-bd7c-3d4d6576db79","local_time":"20180328183302","is_prod":false,"is_daily":false,"is_ascension_mode":false,"campfire_upgraded":5,"timestamp":1522254782,"path_taken":["M","?","M","?","?","R","M","E","T","R","?","M","?","M","R","BOSS","M","$","M","?","$","R","M","?","T","$","R","M","E","M","R","BOSS","M","?","$","M","M","R","M","E","T","M","R","?","?","$","R","BOSS"],"build_version":"2018-03-22v2","purchased_purges":6,"victory":true,"master_deck":["Defend_G+1","Neutralize+1","Night Terror+1","Noxious Fumes+1","Cloak And Dagger+1","Finisher","Cloak And Dagger","Adrenaline+1","PiercingWail+1","Bane","Envenom+1","Blur","PiercingWail+1","Cloak And Dagger+1","Deflect+1","Dodge and Roll","Adrenaline+1","A Thousand Cuts+1","Blur","Bandage Up","Distraction+1","Grand Finale+1","Corpse Explosion+1"],"max_hp_per_floor":[70,70,70,70,70,70,70,70,70,70,70,70,70,70,70,70,70,70,70,70,70,70,70,70,70,70,70,70,70,70,70,70,70,75,75,75,75,75,75,75,75,75,75,75,75,75,75,75,75,75],"relics":["Astrolabe","Darkstone Periapt","Smiling Mask","Bag of Preparation","The Specimen","Blood Vial","Sundial","Kunai","Tiny House","Paper Crane","Girya","Whetstone"],"card_choices":[{"not_picked":["Acrobatics","Deadly Poison"],"picked":"Cloak And Dagger","floor":1},{"not_picked":["Quick Slash","Terror"],"picked":"Cloak And Dagger","floor":7},{"not_picked":["Prepared","Noxious Fumes"],"picked":"Adrenaline","floor":8},{"not_picked":["Slice","Deadly Poison"],"picked":"PiercingWail","floor":12},{"not_picked":["Choke","Deadly Poison"],"picked":"Bane","floor":14},{"not_picked":["Venomology","Tools of the Trade"],"picked":"Envenom","floor":16},{"not_picked":["Deadly Poison","Dagger Spray"],"picked":"Blur","floor":18},{"not_picked":["Flying Knee","Concentrate"],"picked":"PiercingWail","floor":20},{"not_picked":["Finisher","Well Laid Plans"],"picked":"Cloak And Dagger","floor":24},{"not_picked":["Underhanded Strike","Sucker Punch"],"picked":"Deflect","floor":29},{"not_picked":["Malaise","Outmaneuver"],"picked":"Dodge and Roll","floor":30},{"not_picked":["Dagger Spray","Accuracy"],"picked":"Adrenaline","floor":31},{"not_picked":["Bullet Time","Storm of Steel"],"picked":"A Thousand Cuts","floor":33},{"not_picked":["Acrobatics","Dagger Throw"],"picked":"Slice","floor":35},{"not_picked":["Accuracy","Malaise"],"picked":"Distraction","floor":38},{"not_picked":["Dagger Throw","Dagger Spray"],"picked":"Grand Finale","floor":41},{"not_picked":["Flying Knee","Dagger Spray"],"picked":"Corpse Explosion","floor":42}],"player_experience":135100,"potions_floor_usage":[18,29,33,39,42,47,50,50],"damage_taken":[{"damage":1,"enemies":"Jaw Worm","floor":1,"turns":5},{"damage":0,"enemies":"Small Slimes","floor":3,"turns":4},{"damage":0,"enemies":"2 Louse","floor":7,"turns":2},{"damage":17,"enemies":"3 Sentries","floor":8,"turns":8},{"damage":1,"enemies":"Looter","floor":12,"turns":2},{"damage":0,"enemies":"Blue Slaver","floor":14,"turns":3},{"damage":21,"enemies":"The Guardian","floor":16,"turns":11},{"damage":0,"enemies":"Chosen","floor":18,"turns":4},{"damage":0,"enemies":"Spheric Guardian","floor":20,"turns":5},{"damage":0,"enemies":"3 Cultists","floor":24,"turns":5},{"damage":5,"enemies":"Cultist and Chosen","floor":29,"turns":6},{"damage":13,"enemies":"Slavers","floor":30,"turns":5},{"damage":10,"enemies":"Slaver and Parasite","floor":31,"turns":6},{"damage":14,"enemies":"Collector","floor":33,"turns":7},{"damage":8,"enemies":"Orb Walker","floor":35,"turns":4},{"damage":24,"enemies":"3 Darklings","floor":38,"turns":5},{"damage":7,"enemies":"4 Shapes","floor":39,"turns":6},{"damage":7,"enemies":"Sphere and 2 Shapes","floor":41,"turns":6},{"damage":23,"enemies":"2 Orb Walkers","floor":42,"turns":5},{"damage":15,"enemies":"3 Darklings","floor":44,"turns":5},{"damage":16,"enemies":"4 Shapes","floor":47,"turns":6},{"damage":25,"enemies":"Donu and Deca","floor":50,"turns":11}],"event_choices":[{"event_name":"Shining Light","player_choice":"Entered Light","floor":2,"damage_taken":0},{"event_name":"Living Wall","player_choice":"Change","floor":4,"damage_taken":0},{"event_name":"World of Goop","player_choice":"Gather Gold","floor":5,"damage_taken":0},{"event_name":"Golden Wing","player_choice":"Card Removal","floor":13,"damage_taken":0},{"event_name":"Beggar","player_choice":"Gave Gold","floor":21,"damage_taken":0},{"event_name":"The Mausoleum","player_choice":"Yes","floor":25,"damage_taken":0},{"event_name":"Mysterious Sphere","player_choice":"Ignore","floor":46,"damage_taken":0}],"boss_relics":[{"not_picked":["Runic Pyramid","White Beast Statue"],"picked":"The Specimen"},{"not_picked":["Philosopher\u0027s Stone","Black Star"],"picked":"Tiny House"}],"potions_floor_spawned":[3,12,20,24,30,33,39,41,42,47],"seed_played":"-1014725671879382431","ascension_level":0,"is_trial":false}