{"gold_per_floor":[116,136,136,22,22,22,32,32,32,45,45,63,63,63,63,63],"floor_reached":16,"playtime":738,"items_purged":["Strike_B"],"score":167,"play_id":"cca411f8-06d8-44aa-9cbe-18de73710436","local_time":"20180924144127","is_ascension_mode":true,"campfire_choices":[{"floor":6,"key":"REST"},{"data":"Static Discharge","floor":8,"key":"SMITH"},{"floor":13,"key":"REST"},{"floor":15,"key":"REST"}],"neow_cost":"","seed_source_timestamp":784464363884753,"circlet_count":0,"master_deck":["Strike_B","Strike_B+1","Defend_B","Defend_B+1","Defend_B","Defend_B","Zap","Dualcast","AscendersBane","Streamline","Static Discharge+1","Glacier"],"relics":["Cracked Core","Question Card","Orichalcum"],"potions_floor_usage":[7,10],"damage_taken":[{"damage":7,"enemies":"Jaw Worm","floor":1,"turns":4},{"damage":0,"enemies":"2 Louse","floor":2,"turns":2},{"damage":0,"enemies":"Cultist","floor":7,"turns":3},{"damage":9,"enemies":"Gremlin Gang","floor":10,"turns":4},{"damage":5,"enemies":"2 Fungi Beasts","floor":12,"turns":3},{"damage":67,"enemies":"Slime Boss","floor":16,"turns":10}],"seed_played":"4640028897992297374","potions_obtained":[{"floor":2,"key":"SkillPotion"},{"floor":7,"key":"Energy Potion"}],"is_trial":false,"path_per_floor":["M","M","?","$","?","R","M","R","T","M","?","M","R","?","R"],"character_chosen":"DEFECT","items_purchased":["Static Discharge"],"campfire_rested":3,"item_purchase_floors":[4],"current_hp_per_floor":[57,57,62,62,62,76,76,76,76,67,44,39,61,43,65,0],"gold":63,"neow_bonus":"","is_prod":false,"is_daily":false,"chose_seed":false,"campfire_upgraded":1,"win_rate":0,"timestamp":1537792887,"path_taken":["M","M","?","$","?","R","M","R","T","M","?","M","R","?","R","BOSS"],"build_version":"2018-09-20","purchased_purges":1,"victory":false,"max_hp_per_floor":[71,71,76,76,76,76,76,76,76,76,76,76,76,76,76,76],"card_choices":[{"not_picked":["Coolheaded","Redo"],"picked":"Streamline","floor":1},{"not_picked":["Rebound","Aggregate","Barrage"],"picked":"SKIP","floor":2},{"not_picked":["Go for the Eyes","Gash"],"picked":"Glacier","floor":7},{"not_picked":["Hello World","Amplify","Ball Lightning","Stack"],"picked":"SKIP","floor":10},{"not_picked":["Go for the Eyes","Leap","Rebound","Scrape"],"picked":"SKIP","floor":12}],"player_experience":620252,"relics_obtained":[{"floor":9,"key":"Question Card"}],"event_choices":[{"event_name":"Big Fish","player_choice":"Donut","floor":3,"damage_taken":0},{"event_name":"Purifier","player_choice":"One Purge","floor":5,"damage_taken":0},{"event_name":"Shining Light","player_choice":"Entered Light","floor":11,"damage_taken":0},{"event_name":"Scrap Ooze","player_choice":"success","floor":14,"damage_taken":18}],"is_beta":false,"boss_relics":[],"items_purged_floors":[4],"is_endless":false,"potions_floor_spawned":[2,7],"killed_by":"Slime Boss","ascension_level":17}