{"gold_per_floor":[114,114,132,132,146,146,146,178,178,210,210,225,245,54,54,159,159,179,104,104,120,120,120,138,166,166,166,166,198,198,198,198,302,302,316,316,332,332,104,104,129,147,173,201,201,211,211,227,227,227],"floor_reached":51,"playtime":2521,"items_purged":["Compile Driver"],"score":1080,"play_id":"4a379bed-0e04-454d-8a08-62fb10658ab3","local_time":"20181108231825","is_ascension_mode":true,"campfire_choices":[{"data":"Streamline","floor":6,"key":"SMITH"},{"floor":11,"key":"REST"},{"data":"Beam Cell","floor":15,"key":"SMITH"},{"floor":23,"key":"REST"},{"data":"Beam Cell","floor":27,"key":"SMITH"},{"data":"Go for the Eyes","floor":30,"key":"SMITH"},{"data":"Flash of Steel","floor":32,"key":"SMITH"},{"floor":40,"key":"REST"},{"data":"Gash","floor":45,"key":"SMITH"},{"data":"Bite","floor":47,"key":"SMITH"},{"floor":49,"key":"REST"}],"neow_cost":"NONE","seed_source_timestamp":268773325737394,"circlet_count":0,"master_deck":["Defend_B","Defend_B","Defend_B","Defend_B","Reinforced Body","Streamline+1","Sweeping Beam","Beam Cell+1","Leap","Mayhem+1","Buffer+1","FTL+1","Go for the Eyes+1","Bite+1","Bite","Bite","Bite","Bite","Beam Cell+1","Reinforced Body+1","Flash of Steel+1","Core Surge","Secret Technique","Gash+1","Parasite","Gash+1"],"relics":["Runic Pyramid","Bronze Scales","Calipers","Frozen Egg 2","Potion Belt","Empty Cage","MutagenicStrength","Mango","PreservedInsect","Mummified Hand","Matryoshka","Cursed Key","Bag of Preparation","Nunchaku","Smiling Mask","Omamori","Boot"],"potions_floor_usage":[8,8,25,25,25,33,33,50,50,50,50,50],"damage_taken":[{"damage":1,"enemies":"2 Louse","floor":1,"turns":3},{"damage":2,"enemies":"Jaw Worm","floor":3,"turns":4},{"damage":1,"enemies":"Cultist","floor":5,"turns":4},{"damage":3,"enemies":"3 Sentries","floor":8,"turns":4},{"damage":20,"enemies":"Gremlin Nob","floor":10,"turns":4},{"damage":10,"enemies":"Large Slime","floor":12,"turns":4},{"damage":0,"enemies":"Red Slaver","floor":13,"turns":2},{"damage":34,"enemies":"Slime Boss","floor":16,"turns":8},{"damage":9,"enemies":"Shell Parasite","floor":18,"turns":4},{"damage":22,"enemies":"2 Thieves","floor":21,"turns":5},{"damage":13,"enemies":"Sentry and Sphere","floor":24,"turns":5},{"damage":21,"enemies":"Slavers","floor":25,"turns":5},{"damage":23,"enemies":"Gremlin Leader","floor":29,"turns":6},{"damage":25,"enemies":"Champ","floor":33,"turns":11},{"damage":2,"enemies":"3 Darklings","floor":35,"turns":7},{"damage":27,"enemies":"3 Shapes","floor":37,"turns":3},{"damage":6,"enemies":"Reptomancer","floor":41,"turns":5},{"damage":31,"enemies":"Sphere and 2 Shapes","floor":42,"turns":4},{"damage":0,"enemies":"Giant Head","floor":44,"turns":7},{"damage":4,"enemies":"Spire Growth","floor":46,"turns":4},{"damage":35,"enemies":"4 Shapes","floor":48,"turns":4},{"damage":57,"enemies":"Donu and Deca","floor":50,"turns":9}],"seed_played":"-4050475588741363448","potions_obtained":[{"floor":1,"key":"AttackPotion"},{"floor":7,"key":"Ancient Potion"},{"floor":7,"key":"Fruit Juice"},{"floor":12,"key":"Poison Potion"},{"floor":13,"key":"Weak Potion"},{"floor":16,"key":"Block Potion"},{"floor":24,"key":"SkillPotion"},{"floor":25,"key":"SteroidPotion"},{"floor":41,"key":"AttackPotion"},{"floor":44,"key":"FearPotion"},{"floor":46,"key":"Ancient Potion"},{"floor":48,"key":"Strength Potion"}],"is_trial":false,"path_per_floor":["M","?","M","T","M","R","?","E","T","E","R","M","M","$","R","B",null,"M","?","?","M","?","R","M","E","T","R","T","E","R","?","R","B",null,"M","?","M","?","$","R","E","M","T","E","R","M","R","M","R","B",null],"character_chosen":"DEFECT","items_purchased":["Mayhem+1","Bag of Preparation"],"campfire_rested":4,"item_purchase_floors":[14,39],"current_hp_per_floor":[67,67,65,65,64,64,64,66,66,46,70,60,60,60,60,26,67,58,58,58,36,36,52,53,58,58,58,58,51,51,51,51,60,68,70,70,49,49,49,70,70,39,39,59,59,67,67,38,59,29],"gold":227,"neow_bonus":"BOSS_RELIC","is_prod":false,"is_daily":false,"chose_seed":false,"campfire_upgraded":7,"win_rate":0,"timestamp":1541747905,"path_taken":["M","?","M","?","?","R","?","E","T","E","R","M","?","?","R","BOSS","M","?","?","?","?","R","M","E","T","R","?","E","R","?","R","BOSS","M","?","M","?","$","R","E","?","T","E","R","M","R","M","R","BOSS"],"build_version":"2018-11-08","purchased_purges":1,"victory":true,"max_hp_per_floor":[75,75,75,75,75,75,75,80,80,80,80,80,80,80,80,80,80,80,80,80,80,56,56,56,70,70,70,70,70,70,70,70,70,70,70,70,70,70,70,70,70,70,70,70,70,70,70,70,70,70],"card_choices":[{"not_picked":["Capacitor","Coolheaded"],"picked":"Reinforced Body","floor":1},{"not_picked":["Hologram","Hello World"],"picked":"Compile Driver","floor":3},{"not_picked":["Go for the Eyes","Double Energy"],"picked":"Streamline","floor":5},{"not_picked":["Electrodynamics","Rebound"],"picked":"Sweeping Beam","floor":8},{"not_picked":["Heatsinks+1","Static Discharge+1","Steam"],"picked":"SKIP","floor":10},{"not_picked":["Compile Driver","Ball Lightning"],"picked":"Beam Cell","floor":12},{"not_picked":["Coolheaded","Steam"],"picked":"Leap","floor":13},{"not_picked":["Core Surge","Fission"],"picked":"Buffer+1","floor":16},{"not_picked":["Steam","Cold Snap"],"picked":"FTL+1","floor":18},{"not_picked":["Rebound+1","Leap"],"picked":"Go for the Eyes","floor":21},{"not_picked":["Turbo","Compile Driver"],"picked":"Beam Cell","floor":24},{"not_picked":["Sweeping Beam","Steam Power","Echo Form+1"],"picked":"SKIP","floor":25},{"not_picked":["Conserve Battery","Ball Lightning"],"picked":"Reinforced Body+1","floor":29},{"not_picked":["Amplify","Hyperbeam"],"picked":"Core Surge","floor":33},{"not_picked":["Sweeping Beam","Recycle","Fusion"],"picked":"SKIP","floor":35},{"not_picked":["Dark Shackles","Metamorphosis"],"picked":"Secret Technique","floor":36},{"not_picked":["Sweeping Beam","Redo+1","Loop+1"],"picked":"SKIP","floor":37},{"not_picked":["Doom and Gloom","Loop+1","Stack+1"],"picked":"SKIP","floor":41},{"not_picked":["Rebound","Sweeping Beam+1"],"picked":"Gash","floor":42},{"not_picked":["Barrage+1","Storm+1"],"picked":"Gash+1","floor":44},{"not_picked":["Compile Driver+1","Heatsinks+1","White Noise"],"picked":"SKIP","floor":46},{"not_picked":["Storm+1","Sweeping Beam","Cold Snap"],"picked":"SKIP","floor":48}],"player_experience":537901,"relics_obtained":[{"floor":4,"key":"Bronze Scales"},{"floor":8,"key":"Calipers"},{"floor":9,"key":"Frozen Egg 2"},{"floor":10,"key":"Potion Belt"},{"floor":25,"key":"Mango"},{"floor":26,"key":"PreservedInsect"},{"floor":28,"key":"Mummified Hand"},{"floor":29,"key":"Matryoshka"},{"floor":41,"key":"Nunchaku"},{"floor":43,"key":"Smiling Mask"},{"floor":43,"key":"Omamori"},{"floor":44,"key":"Boot"}],"event_choices":[{"cards_removed":["Strike_B"],"damage_healed":0,"gold_gain":0,"player_choice":"Forget","damage_taken":0,"max_hp_gain":0,"max_hp_loss":0,"event_name":"Living Wall","floor":2,"gold_loss":0},{"damage_healed":0,"gold_gain":0,"player_choice":"Got Potions","damage_taken":0,"max_hp_gain":0,"max_hp_loss":0,"event_name":"Lab","floor":7,"gold_loss":0},{"cards_removed":["Strike_B"],"damage_healed":0,"gold_gain":0,"player_choice":"Gave Gold","damage_taken":0,"max_hp_gain":0,"max_hp_loss":0,"event_name":"Beggar","floor":19,"gold_loss":75},{"damage_healed":0,"gold_gain":0,"player_choice":"Inject Mutagens","damage_taken":0,"relics_obtained":["MutagenicStrength"],"max_hp_gain":0,"max_hp_loss":0,"event_name":"Drug Dealer","floor":20,"gold_loss":0},{"damage_healed":0,"gold_gain":0,"player_choice":"Became a vampire","damage_taken":0,"max_hp_gain":0,"max_hp_loss":24,"event_name":"Vampires","floor":22,"gold_loss":0,"cards_obtained":["Bite","Bite","Bite","Bite","Bite"]},{"damage_healed":0,"gold_gain":0,"player_choice":"1 cards matched","damage_taken":0,"max_hp_gain":0,"max_hp_loss":0,"event_name":"Match and Keep!","floor":31,"gold_loss":0,"cards_obtained":["Flash of Steel"]},{"damage_healed":0,"gold_gain":0,"player_choice":"Memory 1","damage_taken":0,"max_hp_gain":0,"max_hp_loss":0,"event_name":"SensoryStone","floor":36,"gold_loss":0},{"damage_healed":0,"gold_gain":0,"player_choice":"Ignored","damage_taken":0,"max_hp_gain":0,"max_hp_loss":0,"event_name":"SecretPortal","floor":38,"gold_loss":0}],"is_beta":false,"boss_relics":[{"not_picked":["Calling Bell","Pandora\u0027s Box"],"picked":"Empty Cage"},{"not_picked":["Sozu","Orrery"],"picked":"Cursed Key"}],"items_purged_floors":[39],"is_endless":false,"potions_floor_spawned":[1,12,13,16,24,25,41,44,46,48],"ascension_level":7}