{"path_per_floor":["M","T","?","?","?","E","R","M","T","M","M","M","M","M","R"],"character_chosen":"DEFECT","items_purchased":[],"gold_per_floor":[114,114,114,114,189,219,219,234,284,299,314,329,344,359,359,359],"floor_reached":16,"campfire_rested":2,"playtime":418,"item_purchase_floors":[],"current_hp_per_floor":[75,75,68,68,57,2,26,8,8,4,4,4,2,2,26,0],"items_purged":[],"gold":359,"score":129,"play_id":"1ecac158-33a3-4787-b6f2-6e6cbc91f9ab","local_time":"20180610201602","daily_mods":["Allstar","Lethality","Hoarder"],"is_prod":false,"is_daily":true,"chose_seed":false,"is_ascension_mode":false,"campfire_upgraded":0,"win_rate":0,"timestamp":1528676162,"campfire_choices":[{"floor":7,"key":"REST"},{"floor":15,"key":"REST"}],"path_taken":["M","?","?","?","?","E","R","M","T","M","M","M","M","M","R","BOSS"],"build_version":"2018-06-08","seed_source_timestamp":0,"purchased_purges":0,"victory":false,"master_deck":["Strike_B","Strike_B","Strike_B","Strike_B","Defend_B","Defend_B","Defend_B","Zap","Dualcast","Thinking Ahead","Thinking Ahead","Thinking Ahead","Panache","Panache","Panache","Jack Of All Trades","Jack Of All Trades","Jack Of All Trades","Deep Breath","Deep Breath","Deep Breath","Enlightenment","Enlightenment","Enlightenment","Redo","Redo","Redo","Gash","Gash","Gash","Go for the Eyes","Go for the Eyes","Go for the Eyes","Rebound","Rebound","Rebound","Scrape","Scrape","Scrape","Conserve Battery","Conserve Battery","Conserve Battery"],"max_hp_per_floor":[75,75,75,82,82,82,82,82,82,82,82,82,82,82,82,82],"relics":["Cracked Core","Juzu Bracelet","Strawberry","Unceasing Top","Bag of Preparation"],"card_choices":[{"not_picked":["Go for the Eyes","Rebound","Steam"],"picked":"SKIP","floor":1},{"not_picked":["Turbo","Chaos"],"picked":"Redo","floor":6},{"not_picked":["Turbo","Tempest"],"picked":"Gash","floor":8},{"not_picked":["Blizzard","Compile Driver"],"picked":"Go for the Eyes","floor":10},{"not_picked":["Sweeping Beam","Turbo"],"picked":"Rebound","floor":11},{"not_picked":["White Noise","Reinforced Body","Rebound"],"picked":"SKIP","floor":12},{"not_picked":["Streamline","Conserve Battery"],"picked":"Scrape","floor":13},{"not_picked":["Leap","All For One"],"picked":"Conserve Battery","floor":14}],"player_experience":303125,"potions_floor_usage":[16],"damage_taken":[{"damage":0,"enemies":"Cultist","floor":1,"turns":2},{"damage":55,"enemies":"Gremlin Nob","floor":6,"turns":4},{"damage":18,"enemies":"Small Slimes","floor":8,"turns":2},{"damage":4,"enemies":"Jaw Worm","floor":10,"turns":2},{"damage":0,"enemies":"Large Slime","floor":11,"turns":2},{"damage":0,"enemies":"3 Louse","floor":12,"turns":1},{"damage":2,"enemies":"Blue Slaver","floor":13,"turns":2},{"damage":0,"enemies":"Exordium Wildlife","floor":14,"turns":2},{"damage":30,"enemies":"The Guardian","floor":16,"turns":3}],"relics_obtained":[{"floor":2,"key":"Juzu Bracelet"},{"floor":6,"key":"Unceasing Top"},{"floor":9,"key":"Bag of Preparation"}],"event_choices":[{"event_name":"Golden Wing","player_choice":"Card Removal","floor":3,"damage_taken":0},{"event_name":"Scrap Ooze","player_choice":"success","floor":4,"damage_taken":7},{"event_name":"World of Goop","player_choice":"Gather Gold","floor":5,"damage_taken":0}],"boss_relics":[],"items_purged_floors":[],"potions_floor_spawned":[10,12],"seed_played":"-3332908943780289604","killed_by":"The Guardian","ascension_level":0,"potions_obtained":[{"floor":10,"key":"Weak Potion"},{"floor":12,"key":"Explosive Potion"}],"is_trial":false}