{"gold_per_floor":[115,131,131,206,206,232,232,30,83,83,113,131,146,158,158,256,256,270,72,171,184,41,71,71,71,96,108,138,167,192,204,216,330,342,369,393,505,617,642,654,676,688,700,32,52,52],"floor_reached":46,"playtime":17088,"items_purged":["Concentrate"],"score":500,"play_id":"8a0ef5c4-63af-4d59-9634-9544dea8bc47","local_time":"20190117233643","is_ascension_mode":false,"campfire_choices":[{"data":"Prepared","floor":7,"key":"SMITH"},{"floor":15,"key":"REST"},{"data":"Grand Finale","floor":24,"key":"PURGE"},{"data":"A Thousand Cuts","floor":27,"key":"SMITH"},{"floor":32,"key":"REST"},{"floor":40,"key":"REST"},{"data":"Flying Knee","floor":42,"key":"SMITH"}],"neow_cost":"NONE","seed_source_timestamp":82437102187080,"circlet_count":0,"master_deck":["Survivor","Neutralize","Dodge and Roll","Dagger Spray","Prepared+1","Deadly Poison","Flying Knee+1","Cloak And Dagger","All Out Attack","Noxious Fumes","Expertise","Masterful Stab","A Thousand Cuts+1","Caltrops","Underhanded Strike","Deadly Poison","Infinite Blades+1","Tools of the Trade+1","Backflip+1"],"relics":["Ring of the Snake","NeowsBlessing","Bag of Preparation","Thread and Needle","Sling","Snake Skull","Peace Pipe","StoneCalendar","Pandora\u0027s Box","Bag of Marbles","Orichalcum","Frozen Egg 2","Mummified Hand","MawBank","NlothsMask","Snecko Eye","Tingsha","Turnip","Mercury Hourglass"],"potions_floor_usage":[11,11,16,33,33,41,45,45,46],"damage_taken":[{"damage":0,"enemies":"2 Louse","floor":1,"turns":1},{"damage":0,"enemies":"Jaw Worm","floor":2,"turns":1},{"damage":0,"enemies":"Gremlin Nob","floor":6,"turns":1},{"damage":36,"enemies":"Lagavulin","floor":11,"turns":7},{"damage":0,"enemies":"Small Slimes","floor":12,"turns":2},{"damage":8,"enemies":"Exordium Wildlife","floor":13,"turns":4},{"damage":6,"enemies":"Looter","floor":14,"turns":3},{"damage":30,"enemies":"Hexaghost","floor":16,"turns":12},{"damage":17,"enemies":"2 Thieves","floor":18,"turns":4},{"damage":0,"enemies":"Chosen","floor":21,"turns":4},{"damage":20,"enemies":"Book of Stabbing","floor":23,"turns":5},{"damage":15,"enemies":"Sentry and Sphere","floor":28,"turns":4},{"damage":0,"enemies":"Centurion and Healer","floor":29,"turns":4},{"damage":0,"enemies":"3 Cultists","floor":30,"turns":2},{"damage":29,"enemies":"Collector","floor":33,"turns":6},{"damage":15,"enemies":"Orb Walker","floor":35,"turns":4},{"damage":6,"enemies":"3 Darklings","floor":36,"turns":3},{"damage":0,"enemies":"Mind Bloom Boss Battle","floor":37,"turns":4},{"damage":11,"enemies":"Maw","floor":39,"turns":5},{"damage":29,"enemies":"Spire Growth","floor":41,"turns":4},{"damage":3,"enemies":"Jaw Worm Horde","floor":45,"turns":2},{"damage":37,"enemies":"Reptomancer","floor":46,"turns":4}],"seed_played":"751362784672379542","potions_obtained":[{"floor":1,"key":"Regen Potion"},{"floor":2,"key":"Weak Potion"},{"floor":13,"key":"Swift Potion"},{"floor":23,"key":"Ancient Potion"},{"floor":28,"key":"Block Potion"},{"floor":30,"key":"GamblersBrew"},{"floor":36,"key":"GamblersBrew"},{"floor":41,"key":"EssenceOfSteel"}],"is_trial":false,"path_per_floor":["M","M","?","?","?","E","R","$","T","T","E","M","M","M","R","B",null,"M","$","?","M","$","E","R","T","T","R","M","M","M","?","R","B",null,"M","M","?","?","M","R","M","R","T","$","M","E"],"character_chosen":"THE_SILENT","items_purchased":["Sling","Bag of Marbles","Deadly Poison","Orichalcum","Turnip","Mercury Hourglass","SkillPotion"],"campfire_rested":3,"item_purchase_floors":[8,19,19,22,44,44,44],"current_hp_per_floor":[70,70,63,52,70,70,70,70,70,70,44,44,36,30,51,21,70,53,53,53,53,53,33,33,33,33,33,18,18,18,18,39,10,70,55,49,49,49,38,59,30,30,30,30,27,0],"gold":52,"neow_bonus":"THREE_ENEMY_KILL","is_prod":false,"is_daily":false,"chose_seed":false,"campfire_upgraded":3,"win_rate":0,"timestamp":1547786203,"path_taken":["M","M","?","?","?","E","R","$","T","?","E","M","?","M","R","BOSS","M","$","?","M","$","E","R","?","T","R","M","M","M","?","R","BOSS","M","?","?","?","?","R","M","R","T","$","M","E"],"build_version":"2019-01-10","purchased_purges":1,"victory":false,"max_hp_per_floor":[70,70,70,70,70,70,70,70,70,70,70,70,70,70,70,70,70,70,70,70,70,70,70,70,70,70,70,70,70,70,70,70,70,70,70,70,70,70,70,70,70,70,70,70,70,70],"card_choices":[{"not_picked":["Heel Hook","Reflex"],"picked":"Dodge and Roll","floor":1},{"not_picked":["Blade Dance","Terror"],"picked":"Dagger Spray","floor":2},{"not_picked":["Tactician","Acrobatics"],"picked":"Prepared","floor":6},{"not_picked":["Burst","Dagger Spray"],"picked":"Deadly Poison","floor":11},{"not_picked":["Cloak And Dagger","Underhanded Strike"],"picked":"Flying Knee","floor":12},{"not_picked":["Underhanded Strike","Acrobatics","Setup"],"picked":"SKIP","floor":13},{"not_picked":["Flying Knee","Reflex","Underhanded Strike"],"picked":"SKIP","floor":14},{"not_picked":["Slice","Caltrops","Outmaneuver"],"picked":"SKIP","floor":18},{"not_picked":["Dagger Throw","Underhanded Strike","Dodge and Roll"],"picked":"SKIP","floor":21},{"not_picked":["Bane","Eviscerate","Acrobatics"],"picked":"SKIP","floor":23},{"not_picked":["Dagger Throw+1","Concentrate","Flying Knee+1"],"picked":"SKIP","floor":28},{"not_picked":["Escape Plan","Night Terror","Choke"],"picked":"SKIP","floor":29},{"not_picked":["Catalyst","PiercingWail"],"picked":"Infinite Blades+1","floor":30},{"not_picked":["Phantasmal Killer","Malaise"],"picked":"Tools of the Trade+1","floor":33},{"not_picked":["Masterful Stab","Escape Plan","Endless Agony+1"],"picked":"SKIP","floor":35},{"not_picked":["Blade Dance","Deadly Poison+1","Leg Sweep+1"],"picked":"SKIP","floor":36},{"not_picked":["Caltrops+1","Deadly Poison+1","Cloak And Dagger"],"picked":"SKIP","floor":39},{"not_picked":["Calculated Gamble","PiercingWail"],"picked":"Backflip+1","floor":41},{"not_picked":["Backflip+1","Poisoned Stab+1","Cloak And Dagger"],"picked":"SKIP","floor":45}],"player_experience":529986,"relics_obtained":[{"floor":6,"key":"Thread and Needle"},{"floor":9,"key":"Snake Skull"},{"floor":10,"key":"Peace Pipe"},{"floor":11,"key":"StoneCalendar"},{"floor":23,"key":"Frozen Egg 2"},{"floor":25,"key":"Mummified Hand"},{"floor":26,"key":"MawBank"},{"floor":37,"key":"Tingsha"}],"event_choices":[{"damage_healed":0,"gold_gain":0,"player_choice":"Success","damage_taken":7,"relics_obtained":["Bag of Preparation"],"max_hp_gain":0,"max_hp_loss":0,"event_name":"Scrap Ooze","floor":3,"gold_loss":0},{"damage_healed":0,"gold_gain":75,"player_choice":"Gather Gold","damage_taken":11,"max_hp_gain":0,"max_hp_loss":0,"event_name":"World of Goop","floor":4,"gold_loss":0},{"damage_healed":23,"gold_gain":0,"player_choice":"Banana","damage_taken":0,"max_hp_gain":0,"max_hp_loss":0,"event_name":"Big Fish","floor":5,"gold_loss":0},{"damage_healed":0,"gold_gain":99,"player_choice":"Stole From Cult","damage_taken":0,"max_hp_gain":0,"max_hp_loss":0,"event_name":"Nest","floor":20,"gold_loss":0},{"damage_healed":0,"gold_gain":0,"player_choice":"Trade","damage_taken":0,"relics_obtained":["NlothsMask"],"max_hp_gain":0,"max_hp_loss":0,"event_name":"FaceTrader","floor":31,"gold_loss":0},{"damage_healed":0,"gold_gain":0,"player_choice":"Fight","damage_taken":0,"max_hp_gain":0,"max_hp_loss":0,"event_name":"MindBloom","floor":37,"gold_loss":0},{"damage_healed":0,"gold_gain":100,"player_choice":"Pray","damage_taken":0,"max_hp_gain":0,"max_hp_loss":0,"event_name":"Golden Shrine","floor":38,"gold_loss":0}],"is_beta":false,"boss_relics":[{"not_picked":["Velvet Choker","Runic Pyramid"],"picked":"Pandora\u0027s Box"},{"not_picked":["Fusion Hammer","Calling Bell"],"picked":"Snecko Eye"}],"items_purged_floors":[44],"is_endless":false,"potions_floor_spawned":[1,2,13,23,28,30,36,41],"killed_by":"Reptomancer","ascension_level":0}