{"gold_per_floor":[114,129,129,129,304,334,334,153,228,228,258,273,288,318,318,418,418,433,433,433,161,186,216,216,66,66,96,111,126,126,156,156,256,256,271,271,231,231,231,291,91,106,106,121,121,151,178,205,217,229],"floor_reached":51,"playtime":1351,"items_purged":[],"score":1279,"play_id":"e44fa362-5f80-4889-80e4-bce02148db00","local_time":"20180913173225","daily_mods":["Heirloom","Cursed Run","Lethality"],"is_ascension_mode":false,"campfire_choices":[{"data":"Neutralize","floor":7,"key":"SMITH"},{"data":"Storm of Steel","floor":10,"key":"SMITH"},{"data":"Blade Dance","floor":15,"key":"SMITH"},{"data":"Accuracy","floor":30,"key":"SMITH"},{"data":"Accuracy","floor":32,"key":"SMITH"},{"data":"Accuracy","floor":45,"key":"SMITH"},{"data":"Cloak And Dagger","floor":49,"key":"SMITH"}],"neow_cost":"","seed_source_timestamp":0,"circlet_count":0,"master_deck":["Defend_G","Defend_G+1","Defend_G","Defend_G+1","Defend_G","Strike_G","Strike_G+1","Survivor","Neutralize+1","Acrobatics+1","Blur","Doubt","Storm of Steel+1","Accuracy+1","Doubt","Cloak And Dagger+1","Blade Dance+1","Poisoned Stab+1","Accuracy+1","Injury","Malaise+1","Acrobatics","Poisoned Stab+1","Infinite Blades","Shame","Escape Plan+1","Regret","Doubt","Backstab+1","Blade Dance+1","Accuracy+1","Backstab+1","Regret","Blade Dance+1","Regret","Pain","Master of Strategy+1","Backstab+1","Doubt","Blade Dance+1","Adrenaline+1","Backstab+1","Shame"],"special_seed":17788,"relics":["Cursed Key","Darkstone Periapt","Du-Vu Doll","Peace Pipe","Gambling Chip","Molten Egg 2","Bag of Marbles","Ninja Scroll","Black Star","ClockworkSouvenir","Bronze Scales","Ancient Tea Set","Oddly Smooth Stone","Ornamental Fan","War Paint","Mummified Hand","Singing Bowl","Toxic Egg 2","Matryoshka","The Courier","Lizard Tail","Letter Opener","Dodecahedron","WarpedTongs","Tiny Chest","Juzu Bracelet","Pear","Vajra","Frozen Egg 2","MawBank","Art of War"],"potions_floor_usage":[6,50,50,50],"damage_taken":[{"damage":0,"enemies":"Jaw Worm","floor":1,"turns":2},{"damage":0,"enemies":"Small Slimes","floor":2,"turns":4},{"damage":2,"enemies":"Lagavulin","floor":6,"turns":5},{"damage":3,"enemies":"Gremlin Nob","floor":11,"turns":3},{"damage":0,"enemies":"Cultist","floor":12,"turns":2},{"damage":0,"enemies":"Looter","floor":13,"turns":1},{"damage":4,"enemies":"Lagavulin","floor":14,"turns":3},{"damage":0,"enemies":"Slime Boss","floor":16,"turns":2},{"damage":0,"enemies":"Chosen","floor":18,"turns":1},{"damage":17,"enemies":"Book of Stabbing","floor":23,"turns":2},{"damage":0,"enemies":"Slavers","floor":27,"turns":2},{"damage":0,"enemies":"Shell Parasite","floor":28,"turns":1},{"damage":0,"enemies":"Chosen and Byrds","floor":29,"turns":1},{"damage":0,"enemies":"Book of Stabbing","floor":31,"turns":1},{"damage":0,"enemies":"Automaton","floor":33,"turns":2},{"damage":0,"enemies":"Orb Walker","floor":35,"turns":1},{"damage":0,"enemies":"2 Orb Walkers","floor":40,"turns":1},{"damage":0,"enemies":"3 Darklings","floor":42,"turns":1},{"damage":2,"enemies":"Maw","floor":44,"turns":2},{"damage":0,"enemies":"Nemesis","floor":46,"turns":1},{"damage":0,"enemies":"4 Shapes","floor":47,"turns":1},{"damage":0,"enemies":"Sphere and 2 Shapes","floor":48,"turns":1},{"damage":65,"enemies":"Awakened One","floor":50,"turns":5}],"seed_played":"-5206532275745488686","potions_obtained":[{"floor":2,"key":"SteroidPotion"},{"floor":6,"key":"Ancient Potion"},{"floor":13,"key":"Fire Potion"},{"floor":16,"key":"Regen Potion"},{"floor":18,"key":"SteroidPotion"},{"floor":44,"key":"FearPotion"}],"is_trial":false,"path_per_floor":["M","M","?","?","?","E","R","$","T","R","E","M","M","E","R","B",null,"M","?","?","$","T","E","T","$","T","E","M","M","R","E","R","B",null,"M","T","?","?","?","E","$","M","T","M","R","E","M","M","R","B"],"character_chosen":"THE_SILENT","items_purchased":["Storm of Steel","Accuracy","ClockworkSouvenir","Infinite Blades","War Paint","Pear"],"campfire_rested":0,"item_purchase_floors":[8,8,21,21,25,41],"current_hp_per_floor":[70,70,56,56,62,60,60,60,66,66,63,63,63,59,59,65,88,88,88,88,88,94,77,83,83,89,89,89,89,89,89,89,97,114,114,120,120,126,120,120,130,132,138,136,136,136,136,138,138,79],"gold":241,"neow_bonus":"","is_prod":false,"is_daily":true,"chose_seed":false,"campfire_upgraded":7,"win_rate":0,"timestamp":1536885145,"path_taken":["M","M","?","?","?","E","R","$","T","R","E","M","M","E","R","BOSS","M","?","?","$","?","E","?","$","T","E","M","?","R","E","R","BOSS","M","?","?","?","?","E","$","M","T","M","R","E","M","M","R","BOSS"],"build_version":"2018-09-06","purchased_purges":0,"victory":true,"max_hp_per_floor":[70,70,70,70,76,76,76,76,82,82,82,82,82,82,82,88,88,88,88,88,88,94,94,100,100,106,106,106,106,106,106,106,114,114,114,120,120,126,130,130,140,142,148,148,148,148,148,150,150,156],"card_choices":[{"not_picked":["PiercingWail","Choke","Flechettes"],"picked":"SKIP","floor":1},{"not_picked":["Sucker Punch","Choke"],"picked":"Acrobatics","floor":2},{"not_picked":["Finisher","Dash","Concentrate"],"picked":"SKIP","floor":6},{"not_picked":["Dash+1","Leg Sweep"],"picked":"Cloak And Dagger","floor":11},{"not_picked":["Sucker Punch+1","Reflex"],"picked":"Blade Dance","floor":12},{"not_picked":["Reflex","Bane+1"],"picked":"Poisoned Stab+1","floor":13},{"not_picked":["Deflect","Slice+1"],"picked":"Accuracy","floor":14},{"not_picked":["Unload+1","Bullet Time"],"picked":"Malaise","floor":16},{"not_picked":["Bane+1","PiercingWail"],"picked":"Acrobatics","floor":18},{"not_picked":["Flying Knee+1","Outmaneuver+1"],"picked":"Escape Plan","floor":23},{"not_picked":["Flying Knee+1","Quick Slash+1"],"picked":"Backstab+1","floor":27},{"not_picked":["Slice+1","Heel Hook+1"],"picked":"Blade Dance+1","floor":28},{"not_picked":["Dagger Throw+1","Endless Agony+1"],"picked":"Accuracy","floor":29},{"not_picked":["Infinite Blades","Bouncing Flask+1"],"picked":"Backstab+1","floor":31},{"not_picked":["A Thousand Cuts","Night Terror+1","Die Die Die+1"],"picked":"Singing Bowl","floor":33},{"not_picked":["Deadly Poison+1","Poisoned Stab+1"],"picked":"Blade Dance+1","floor":35},{"not_picked":["Transmutation+1","Blind+1","Sadistic Nature"],"picked":"Singing Bowl","floor":39},{"not_picked":["Madness+1","Panache"],"picked":"Master of Strategy+1","floor":39},{"not_picked":["Thinking Ahead+1","Swift Strike+1","Discovery+1"],"picked":"Singing Bowl","floor":39},{"not_picked":["Outmaneuver+1","Concentrate+1"],"picked":"Backstab+1","floor":40},{"not_picked":["Expertise+1","Reflex+1","Deflect+1"],"picked":"Singing Bowl","floor":42},{"not_picked":["Endless Agony+1","Poisoned Stab+1"],"picked":"Blade Dance+1","floor":44},{"not_picked":["Glass Knife+1","Bane+1"],"picked":"Adrenaline+1","floor":46},{"not_picked":["Prepared+1","Expertise+1"],"picked":"Backstab+1","floor":47},{"not_picked":["Concentrate+1","Deflect+1","Slice+1"],"picked":"Singing Bowl","floor":48}],"player_experience":471946,"relics_obtained":[{"floor":6,"key":"Gambling Chip"},{"floor":9,"key":"Molten Egg 2"},{"floor":11,"key":"Bag of Marbles"},{"floor":14,"key":"Ninja Scroll"},{"floor":22,"key":"Bronze Scales"},{"floor":23,"key":"Ancient Tea Set"},{"floor":23,"key":"Oddly Smooth Stone"},{"floor":24,"key":"Ornamental Fan"},{"floor":26,"key":"Mummified Hand"},{"floor":27,"key":"Singing Bowl"},{"floor":27,"key":"Toxic Egg 2"},{"floor":31,"key":"Matryoshka"},{"floor":31,"key":"The Courier"},{"floor":36,"key":"Letter Opener"},{"floor":36,"key":"Dodecahedron"},{"floor":40,"key":"Tiny Chest"},{"floor":40,"key":"Juzu Bracelet"},{"floor":43,"key":"Vajra"},{"floor":43,"key":"Frozen Egg 2"},{"floor":46,"key":"MawBank"},{"floor":46,"key":"Art of War"}],"event_choices":[{"event_name":"Shining Light","player_choice":"Entered Light","floor":3,"damage_taken":0},{"event_name":"Transmorgrifier","player_choice":"Transform","floor":4,"damage_taken":0},{"event_name":"Liars Game","player_choice":"agreed","floor":5,"damage_taken":0},{"event_name":"Transmorgrifier","player_choice":"Transform","floor":19,"damage_taken":0},{"event_name":"Bonfire Elementals","player_choice":"BASIC","floor":20,"damage_taken":0},{"event_name":"Designer","player_choice":"Upgrade 2 Random Cards","floor":37,"damage_taken":0},{"event_name":"Accursed Blacksmith","player_choice":"Rummage","floor":38,"damage_taken":0},{"event_name":"SensoryStone","player_choice":"Memory 3","floor":39,"damage_taken":0}],"is_beta":false,"boss_relics":[{"not_picked":["Runic Dome","Tiny House"],"picked":"Black Star"},{"not_picked":["Velvet Choker","Philosopher\u0027s Stone"],"picked":"Lizard Tail"}],"items_purged_floors":[],"is_endless":false,"potions_floor_spawned":[2,6,13,16,18,27,29,31,44,46,47,48],"ascension_level":0}