{"path_per_floor":["M","M","?","M","?","R","E","M","T","M","R","$","M","E","R","B",null,"M","M"],"character_chosen":"DEFECT","items_purchased":["Core Surge","Unceasing Top","Defragment"],"gold_per_floor":[364,382,382,401,476,476,504,516,541,556,556,31,50,85,85,184,184,198,211,211],"floor_reached":20,"campfire_rested":2,"playtime":652,"item_purchase_floors":[12,12,12],"current_hp_per_floor":[69,66,51,48,37,37,18,16,16,2,24,24,23,4,26,19,61,38,36,0],"items_purged":["Pain"],"gold":211,"score":233,"play_id":"e4c7e81e-0dca-4c63-80a3-b3eb0e39ae7d","local_time":"20180602021438","is_prod":false,"is_daily":false,"chose_seed":false,"is_ascension_mode":true,"campfire_upgraded":1,"win_rate":0,"timestamp":1527920078,"campfire_choices":[{"data":"Zap","floor":6,"key":"SMITH"},{"floor":11,"key":"REST"},{"floor":15,"key":"REST"}],"path_taken":["M","M","?","M","?","R","E","M","T","M","R","$","?","E","R","BOSS","M","M","M"],"build_version":"2018-05-30v2","seed_source_timestamp":391025684107356,"purchased_purges":1,"victory":false,"master_deck":["Strike_B","Strike_B","Strike_B","Strike_B","Defend_B","Defend_B","Defend_B+1","Defend_B+1","Zap+1","Dualcast","Go for the Eyes","Hologram","Rip and Tear","Biased Cognition","Sweeping Beam","Core Surge","Defragment","Leap","Buffer","Hologram+1","Defragment+1"],"max_hp_per_floor":[75,75,75,75,75,75,75,75,75,75,75,75,75,75,75,75,75,75,75,75],"relics":["Cracked Core","Lantern","Boot","Unceasing Top","Bag of Preparation","Black Star"],"card_choices":[{"not_picked":["Fusion","Force Field","Steam"],"picked":"SKIP","floor":1},{"not_picked":["Hologram","Beam Cell"],"picked":"Go for the Eyes","floor":2},{"not_picked":["Stack","Conserve Battery"],"picked":"Hologram","floor":4},{"not_picked":["Steam","Redo"],"picked":"Rip and Tear","floor":7},{"not_picked":["Leap","Stack"],"picked":"Biased Cognition","floor":8},{"not_picked":["Reinforced Body","Coolheaded"],"picked":"Sweeping Beam","floor":10},{"not_picked":["Hologram","Cold Snap"],"picked":"Leap","floor":13},{"not_picked":["Rebound","Gash","Hologram"],"picked":"SKIP","floor":14},{"not_picked":["Thunder Strike","Meteor Strike"],"picked":"Buffer","floor":16},{"not_picked":["Steam+1","Coolheaded"],"picked":"Hologram+1","floor":18},{"not_picked":["Gash+1","Turbo"],"picked":"Defragment+1","floor":19}],"player_experience":255157,"potions_floor_usage":[7,7,16,18],"damage_taken":[{"damage":6,"enemies":"2 Louse","floor":1,"turns":2},{"damage":3,"enemies":"Small Slimes","floor":2,"turns":3},{"damage":3,"enemies":"Cultist","floor":4,"turns":4},{"damage":19,"enemies":"Gremlin Nob","floor":7,"turns":4},{"damage":2,"enemies":"Looter","floor":8,"turns":3},{"damage":14,"enemies":"3 Louse","floor":10,"turns":3},{"damage":1,"enemies":"Blue Slaver","floor":13,"turns":2},{"damage":19,"enemies":"3 Sentries","floor":14,"turns":5},{"damage":7,"enemies":"Hexaghost","floor":16,"turns":7},{"damage":23,"enemies":"Chosen","floor":18,"turns":4},{"damage":2,"enemies":"Spheric Guardian","floor":19,"turns":3},{"damage":40,"enemies":"Snake Plant","floor":20,"turns":3}],"relics_obtained":[{"floor":7,"key":"Lantern"},{"floor":9,"key":"Boot"},{"floor":14,"key":"Bag of Preparation"}],"event_choices":[{"event_name":"Shining Light","player_choice":"Entered Light","floor":3,"damage_taken":0},{"event_name":"World of Goop","player_choice":"Gather Gold","floor":5,"damage_taken":0}],"boss_relics":[{"not_picked":["Philosopher\u0027s Stone","Nuclear Battery"],"picked":"Black Star"}],"items_purged_floors":[12],"potions_floor_spawned":[1,2,7,16,18,19],"seed_played":"3101196778369883789","killed_by":"Snake Plant","ascension_level":5,"potions_obtained":[{"floor":1,"key":"PowerPotion"},{"floor":2,"key":"Swift Potion"},{"floor":7,"key":"LiquidBronze"},{"floor":16,"key":"SkillPotion"},{"floor":18,"key":"SteroidPotion"},{"floor":19,"key":"GamblersBrew"}],"is_trial":false}