{"path_per_floor":["M","M","M","?","M","E","R","?","T","R","T","$","R","E","R"],"character_chosen":"DEFECT","items_purchased":["Leap"],"gold_per_floor":[114,129,144,144,159,189,189,189,214,214,239,185,185,215,215,215],"floor_reached":16,"campfire_rested":0,"playtime":387,"item_purchase_floors":[12],"current_hp_per_floor":[72,70,70,75,75,57,57,57,57,57,57,57,57,57,57,55],"items_purged":[],"gold":215,"score":133,"play_id":"77b0f6f4-c0ae-4c5a-92af-00d865d5c128","local_time":"20180621124746","daily_mods":["Diverse","Night Terrors","Hoarder"],"is_prod":false,"is_daily":true,"chose_seed":false,"is_ascension_mode":false,"campfire_upgraded":4,"win_rate":0,"timestamp":1529599666,"campfire_choices":[{"data":"Zap","floor":7,"key":"SMITH"},{"data":"Dualcast","floor":10,"key":"SMITH"},{"data":"Ghostly Armor","floor":13,"key":"SMITH"},{"data":"Scrape","floor":15,"key":"SMITH"}],"path_taken":["M","M","M","?","M","E","R","?","T","R","?","$","R","E","R","BOSS"],"build_version":"2018-06-20v3","seed_source_timestamp":0,"purchased_purges":0,"circlet_count":0,"victory":false,"master_deck":["Strike_B","Strike_B","Strike_B","Strike_B","Defend_B","Defend_B","Defend_B","Defend_B","Zap+1","Dualcast+1","Scrape","Scrape","Scrape+1","Ghostly Armor","Ghostly Armor","Ghostly Armor+1","Leap","Leap","Leap"],"max_hp_per_floor":[75,75,75,80,80,80,80,80,80,80,80,80,80,80,80,80],"special_seed":17703,"relics":["Cracked Core","Vajra","Boot","Oddly Smooth Stone","Ancient Tea Set"],"card_choices":[{"not_picked":["Doom and Gloom","Rupture"],"picked":"Scrape","floor":1},{"not_picked":["Armaments","Clothesline"],"picked":"Ghostly Armor","floor":2},{"not_picked":["Armaments","BootSequence","Iron Wave"],"picked":"SKIP","floor":3},{"not_picked":["Consume","Chaos","Pommel Strike"],"picked":"SKIP","floor":5},{"not_picked":["Deflect","Backflip","Disarm"],"picked":"SKIP","floor":6},{"not_picked":["Fusion","Lockon","Acrobatics"],"picked":"SKIP","floor":14}],"player_experience":312694,"potions_floor_usage":[6,14,16],"damage_taken":[{"damage":3,"enemies":"Jaw Worm","floor":1,"turns":4},{"damage":2,"enemies":"Small Slimes","floor":2,"turns":3},{"damage":0,"enemies":"2 Louse","floor":3,"turns":2},{"damage":0,"enemies":"Exordium Thugs","floor":5,"turns":4},{"damage":18,"enemies":"Lagavulin","floor":6,"turns":8},{"damage":0,"enemies":"3 Sentries","floor":14,"turns":6},{"damage":2,"enemies":"Hexaghost","floor":16,"turns":3}],"relics_obtained":[{"floor":6,"key":"Vajra"},{"floor":9,"key":"Boot"},{"floor":11,"key":"Oddly Smooth Stone"},{"floor":14,"key":"Ancient Tea Set"}],"event_choices":[{"event_name":"Big Fish","player_choice":"Donut","floor":4,"damage_taken":0},{"event_name":"The Woman in Blue","player_choice":"Bought 0 Potions","floor":8,"damage_taken":0}],"boss_relics":[],"items_purged_floors":[],"is_endless":false,"potions_floor_spawned":[1,3,6],"seed_played":"-2047804934668331113","killed_by":"Hexaghost","ascension_level":0,"potions_obtained":[{"floor":1,"key":"Poison Potion"},{"floor":3,"key":"Dexterity Potion"},{"floor":6,"key":"Fire Potion"}],"is_trial":false}