{"path_per_floor":["M","?","$","M","M","R","M","E","T","R","M","M","?","M","R","B",null,"M","$","M","?","M","R","?","R","T","R"],"character_chosen":"THE_SILENT","items_purchased":["Infinite Blades","Master of Strategy"],"gold_per_floor":[118,68,32,46,60,60,78,106,158,158,178,190,190,200,200,298,298,315,139,154,154,172,172,172,172,225,225],"floor_reached":28,"campfire_rested":3,"playtime":1907,"current_hp_per_floor":[67,67,67,66,66,66,40,27,27,48,44,33,33,17,38,30,70,57,57,51,35,33,54,40,40,40,40],"items_purged":[],"gold":225,"play_id":"d81aabb8-5543-4b72-a9c8-150f45cdad4a","is_prod":false,"is_daily":false,"campfire_rituals":0,"campfire_upgraded":3,"is_hardmode":false,"path_taken":["M","?","?","M","M","R","M","E","T","R","?","M","?","?","R","BOSS","M","$","M","?","M","R","?","R","T","R","E"],"build_version":"2018-01-11-PROD2","purchased_purges":0,"victory":false,"master_deck":["Defend_G","Defend_G","Defend_G","Defend_G","Defend_G","Strike_G","Strike_G","Strike_G","Strike_G","Survivor","Neutralize","Poisoned Stab","Infinite Blades","Poisoned Stab","Poisoned Stab","Poisoned Stab","Bouncing Flask","Bullet Time","Poisoned Stab","Dodge and Roll","Prepared","Master of Strategy","Crippling Poison","Necronomicurse","Poisoned Stab","Jack Of All Trades"],"max_hp_per_floor":[70,70,70,70,70,70,70,70,70,70,70,70,70,70,70,70,70,70,70,70,70,70,70,70,70,70,70],"relics":["Ring of the Snake","Bag of Marbles","Pen Nib","Blood Vial","Question Card","Necronomicon","Whetstone"],"campfire_meditates":0,"card_choices":[{"not_picked":["Prepared","Blade Dance"],"picked":"Poisoned Stab"},{"not_picked":["Sucker Punch","Dagger Spray"],"picked":"Poisoned Stab"},{"not_picked":["Tools of the Trade","Acrobatics"],"picked":"Poisoned Stab"},{"not_picked":["Blur","Riddle With Holes"],"picked":"Poisoned Stab"},{"not_picked":["Slice","Dagger Spray"],"picked":"Bouncing Flask"},{"not_picked":["Reflex","Acrobatics"],"picked":"Bullet Time"},{"not_picked":["Noxious Fumes","Acrobatics"],"picked":"Poisoned Stab"},{"not_picked":["Underhanded Strike","Flying Knee"],"picked":"Dodge and Roll"},{"not_picked":["Flying Knee","Cloak And Dagger","Malaise"],"picked":"Prepared"},{"not_picked":["Dodge and Roll","Calculated Gamble","Prepared"],"picked":"Crippling Poison"},{"not_picked":["Blade Dance","Flechettes","Cloak And Dagger"],"picked":"Poisoned Stab"}],"player_experience":75551,"potions_floor_usage":[],"damage_taken":[{"damage":3,"enemies":"Small Slimes","floor":1,"turns":3},{"damage":1,"enemies":"Blue Slaver","floor":4,"turns":4},{"damage":0,"enemies":"Cultist","floor":5,"turns":3},{"damage":26,"enemies":"Exordium Thugs","floor":7,"turns":5},{"damage":13,"enemies":"Lagavulin","floor":8,"turns":7},{"damage":6,"enemies":"3 Louse","floor":11,"turns":3},{"damage":13,"enemies":"Gremlin Gang","floor":12,"turns":4},{"damage":18,"enemies":"Exordium Thugs","floor":14,"turns":4},{"damage":10,"enemies":"Slime Boss","floor":16,"turns":7},{"damage":13,"enemies":"Shell Parasite","floor":18,"turns":7},{"damage":8,"enemies":"Chosen","floor":20,"turns":4},{"damage":4,"enemies":"Snecko","floor":22,"turns":4},{"damage":43,"enemies":"Slavers","floor":28,"turns":3}],"event_choices":[{"event_name":"The Cleric","player_choice":"Card Removal","floor":2,"damage_taken":0},{"event_name":"The Woman in Blue","player_choice":"Bought 0 Potions","floor":13,"damage_taken":0},{"event_name":"Cursed Tome","player_choice":"Obtained Book","floor":21,"damage_taken":0},{"event_name":"Knowing Skull","player_choice":"CARD ","floor":24,"damage_taken":0}],"boss_relics":[{"not_picked":["Philosopher\u0027s Stone","Orrery"],"picked":"Question Card"}],"potions_floor_spawned":[5,11,12,14,16,22],"seed_played":"-33150964467356341","killed_by":"Slavers","is_trial":false}