{"gold_per_floor":[113,38,38,38,63,77,77,77,77,77,77,24,48,71,71,71],"floor_reached":16,"playtime":489,"items_purged":["Defend_B"],"score":171,"play_id":"e605fa38-cad4-490a-9fc6-9308e2ae8f95","local_time":"20180924233717","is_ascension_mode":true,"campfire_choices":[{"data":"Zap","floor":7,"key":"SMITH"},{"data":"Auto Shields","floor":11,"key":"SMITH"},{"floor":15,"key":"REST"}],"neow_cost":"NONE","seed_source_timestamp":816864112540685,"circlet_count":0,"master_deck":["Strike_B","Strike_B","Strike_B","Defend_B","Defend_B","Defend_B","Zap+1","Dualcast+1","AscendersBane","Auto Shields+1","Ball Lightning","Tempest","Auto Shields","Melter"],"relics":["Cracked Core","Dream Catcher","Golden Idol","Shuriken"],"potions_floor_usage":[13,14,16],"damage_taken":[{"damage":0,"enemies":"Small Slimes","floor":1,"turns":3},{"damage":0,"enemies":"2 Louse","floor":5,"turns":2},{"damage":1,"enemies":"Cultist","floor":6,"turns":3},{"damage":11,"enemies":"Exordium Thugs","floor":13,"turns":3},{"damage":7,"enemies":"Exordium Wildlife","floor":14,"turns":3},{"damage":67,"enemies":"Hexaghost","floor":16,"turns":9}],"seed_played":"-1967025535011080895","potions_obtained":[{"floor":1,"key":"SteroidPotion"},{"floor":5,"key":"Fire Potion"},{"floor":13,"key":"Strength Potion"}],"is_trial":false,"path_per_floor":["M","$","?","?","M","M","R","?","T","?","R","$","M","M","R"],"character_chosen":"DEFECT","items_purchased":["Ball Lightning"],"campfire_rested":1,"item_purchase_floors":[12],"current_hp_per_floor":[64,64,64,69,69,68,68,68,68,61,61,61,50,43,63,0],"gold":71,"neow_bonus":"RANDOM_COMMON_RELIC","is_prod":false,"is_daily":false,"chose_seed":false,"campfire_upgraded":2,"win_rate":0,"timestamp":1537825037,"path_taken":["M","$","?","?","M","?","R","?","T","?","R","?","?","M","R","BOSS"],"build_version":"2018-09-20","purchased_purges":1,"victory":false,"max_hp_per_floor":[71,71,64,69,69,69,69,69,69,69,69,69,69,69,69,69],"card_choices":[{"not_picked":["Loop","Beam Cell"],"picked":"Auto Shields","floor":1},{"not_picked":["Aggregate","Go for the Eyes","Compile Driver"],"picked":"SKIP","floor":5},{"not_picked":["Aggregate","Hologram","Hello World"],"picked":"SKIP","floor":6},{"not_picked":["Cold Snap","Compile Driver"],"picked":"Tempest","floor":13},{"not_picked":["Turbo","Compile Driver"],"picked":"Auto Shields","floor":14},{"not_picked":["Ball Lightning","Creative AI"],"picked":"Melter","floor":15}],"player_experience":650869,"relics_obtained":[{"floor":9,"key":"Shuriken"}],"event_choices":[{"event_name":"Golden Idol","player_choice":"Lose Max HP","floor":3,"damage_taken":0},{"event_name":"Big Fish","player_choice":"Donut","floor":4,"damage_taken":0},{"event_name":"Living Wall","player_choice":"Grow","floor":8,"damage_taken":0},{"event_name":"Golden Wing","player_choice":"Card Removal","floor":10,"damage_taken":0}],"is_beta":false,"boss_relics":[],"items_purged_floors":[2],"is_endless":false,"potions_floor_spawned":[1,5,13],"killed_by":"Hexaghost","ascension_level":18}