{"gold_per_floor":[12,12,12,26,38,38,54,54,54,54,72,86,86,102,102,102],"floor_reached":16,"playtime":879,"items_purged":[],"score":155,"play_id":"6d63c2c6-9733-41f1-9fa2-a3c2eb0dc3ec","local_time":"20180921031047","is_ascension_mode":true,"campfire_choices":[{"data":"Dualcast","floor":6,"key":"SMITH"},{"floor":13,"key":"REST"},{"floor":15,"key":"REST"}],"neow_cost":"NO_GOLD","seed_source_timestamp":0,"circlet_count":0,"master_deck":["Strike_B","Strike_B","Strike_B","Strike_B","Defend_B","Defend_B","Defend_B","Zap","Dualcast+1","AscendersBane","Glacier","BootSequence","White Noise","Reinforced Body","Sweeping Beam","Conserve Battery","Multi-Cast","Leap"],"special_seed":0,"relics":["Cracked Core","Mummified Hand","Frozen Egg 2"],"potions_floor_usage":[12,14],"damage_taken":[{"damage":2,"enemies":"Small Slimes","floor":1,"turns":3},{"damage":0,"enemies":"Cultist","floor":4,"turns":3},{"damage":1,"enemies":"2 Louse","floor":5,"turns":2},{"damage":20,"enemies":"Exordium Thugs","floor":7,"turns":6},{"damage":2,"enemies":"2 Fungi Beasts","floor":11,"turns":3},{"damage":7,"enemies":"Lots of Slimes","floor":12,"turns":3},{"damage":1,"enemies":"Large Slime","floor":14,"turns":7},{"damage":52,"enemies":"Slime Boss","floor":16,"turns":7}],"seed_played":"-1872375352322646829","potions_obtained":[{"floor":1,"key":"PowerPotion"},{"floor":4,"key":"SneckoOil"},{"floor":8,"key":"Fire Potion"},{"floor":14,"key":"SkillPotion"}],"is_trial":false,"path_per_floor":["M","?","$","M","M","R","M","?","T","?","M","M","R","M","R"],"character_chosen":"DEFECT","items_purchased":[],"campfire_rested":2,"item_purchase_floors":[],"current_hp_per_floor":[66,66,66,66,65,65,45,45,45,27,25,25,47,53,75,23],"gold":102,"neow_bonus":"THREE_RARE_CARDS","is_prod":false,"is_daily":false,"chose_seed":false,"campfire_upgraded":1,"win_rate":0,"timestamp":1537492247,"path_taken":["M","?","?","M","M","R","M","?","T","?","?","M","R","M","R","BOSS"],"build_version":"2018-09-20","purchased_purges":0,"victory":false,"max_hp_per_floor":[75,75,75,75,75,75,75,75,75,75,75,75,75,75,75,75],"card_choices":[{"not_picked":["Amplify","Machine Learning"],"picked":"Reboot","floor":0.0},{"not_picked":["Aggregate","Barrage"],"picked":"Glacier","floor":1},{"not_picked":["Ball Lightning","Loop"],"picked":"White Noise","floor":4},{"not_picked":["Rip and Tear","Gash"],"picked":"Reinforced Body","floor":5},{"not_picked":["Leap","Cold Snap"],"picked":"Sweeping Beam","floor":7},{"not_picked":["Hello World+1","Compile Driver"],"picked":"Conserve Battery","floor":11},{"not_picked":["Compile Driver","Coolheaded"],"picked":"Multi-Cast","floor":12},{"not_picked":["Hologram","Fusion"],"picked":"Leap","floor":14}],"player_experience":480194,"relics_obtained":[{"floor":9,"key":"Mummified Hand"}],"event_choices":[{"event_name":"Transmorgrifier","player_choice":"Transform","floor":2,"damage_taken":0},{"event_name":"The Lab","player_choice":"Got Potions","floor":8,"damage_taken":0},{"event_name":"Scrap Ooze","player_choice":"success","floor":10,"damage_taken":18}],"is_beta":false,"boss_relics":[],"items_purged_floors":[],"is_endless":false,"potions_floor_spawned":[1,4,14],"killed_by":"Slime Boss","ascension_level":13}