{"gold_per_floor":[112,124,124,139,151,185,185,219,219,231,231,65,77,25,25,128,128,146,162,176,192,202,202,219,248,248,248,347,44,74,90,90,188,188,208,208,219,219,42,42,72,72,123,142,161,176,192,42,42,42],"floor_reached":51,"playtime":2990,"items_purged":["Strike_G","Strike_G","Strike_G","Pain"],"score":972,"play_id":"2143d2e4-1ead-4554-998e-ccb7ea58275d","local_time":"20181008104623","is_ascension_mode":true,"campfire_choices":[{"data":"Neutralize","floor":7,"key":"SMITH"},{"data":"Crippling Poison","floor":11,"key":"SMITH"},{"floor":15,"key":"REST"},{"floor":23,"key":"REST"},{"data":"Malaise","floor":27,"key":"SMITH"},{"data":"Infinite Blades","floor":32,"key":"SMITH"},{"data":"Footwork","floor":40,"key":"SMITH"},{"data":"Burst","floor":42,"key":"SMITH"},{"floor":49,"key":"REST"}],"neow_cost":"TEN_PERCENT_HP_LOSS","seed_source_timestamp":248232757457174,"circlet_count":0,"master_deck":["Defend_G","Defend_G","Defend_G","Defend_G","Defend_G","Strike_G","Strike_G","Survivor","Neutralize+1","Flying Knee","Crippling Poison+1","Adrenaline","Quick Slash","Adrenaline","Deflect","Dagger Spray","Footwork+1","Dodge and Roll","Backflip","Malaise+1","Escape Plan+1","Deflect+1","Infinite Blades+1","Escape Plan+1","Cloak And Dagger+1","Flechettes","Terror","Backflip","Burst+1","Infinite Blades+1","Madness","Madness","Cloak And Dagger+1","Cloak And Dagger+1","PiercingWail+1","Blur+1"],"relics":["Ring of the Snake","Turnip","StoneCalendar","Shuriken","Blue Candle","WristBlade","Oddly Smooth Stone","Mango","Sling","Bottled Flame","Cursed Key","War Paint","Vajra"],"potions_floor_usage":[6,8,16,20,25,31,33,33,33,46,50,50],"damage_taken":[{"damage":0,"enemies":"Small Slimes","floor":1,"turns":4},{"damage":0,"enemies":"Cultist","floor":2,"turns":4},{"damage":0,"enemies":"Jaw Worm","floor":4,"turns":3},{"damage":1,"enemies":"Exordium Wildlife","floor":5,"turns":3},{"damage":31,"enemies":"Lagavulin","floor":6,"turns":6},{"damage":21,"enemies":"Gremlin Nob","floor":8,"turns":5},{"damage":0,"enemies":"Lots of Slimes","floor":10,"turns":2},{"damage":0,"enemies":"Blue Slaver","floor":13,"turns":3},{"damage":5,"enemies":"Slime Boss","floor":16,"turns":7},{"damage":0,"enemies":"3 Byrds","floor":18,"turns":5},{"damage":15,"enemies":"2 Thieves","floor":19,"turns":5},{"damage":7,"enemies":"Chosen and Byrds","floor":20,"turns":7},{"damage":0,"enemies":"Centurion and Healer","floor":21,"turns":6},{"damage":5,"enemies":"Snake Plant","floor":22,"turns":7},{"damage":5,"enemies":"Shelled Parasite and Fungi","floor":24,"turns":5},{"damage":2,"enemies":"Book of Stabbing","floor":25,"turns":7},{"damage":10,"enemies":"Slavers","floor":30,"turns":4},{"damage":11,"enemies":"Centurion and Healer","floor":31,"turns":5},{"damage":12,"enemies":"Automaton","floor":33,"turns":9},{"damage":0,"enemies":"Orb Walker","floor":35,"turns":5},{"damage":5,"enemies":"3 Shapes","floor":37,"turns":5},{"damage":2,"enemies":"Giant Head","floor":41,"turns":5},{"damage":6,"enemies":"Transient","floor":44,"turns":5},{"damage":3,"enemies":"3 Darklings","floor":45,"turns":3},{"damage":34,"enemies":"Reptomancer","floor":46,"turns":5},{"damage":7,"enemies":"Transient","floor":47,"turns":5},{"damage":8,"enemies":"Awakened One","floor":50,"turns":11}],"seed_played":"643564136213397618","potions_obtained":[{"floor":1,"key":"FearPotion"},{"floor":6,"key":"SteroidPotion"},{"floor":8,"key":"SkillPotion"},{"floor":10,"key":"Strength Potion"},{"floor":16,"key":"Ancient Potion"},{"floor":18,"key":"Strength Potion"},{"floor":21,"key":"SteroidPotion"},{"floor":25,"key":"SpeedPotion"},{"floor":30,"key":"SkillPotion"},{"floor":31,"key":"Dexterity Potion"},{"floor":33,"key":"Dexterity Potion"},{"floor":37,"key":"Poison Potion"},{"floor":41,"key":"Regen Potion"}],"is_trial":false,"path_per_floor":["M","M","?","M","M","E","R","E","T","M","R","$","M","$","R","B",null,"M","M","M","M","M","R","M","E","T","R","?","$","E","M","R","B",null,"M","?","M","?","$","R","E","R","T","M","M","M","M","$","R","B"],"character_chosen":"THE_SILENT","items_purchased":["Footwork","Dodge and Roll","SkillPotion","Sling","Dexterity Potion"],"campfire_rested":3,"item_purchase_floors":[12,12,14,29,39],"current_hp_per_floor":[63,63,63,63,62,31,31,10,10,10,10,10,10,10,28,23,53,53,38,31,31,26,44,39,37,51,51,51,51,41,30,30,18,62,62,52,47,47,47,47,45,45,45,39,36,16,9,9,32,24],"gold":42,"neow_bonus":"ONE_RARE_RELIC","is_prod":false,"is_daily":false,"chose_seed":false,"campfire_upgraded":6,"win_rate":0,"timestamp":1538988383,"path_taken":["M","M","?","M","M","E","R","E","T","M","R","?","?","$","R","BOSS","M","M","M","M","M","R","M","E","T","R","?","$","E","?","R","BOSS","M","?","M","?","?","R","E","R","T","M","?","M","M","$","R","BOSS"],"build_version":"2018-10-04","purchased_purges":4,"victory":true,"max_hp_per_floor":[63,63,63,63,63,63,63,63,63,63,63,63,63,63,63,63,63,63,63,63,63,63,63,63,63,77,77,77,77,77,77,77,77,77,77,77,77,77,77,77,77,77,77,77,77,77,77,77,77,77],"card_choices":[{"not_picked":["Catalyst","Escape Plan"],"picked":"Flying Knee","floor":1},{"not_picked":["Dagger Throw","Sucker Punch"],"picked":"Crippling Poison","floor":2},{"not_picked":["Blade Dance","Masterful Stab","Bane"],"picked":"SKIP","floor":4},{"not_picked":["Skewer","Dagger Throw"],"picked":"Adrenaline","floor":5},{"not_picked":["Eviscerate","Blade Dance"],"picked":"Deflect","floor":6},{"not_picked":["Dagger Throw","All Out Attack"],"picked":"Dagger Spray","floor":8},{"not_picked":["Expertise","Sucker Punch","Quick Slash"],"picked":"SKIP","floor":10},{"not_picked":["Deadly Poison","Sucker Punch"],"picked":"Backflip","floor":13},{"not_picked":["A Thousand Cuts","Wraith Form v2"],"picked":"Malaise","floor":16},{"not_picked":["Bouncing Flask+1","Reflex"],"picked":"Escape Plan+1","floor":18},{"not_picked":["Finisher+1","Poisoned Stab"],"picked":"Deflect","floor":19},{"not_picked":["Poisoned Stab","Concentrate"],"picked":"Infinite Blades","floor":20},{"not_picked":["Bouncing Flask","Bane+1"],"picked":"Escape Plan","floor":21},{"not_picked":["Quick Slash","Poisoned Stab"],"picked":"Cloak And Dagger+1","floor":22},{"not_picked":["Acrobatics","Distraction"],"picked":"Flechettes","floor":24},{"not_picked":["Crippling Poison+1","Quick Slash","Acrobatics"],"picked":"SKIP","floor":25},{"not_picked":["Dagger Throw","Reflex+1"],"picked":"Terror","floor":30},{"not_picked":["Expertise","Distraction"],"picked":"Backflip","floor":31},{"not_picked":["Grand Finale","Die Die Die"],"picked":"Burst","floor":33},{"not_picked":["Poisoned Stab+1","Acrobatics+1"],"picked":"Infinite Blades+1","floor":35},{"not_picked":["Skewer+1","Accuracy","Prepared+1"],"picked":"SKIP","floor":37},{"not_picked":["Eviscerate","Poisoned Stab+1"],"picked":"Cloak And Dagger+1","floor":41},{"not_picked":["Dagger Throw","Quick Slash","PiercingWail"],"picked":"SKIP","floor":44},{"not_picked":["Quick Slash+1","Dagger Spray+1","Bane"],"picked":"SKIP","floor":45},{"not_picked":["Expertise+1","Dash+1"],"picked":"PiercingWail+1","floor":46},{"not_picked":["Underhanded Strike+1","Deadly Poison+1"],"picked":"Blur+1","floor":47}],"player_experience":181557,"relics_obtained":[{"floor":6,"key":"StoneCalendar"},{"floor":8,"key":"Shuriken"},{"floor":9,"key":"Blue Candle"},{"floor":25,"key":"Oddly Smooth Stone"},{"floor":26,"key":"Mango"},{"floor":30,"key":"Bottled Flame"},{"floor":41,"key":"War Paint"},{"floor":43,"key":"Vajra"}],"event_choices":[{"event_name":"Match and Keep!","player_choice":"2 cards matched","floor":3,"damage_taken":0},{"event_name":"Nest","player_choice":"Stole From Cult","floor":28,"damage_taken":0},{"event_name":"Winding Halls","player_choice":"Embrace Madness","floor":36,"damage_taken":0},{"event_name":"Duplicator","player_choice":"One dupe","floor":38,"damage_taken":0}],"is_beta":true,"boss_relics":[{"not_picked":["Runic Pyramid","White Beast Statue"],"picked":"WristBlade"},{"not_picked":["Ring of the Serpent","Astrolabe"],"picked":"Cursed Key"}],"items_purged_floors":[12,29,39,48],"is_endless":false,"potions_floor_spawned":[1,6,8,10,16,18,21,25,30,31,33,37,41,44,45],"ascension_level":7}