{"gold_per_floor":[144,189,69,114,14,59,59,149,174,174,219,309,309,354,354,654,654,699,699,744,789,834,834,924,924,949,501,591,636,86,131,131,431,431,476,476,509,554,179,269,269,269,269,314,359,404,404,494,494,494],"floor_reached":51,"playtime":2794,"items_purged":["Expertise","Expertise","Strike_B","Strike_B","Strike_B"],"score":859,"play_id":"dbfbd4a5-0148-4e2d-9b36-211f0c0048e9","local_time":"20190123213537","daily_mods":["Specialized","Green Cards","Midas"],"is_ascension_mode":false,"campfire_choices":[{"floor":7,"key":"REST"},{"floor":10,"key":"REST"},{"floor":15,"key":"REST"},{"floor":23,"key":"REST"},{"floor":25,"key":"REST"},{"floor":32,"key":"REST"},{"floor":42,"key":"DIG"},{"floor":47,"key":"REST"},{"floor":49,"key":"DIG"}],"neow_cost":"","seed_source_timestamp":0,"circlet_count":0,"master_deck":["Strike_B","Defend_B","Defend_B","Defend_B","Defend_B","Zap","Dualcast","Expertise","Expertise","Beam Cell","Conserve Battery","Flying Knee","Adrenaline","Gash","Streamline","Malaise","Beam Cell","FTL","Streamline","Caltrops+1","Cloak And Dagger+1","Machine Learning+1","Blade Dance","Gash+1","Sucker Punch+1","Burst","Gash","Panacea","Hologram+1","Hologram+1","Parasite","Rebound"],"special_seed":17920,"relics":["Cracked Core","Du-Vu Doll","Happy Flower","Shovel","Black Star","Bronze Scales","Emotion Chip","Anchor","PreservedInsect","Vajra","Boot","DataDisk","Pear","Pen Nib","Lizard Tail","Nunchaku","DollysMirror","Oddly Smooth Stone","Mango","Pantograph","Singing Bowl","Shuriken","Blood Vial","Bag of Marbles"],"potions_floor_usage":[11,16,21,24,24,28,33,33,37,37,50,50,50],"damage_taken":[{"damage":1,"enemies":"Jaw Worm","floor":1,"turns":5},{"damage":1,"enemies":"Cultist","floor":2,"turns":3},{"damage":0,"enemies":"Small Slimes","floor":4,"turns":3},{"damage":10,"enemies":"3 Louse","floor":6,"turns":3},{"damage":12,"enemies":"3 Sentries","floor":8,"turns":10},{"damage":10,"enemies":"Lots of Slimes","floor":11,"turns":3},{"damage":8,"enemies":"Gremlin Nob","floor":12,"turns":3},{"damage":0,"enemies":"Blue Slaver","floor":14,"turns":2},{"damage":19,"enemies":"The Guardian","floor":16,"turns":14},{"damage":7,"enemies":"3 Byrds","floor":18,"turns":6},{"damage":8,"enemies":"2 Thieves","floor":20,"turns":4},{"damage":9,"enemies":"Centurion and Healer","floor":21,"turns":4},{"damage":20,"enemies":"3 Cultists","floor":22,"turns":5},{"damage":13,"enemies":"Book of Stabbing","floor":24,"turns":4},{"damage":0,"enemies":"Gremlin Leader","floor":28,"turns":5},{"damage":18,"enemies":"Snecko","floor":29,"turns":4},{"damage":26,"enemies":"Sentry and Sphere","floor":31,"turns":4},{"damage":34,"enemies":"Champ","floor":33,"turns":8},{"damage":0,"enemies":"3 Shapes","floor":35,"turns":4},{"damage":25,"enemies":"2 Orb Walkers","floor":37,"turns":4},{"damage":0,"enemies":"Orb Walker","floor":38,"turns":2},{"damage":1,"enemies":"Nemesis","floor":40,"turns":5},{"damage":16,"enemies":"Writhing Mass","floor":44,"turns":4},{"damage":24,"enemies":"4 Shapes","floor":45,"turns":4},{"damage":9,"enemies":"Jaw Worm Horde","floor":46,"turns":4},{"damage":9,"enemies":"Giant Head","floor":48,"turns":6},{"damage":72,"enemies":"Donu and Deca","floor":50,"turns":8}],"seed_played":"5878124087660540128","potions_obtained":[{"floor":1,"key":"Energy Potion"},{"floor":2,"key":"SteroidPotion"},{"floor":4,"key":"EssenceOfSteel"},{"floor":11,"key":"SpeedPotion"},{"floor":18,"key":"Fire Potion"},{"floor":22,"key":"Poison Potion"},{"floor":29,"key":"Poison Potion"},{"floor":31,"key":"FocusPotion"},{"floor":33,"key":"SkillPotion"},{"floor":35,"key":"Explosive Potion"},{"floor":40,"key":"Ancient Potion"},{"floor":46,"key":"Weak Potion"},{"floor":48,"key":"SteroidPotion"}],"is_trial":false,"path_per_floor":["M","M","$","M","$","M","R","E","T","R","M","E","?","M","R","B",null,"M","?","M","M","M","R","E","R","T","$","E","M","$","M","R","B",null,"M","?","?","M","$","E","?","R","T","M","M","M","R","E","R","B",null],"character_chosen":"DEFECT","items_purchased":["Conserve Battery","PreservedInsect","Vajra","Blade Dance","Pear","Pen Nib","DollysMirror"],"campfire_rested":7,"item_purchase_floors":[3,27,27,27,30,30,39],"current_hp_per_floor":[74,73,73,73,73,63,75,63,63,75,65,57,57,57,75,56,75,68,68,60,51,31,53,40,62,62,62,62,44,54,28,53,19,85,85,85,60,60,60,73,73,73,73,59,37,28,58,51,51,6],"gold":494,"neow_bonus":"","is_prod":false,"is_daily":true,"chose_seed":false,"campfire_upgraded":0,"win_rate":0,"timestamp":1548308137,"path_taken":["M","M","$","M","$","M","R","E","T","R","M","E","?","M","R","BOSS","M","?","?","M","M","R","E","R","T","$","E","M","$","M","R","BOSS","M","?","?","M","$","E","?","R","T","M","M","M","R","E","R","BOSS"],"build_version":"2019-01-23","purchased_purges":5,"victory":true,"max_hp_per_floor":[75,75,75,75,75,75,75,75,75,75,75,75,75,75,75,75,75,75,75,75,75,75,75,75,75,75,75,75,75,85,85,85,85,85,85,85,85,85,85,99,99,99,99,101,103,103,103,105,105,105],"card_choices":[{"not_picked":["Blizzard","Prepared","Tactician"],"picked":"SKIP","floor":1},{"not_picked":["Flechettes","Static Discharge"],"picked":"Beam Cell","floor":2},{"not_picked":["Chaos","Genetic Algorithm","Underhanded Strike"],"picked":"SKIP","floor":4},{"not_picked":["Redo","Riddle With Holes"],"picked":"Flying Knee","floor":6},{"not_picked":["Flying Knee","Wraith Form v2"],"picked":"Adrenaline","floor":8},{"not_picked":["Consume","Doom and Gloom"],"picked":"Gash","floor":11},{"not_picked":["Echo Form","Sucker Punch"],"picked":"Streamline","floor":12},{"not_picked":["Heatsinks","Turbo","Redo"],"picked":"SKIP","floor":14},{"not_picked":["Biased Cognition","Seek"],"picked":"Malaise","floor":16},{"not_picked":["Tempest","Reflex"],"picked":"Beam Cell","floor":18},{"not_picked":["Melter+1","FTL"],"picked":"Streamline","floor":20},{"not_picked":["Compile Driver","Prepared"],"picked":"Caltrops+1","floor":21},{"not_picked":["Dodge and Roll","Night Terror"],"picked":"Cloak And Dagger+1","floor":22},{"not_picked":["Footwork","Riddle With Holes"],"picked":"Machine Learning","floor":24},{"not_picked":["Barrage","Compile Driver","BootSequence"],"picked":"SKIP","floor":28},{"not_picked":["Leg Sweep+1","Underhanded Strike+1"],"picked":"Gash+1","floor":29},{"not_picked":["Compile Driver","Endless Agony"],"picked":"Sucker Punch+1","floor":31},{"not_picked":["Wraith Form v2","Storm of Steel"],"picked":"Burst","floor":33},{"not_picked":["Finisher+1","Cloak And Dagger"],"picked":"Gash","floor":35},{"not_picked":["Trip","The Bomb"],"picked":"Panacea","floor":36},{"not_picked":["Steam Power","Blizzard"],"picked":"Hologram+1","floor":37},{"not_picked":["Quick Slash","Sucker Punch","Sweeping Beam"],"picked":"SKIP","floor":38},{"not_picked":["Blur","Stack","Darkness"],"picked":"SKIP","floor":40},{"not_picked":["Concentrate","Leap+1","Crippling Poison"],"picked":"Singing Bowl","floor":44},{"not_picked":["Acrobatics+1","Dagger Spray","Tempest"],"picked":"Singing Bowl","floor":45},{"not_picked":["Acrobatics+1","Dodge and Roll"],"picked":"Rebound","floor":46},{"not_picked":["Streamline","Aggregate","Calculated Gamble+1"],"picked":"Singing Bowl","floor":48}],"player_experience":601005,"relics_obtained":[{"floor":8,"key":"Du-Vu Doll"},{"floor":9,"key":"Happy Flower"},{"floor":12,"key":"Shovel"},{"floor":24,"key":"Bronze Scales"},{"floor":24,"key":"Emotion Chip"},{"floor":26,"key":"Anchor"},{"floor":28,"key":"Boot"},{"floor":28,"key":"DataDisk"},{"floor":37,"key":"Nunchaku"},{"floor":40,"key":"Oddly Smooth Stone"},{"floor":40,"key":"Mango"},{"floor":42,"key":"Pantograph"},{"floor":43,"key":"Singing Bowl"},{"floor":48,"key":"Shuriken"},{"floor":48,"key":"Blood Vial"},{"floor":49,"key":"Bag of Marbles"}],"event_choices":[{"cards_removed":["Expertise"],"damage_healed":0,"gold_gain":0,"player_choice":"Forget","damage_taken":0,"max_hp_gain":0,"max_hp_loss":0,"event_name":"Living Wall","floor":13,"gold_loss":0},{"damage_healed":0,"gold_gain":0,"player_choice":"1 cards matched","damage_taken":0,"max_hp_gain":0,"max_hp_loss":0,"event_name":"Match and Keep!","floor":19,"gold_loss":0,"cards_obtained":["FTL"]},{"damage_healed":0,"gold_gain":0,"player_choice":"Memory 1","damage_taken":0,"max_hp_gain":0,"max_hp_loss":0,"event_name":"SensoryStone","floor":36,"gold_loss":0},{"damage_healed":0,"gold_gain":0,"player_choice":"Fight","damage_taken":0,"max_hp_gain":0,"max_hp_loss":0,"event_name":"Mysterious Sphere","floor":37,"gold_loss":0},{"damage_healed":0,"gold_gain":0,"player_choice":"Forge","damage_taken":0,"max_hp_gain":0,"max_hp_loss":0,"event_name":"Accursed Blacksmith","floor":41,"gold_loss":0,"cards_upgraded":["Machine Learning"]}],"is_beta":false,"boss_relics":[{"not_picked":["White Beast Statue","Pandora\u0027s Box"],"picked":"Black Star"},{"not_picked":["Inserter","Astrolabe"],"picked":"Lizard Tail"}],"items_purged_floors":[3,5,27,30,39],"is_endless":false,"potions_floor_spawned":[1,2,4,8,11,18,22,29,31,33,35,40,46,48],"ascension_level":0}