{"path_per_floor":["M","$","M","M","M","R","M","R","T","E","?","$","R","?","R","B",null,"M","M","$","M","M","$","E","R","T","T","E","M","?","M","R","B",null,"M","M","?","M","M","E","R","E","T","R","?","R","M","M","R","B"],"character_chosen":"THE_SILENT","items_purchased":["Question Card","Dodge and Roll","Noxious Fumes","Apotheosis","Deflect"],"gold_per_floor":[361,14,24,37,57,57,71,71,71,101,101,31,31,31,31,162,162,176,190,1,22,46,19,53,53,100,124,162,182,182,201,201,320,320,336,351,351,372,393,424,424,468,468,468,801,801,817,829,829,829],"floor_reached":51,"campfire_rested":7,"playtime":5915,"current_hp_per_floor":[63,63,63,63,63,63,63,63,63,43,28,28,46,63,63,31,55,54,50,50,28,25,25,18,36,36,43,39,41,41,38,59,47,66,66,66,57,50,34,6,28,22,22,44,44,66,66,59,76,72],"items_purged":["Strike_G"],"gold":829,"score":924,"play_id":"a6d7b2ab-b862-4f0f-ae1b-a49936b18f2b","local_time":"20180330210825","is_prod":false,"is_daily":false,"is_ascension_mode":true,"campfire_upgraded":3,"timestamp":1522469305,"path_taken":["M","$","M","M","M","R","M","R","T","E","?","$","R","?","R","BOSS","M","M","$","M","M","$","E","R","T","?","E","M","?","M","R","BOSS","M","M","?","M","M","E","R","E","T","R","?","R","M","M","R","BOSS"],"build_version":"2018-03-29v2","purchased_purges":1,"victory":true,"master_deck":["Survivor","Neutralize","Dash+1","Dodge and Roll","Slice","Malaise+1","Leg Sweep+1","Infinite Blades","Leg Sweep","Noxious Fumes","Adrenaline","Quick Slash","Bouncing Flask+1","Reflex","Backflip","Bane","Dodge and Roll+1","All Out Attack","Deadly Poison","Poisoned Stab","Cloak And Dagger","Dash+1","Apotheosis","Concentrate","Acrobatics","Deflect","Cloak And Dagger+1","Footwork","Tools of the Trade","Bullet Time","Footwork+1","Cloak And Dagger+1","Madness","Madness","Terror+1","Blur+1","Accuracy","Concentrate+1"],"max_hp_per_floor":[63,63,63,63,63,63,63,63,63,63,63,63,63,63,63,63,63,63,63,63,63,63,63,63,63,63,70,70,72,72,72,72,72,72,72,72,72,72,74,76,76,76,76,76,76,76,76,76,76,76],"relics":["Ring of the Snake","Question Card","Snake Skull","Bronze Scales","Pandora\u0027s Box","Singing Bowl","Anchor","Strawberry","Kunai","Sozu","Unceasing Top","War Paint","Bag of Preparation"],"card_choices":[{"not_picked":["Dagger Throw","Acrobatics"],"picked":"Dash","floor":1},{"not_picked":["Bouncing Flask","PiercingWail","Masterful Stab"],"picked":"Slice","floor":3},{"not_picked":["Catalyst","Deadly Poison","Dagger Throw"],"picked":"Malaise","floor":4},{"not_picked":["Quick Slash","Acrobatics","Setup"],"picked":"Leg Sweep","floor":5},{"not_picked":["Riddle With Holes","PiercingWail","Choke"],"picked":"Infinite Blades","floor":7},{"not_picked":["Catalyst","Flechettes","Eviscerate"],"picked":"Leg Sweep","floor":10},{"not_picked":["Corpse Explosion","Venomology","Night Terror"],"picked":"Adrenaline","floor":16},{"not_picked":["Dagger Spray","Acrobatics","Bouncing Flask"],"picked":"Cloak And Dagger","floor":18},{"not_picked":["Choke","Blade Dance","Slice"],"picked":"Dash","floor":19},{"not_picked":["Quick Slash","Acrobatics","Unload"],"picked":"Concentrate","floor":21},{"not_picked":["Deadly Poison","Malaise","Bouncing Flask"],"picked":"Acrobatics","floor":22},{"not_picked":["Choke","Corpse Explosion","Footwork"],"picked":"Cloak And Dagger","floor":24},{"not_picked":["Setup","Expertise","Eviscerate"],"picked":"Footwork","floor":28},{"not_picked":["Bane","Concentrate","Well Laid Plans"],"picked":"Tools of the Trade","floor":31},{"not_picked":["Tools of the Trade","Envenom","Night Terror"],"picked":"Bullet Time","floor":33},{"not_picked":["PiercingWail","Leg Sweep","Dagger Spray"],"picked":"Footwork","floor":35},{"not_picked":["Deadly Poison","Sucker Punch","Finisher"],"picked":"Cloak And Dagger","floor":36},{"not_picked":["Expertise","Sucker Punch","Dagger Spray"],"picked":"Terror","floor":38},{"not_picked":["Bouncing Flask","Cloak And Dagger","Sucker Punch"],"picked":"Blur","floor":42},{"not_picked":["Storm of Steel","Dagger Throw","Setup"],"picked":"Accuracy","floor":47},{"not_picked":["Bouncing Flask","Dodge and Roll","Poisoned Stab"],"picked":"Concentrate","floor":48}],"player_experience":132145,"potions_floor_usage":[10,19,21,24,33,33,39,39],"damage_taken":[{"damage":0,"enemies":"Cultist","floor":1,"turns":4},{"damage":0,"enemies":"2 Louse","floor":3,"turns":3},{"damage":0,"enemies":"Small Slimes","floor":4,"turns":3},{"damage":0,"enemies":"Blue Slaver","floor":5,"turns":5},{"damage":0,"enemies":"3 Louse","floor":7,"turns":4},{"damage":20,"enemies":"Gremlin Nob","floor":10,"turns":5},{"damage":32,"enemies":"Slime Boss","floor":16,"turns":12},{"damage":1,"enemies":"Spheric Guardian","floor":18,"turns":3},{"damage":4,"enemies":"Shell Parasite","floor":19,"turns":5},{"damage":22,"enemies":"Centurion and Healer","floor":21,"turns":4},{"damage":3,"enemies":"Slaver and Parasite","floor":22,"turns":7},{"damage":7,"enemies":"Slavers","floor":24,"turns":6},{"damage":4,"enemies":"Gremlin Leader","floor":28,"turns":6},{"damage":0,"enemies":"Snecko","floor":29,"turns":6},{"damage":3,"enemies":"3 Cultists","floor":31,"turns":5},{"damage":12,"enemies":"Collector","floor":33,"turns":10},{"damage":0,"enemies":"3 Darklings","floor":35,"turns":6},{"damage":0,"enemies":"3 Shapes","floor":36,"turns":5},{"damage":7,"enemies":"Maw","floor":38,"turns":7},{"damage":18,"enemies":"3 Darklings","floor":39,"turns":4},{"damage":30,"enemies":"2 Orb Walkers","floor":40,"turns":6},{"damage":6,"enemies":"Giant Head","floor":42,"turns":8},{"damage":0,"enemies":"4 Shapes","floor":47,"turns":5},{"damage":7,"enemies":"Sphere and 2 Shapes","floor":48,"turns":4},{"damage":4,"enemies":"Donu and Deca","floor":50,"turns":11}],"event_choices":[{"event_name":"Golden Idol","player_choice":"Take Damage","floor":11,"damage_taken":0},{"event_name":"Big Fish","player_choice":"Banana","floor":14,"damage_taken":0},{"event_name":"Vampires","player_choice":"Ignored","floor":30,"damage_taken":0},{"event_name":"Winding Halls","player_choice":"Embrace Madness","floor":37,"damage_taken":0},{"event_name":"The Moai Head","player_choice":"Gave Idol","floor":45,"damage_taken":0}],"boss_relics":[{"not_picked":["Runic Dome","Black Star"],"picked":"Pandora\u0027s Box"},{"not_picked":["Orrery","Runic Pyramid"],"picked":"Sozu"}],"potions_floor_spawned":[1,3,7,22,24,28,31,33,35,36,38,39],"seed_played":"-7790147396391799294","ascension_level":5,"is_trial":false}