{"path_per_floor":["M","M","?","M","?","E","R","E","T","R","?","M","M","M","R"],"character_chosen":"THE_SILENT","items_purchased":[],"gold_per_floor":[111,123,123,141,141,173,173,206,232,232,190,210,223,238,238,238],"floor_reached":16,"campfire_rested":3,"playtime":780,"current_hp_per_floor":[59,57,57,55,41,24,45,13,13,34,34,18,17,8,29,0],"items_purged":[],"gold":238,"score":174,"play_id":"9ed8daa8-6780-4a49-8f28-811057df4bb5","local_time":"20180509180548","is_prod":false,"is_daily":false,"chose_seed":false,"is_ascension_mode":true,"campfire_upgraded":0,"timestamp":1525914348,"path_taken":["M","M","?","M","?","E","R","E","T","R","?","M","?","?","R","BOSS"],"build_version":"2018-05-03","seed_source_timestamp":63802089731222,"purchased_purges":0,"victory":false,"master_deck":["Defend_G","Defend_G","Defend_G","Defend_G","Defend_G+1","Strike_G+1","Strike_G","Strike_G","Strike_G","Strike_G+1","Survivor","Neutralize+1","AscendersBane","Quick Slash+1","Cloak And Dagger","Injury","Poisoned Stab","Escape Plan","Dagger Throw","Footwork","Poisoned Stab","Deflect"],"max_hp_per_floor":[70,70,70,70,70,70,70,70,70,70,70,70,70,70,70,70],"relics":["Ring of the Snake","Bag of Marbles","Whetstone","Blood Vial"],"card_choices":[{"not_picked":["Underhanded Strike","Flying Knee"],"picked":"Quick Slash","floor":1},{"not_picked":["Outmaneuver","Acrobatics"],"picked":"Cloak And Dagger","floor":2},{"not_picked":["Catalyst","Crippling Poison"],"picked":"Poisoned Stab","floor":4},{"not_picked":["Sucker Punch","Deadly Poison"],"picked":"Escape Plan","floor":6},{"not_picked":["Reflex","Dash"],"picked":"Dagger Throw","floor":8},{"not_picked":["Masterful Stab","Sucker Punch"],"picked":"Footwork","floor":12},{"not_picked":["Heel Hook","Predator"],"picked":"Poisoned Stab","floor":13},{"not_picked":["PiercingWail","Caltrops"],"picked":"Deflect","floor":14}],"player_experience":276830,"potions_floor_usage":[1,4,6,8,8,12,14],"damage_taken":[{"damage":4,"enemies":"Small Slimes","floor":1,"turns":4},{"damage":2,"enemies":"Cultist","floor":2,"turns":4},{"damage":2,"enemies":"2 Louse","floor":4,"turns":3},{"damage":17,"enemies":"3 Sentries","floor":6,"turns":9},{"damage":32,"enemies":"Lagavulin","floor":8,"turns":6},{"damage":18,"enemies":"Exordium Thugs","floor":12,"turns":4},{"damage":3,"enemies":"Looter","floor":13,"turns":3},{"damage":11,"enemies":"Large Slime","floor":14,"turns":7},{"damage":35,"enemies":"The Guardian","floor":16,"turns":8}],"event_choices":[{"event_name":"Accursed Blacksmith","player_choice":"Forge","floor":3,"damage_taken":0},{"event_name":"Shining Light","player_choice":"Entered Light","floor":5,"damage_taken":0},{"event_name":"World of Goop","player_choice":"Left","floor":11,"damage_taken":0}],"boss_relics":[],"potions_floor_spawned":[2,4,6,8],"seed_played":"-3206158447283708837","killed_by":"The Guardian","ascension_level":11,"is_trial":false}