{"gold_per_floor":[112,112,129,129,182,212,226,226,249,259,271,117,117,130,130,234,234,246,263,12,25,25,60,60,60,60,60,60,60,60,60,60,165,165,181,194,69,69,83,83,157,157,210,210,210,230,80,80,80,80],"floor_reached":50,"playtime":2088,"items_purged":["Strike_R","Strike_R","Defend_R","Limit Break"],"score":481,"play_id":"ea7d88a5-b33b-4e09-be82-cab6a3a1d24f","local_time":"20190325181127","is_ascension_mode":false,"campfire_choices":[{"floor":8,"key":"REST"},{"data":"Whirlwind","floor":13,"key":"SMITH"},{"data":"Searing Blow","floor":15,"key":"SMITH"},{"floor":24,"key":"REST"},{"floor":27,"key":"REST"},{"data":"Juggernaut","floor":29,"key":"SMITH"},{"data":"Searing Blow+1","floor":32,"key":"SMITH"},{"data":"Barricade","floor":40,"key":"SMITH"},{"data":"Searing Blow+2","floor":44,"key":"SMITH"},{"data":"Metallicize","floor":49,"key":"SMITH"}],"neow_cost":"NONE","seed_source_timestamp":850906958166188,"circlet_count":0,"master_deck":["Strike_R+1","Defend_R+1","Bash","Metallicize","Armaments+1","Iron Wave+1","Fiend Fire","Rage","Searing Blow+3","Whirlwind+1","Rage","Blood for Blood+1","Juggernaut+1","Barricade+1","Corruption","Flame Barrier+1","Metallicize+1"],"relics":["Burning Blood","Bronze Scales","War Paint","Ancient Tea Set","Runic Dome","Nilry\u0027s Codex","Whetstone","Pear","Ornamental Fan","Velvet Choker","Dodecahedron","Anchor"],"potions_floor_usage":[6,6,16,23,33,33],"damage_taken":[{"damage":8,"enemies":"Jaw Worm","floor":1,"turns":4},{"damage":26,"enemies":"Small Slimes","floor":3,"turns":4},{"damage":27,"enemies":"3 Sentries","floor":6,"turns":10},{"damage":0,"enemies":"Cultist","floor":7,"turns":3},{"damage":9,"enemies":"3 Louse","floor":10,"turns":4},{"damage":1,"enemies":"Large Slime","floor":11,"turns":8},{"damage":5,"enemies":"Red Slaver","floor":14,"turns":2},{"damage":42,"enemies":"Hexaghost","floor":16,"turns":10},{"damage":0,"enemies":"3 Byrds","floor":18,"turns":4},{"damage":7,"enemies":"Chosen","floor":19,"turns":5},{"damage":24,"enemies":"Snake Plant","floor":21,"turns":4},{"damage":43,"enemies":"Gremlin Leader","floor":23,"turns":7},{"damage":74,"enemies":"Collector","floor":33,"turns":8},{"damage":17,"enemies":"3 Darklings","floor":35,"turns":5},{"damage":7,"enemies":"3 Shapes","floor":36,"turns":5},{"damage":17,"enemies":"Spire Growth","floor":39,"turns":5},{"damage":0,"enemies":"4 Shapes","floor":46,"turns":3},{"damage":74,"enemies":"Donu and Deca","floor":50,"turns":6}],"seed_played":"-915298470554890471","potions_obtained":[{"floor":1,"key":"SteroidPotion"},{"floor":3,"key":"Block Potion"},{"floor":6,"key":"GamblersBrew"},{"floor":10,"key":"Poison Potion"},{"floor":16,"key":"EssenceOfSteel"},{"floor":19,"key":"Fire Potion"},{"floor":21,"key":"Energy Potion"}],"is_trial":false,"path_per_floor":["M","?","M","?","T","E","M","R","T","M","M","$","R","M","R","B",null,"M","M","$","M","?","E","R","?","T","R","?","R","?","T","R","B",null,"M","M","$","?","M","R","T","?","T","R","?","M","$","?","R","B"],"character_chosen":"IRONCLAD","items_purchased":["Whirlwind","Juggernaut"],"campfire_rested":3,"item_purchase_floors":[12,20],"current_hp_per_floor":[78,71,51,51,51,30,36,60,60,57,62,62,62,63,63,27,80,80,79,79,61,45,8,32,58,68,90,90,90,90,90,90,22,90,79,78,78,78,67,67,67,67,67,67,67,73,73,73,73,0],"gold":80,"neow_bonus":"REMOVE_CARD","is_prod":false,"is_daily":false,"chose_seed":false,"campfire_upgraded":7,"win_rate":0.0,"timestamp":1553533887,"path_taken":["M","?","M","?","?","E","M","R","T","M","M","$","R","M","R","BOSS","M","M","$","M","?","E","R","?","T","R","?","R","?","?","R","BOSS","M","M","$","?","?","R","?","?","T","R","?","?","$","?","R","BOSS"],"build_version":"2019-01-23","purchased_purges":4,"victory":false,"max_hp_per_floor":[80,80,80,80,80,80,80,80,80,80,80,80,80,80,80,80,80,80,80,80,80,80,80,80,80,90,90,90,90,90,90,90,90,90,90,90,90,90,90,90,90,85,85,85,85,85,85,85,85,85],"card_choices":[{"not_picked":["Power Through","Clash"],"picked":"Metallicize","floor":1},{"not_picked":["Flex","Pummel"],"picked":"Armaments","floor":3},{"not_picked":["Headbutt","Twin Strike"],"picked":"Iron Wave","floor":6},{"not_picked":["Flex","Bloodletting"],"picked":"Fiend Fire","floor":7},{"not_picked":["Clash","Battle Trance"],"picked":"Rage","floor":10},{"not_picked":["Spot Weakness","Combust"],"picked":"Searing Blow","floor":11},{"not_picked":["Warcry","Havoc"],"picked":"Rage","floor":14},{"not_picked":["Feed","Fiend Fire"],"picked":"Limit Break","floor":16},{"not_picked":["Flex","Clothesline","Corruption"],"picked":"SKIP","floor":18},{"not_picked":["Iron Wave","Cleave+1"],"picked":"Blood for Blood+1","floor":19},{"not_picked":["Cleave+1","Flex"],"picked":"Searing Blow","floor":21},{"not_picked":["Reckless Charge","Clothesline","Flex+1"],"picked":"SKIP","floor":23},{"not_picked":["Double Tap","Juggernaut"],"picked":"Barricade","floor":33},{"not_picked":["Ghostly Armor+1","Iron Wave+1","Rage"],"picked":"SKIP","floor":35},{"not_picked":["Battle Trance","Searing Blow+1","Clash"],"picked":"SKIP","floor":36},{"not_picked":["Battle Trance","Anger+1"],"picked":"Flame Barrier+1","floor":39},{"not_picked":["Clash","Havoc+1"],"picked":"Metallicize","floor":46}],"player_experience":105023,"relics_obtained":[{"floor":5,"key":"Bronze Scales"},{"floor":6,"key":"War Paint"},{"floor":9,"key":"Ancient Tea Set"},{"floor":22,"key":"Nilry\u0027s Codex"},{"floor":23,"key":"Whetstone"},{"floor":26,"key":"Pear"},{"floor":31,"key":"Ornamental Fan"},{"floor":41,"key":"Dodecahedron"},{"floor":43,"key":"Anchor"}],"event_choices":[{"cards_removed":["Strike_R"],"damage_healed":0,"gold_gain":0,"player_choice":"Card Removal","damage_taken":7,"max_hp_gain":0,"max_hp_loss":0,"event_name":"Golden Wing","floor":2,"gold_loss":0},{"damage_healed":0,"gold_gain":0,"player_choice":"Ignored","damage_taken":0,"max_hp_gain":0,"max_hp_loss":0,"event_name":"Liars Game","floor":4,"gold_loss":0},{"damage_healed":0,"gold_gain":0,"player_choice":"Obtained Book","damage_taken":16,"max_hp_gain":0,"max_hp_loss":0,"event_name":"Cursed Tome","floor":22,"gold_loss":0},{"damage_healed":26,"gold_gain":0,"player_choice":"Heal","damage_taken":0,"max_hp_gain":0,"max_hp_loss":0,"event_name":"The Library","floor":25,"gold_loss":0},{"cards_removed":["Defend_R"],"damage_healed":0,"gold_gain":0,"player_choice":"Elegance","damage_taken":0,"max_hp_gain":0,"max_hp_loss":0,"event_name":"Back to Basics","floor":30,"gold_loss":0},{"damage_healed":0,"gold_gain":0,"cards_transformed":["Defend_R"],"player_choice":"Transformed","damage_taken":0,"max_hp_gain":0,"max_hp_loss":0,"event_name":"Transmorgrifier","floor":38,"gold_loss":0,"cards_obtained":["Corruption"]},{"damage_healed":0,"gold_gain":0,"player_choice":"Max HP","damage_taken":0,"max_hp_gain":0,"max_hp_loss":5,"event_name":"Winding Halls","floor":42,"gold_loss":0},{"cards_removed":["Searing Blow"],"damage_healed":0,"gold_gain":0,"player_choice":"Removed Attack","damage_taken":0,"max_hp_gain":0,"max_hp_loss":0,"event_name":"Falling","floor":45,"gold_loss":0},{"damage_healed":0,"gold_gain":0,"player_choice":"Ignored","damage_taken":0,"max_hp_gain":0,"max_hp_loss":0,"event_name":"NoteForYourself","floor":48,"gold_loss":0}],"is_beta":false,"boss_relics":[{"not_picked":["Runic Pyramid","Pandora\u0027s Box"],"picked":"Runic Dome"},{"not_picked":["Eternal Feather","Snecko Eye"],"picked":"Velvet Choker"}],"items_purged_floors":[12,20,37,47],"is_endless":false,"potions_floor_spawned":[1,3,6,10,16,19,21],"killed_by":"Donu and Deca","ascension_level":0}