{"gold_per_floor":[116,116,129,46,56,91,91,120,120,120,130,145,92,92,92,166,166,166],"floor_reached":18,"playtime":1026,"items_purged":[],"score":332,"play_id":"403e70a8-1d09-4b4c-a74d-5988f593b1c4","local_time":"20190317214018","is_ascension_mode":true,"campfire_choices":[{"floor":7.0,"key":"REST"},{"floor":10.0,"key":"REST"},{"data":"Go for the Eyes","floor":15.0,"key":"SMITH"}],"neow_cost":"NONE","seed_source_timestamp":0,"circlet_count":0,"master_deck":["AscendersBane","Strike_B","Strike_B","Strike_B+1","Defend_B","Defend_B","Defend_B","Defend_B+1","Zap","Dualcast","Leap","Gash","Ball Lightning","Coolheaded","Sweeping Beam","Gash","Go for the Eyes+1","Echo Form","Conserve Battery","Biased Cognition"],"special_seed":0,"relics":["Cracked Core","Bag of Preparation","Thread and Needle","Pantograph","Philosopher\u0027s Stone"],"potions_floor_usage":[],"damage_taken":[{"damage":0.0,"enemies":"2 Louse","floor":1.0,"turns":1.0},{"damage":6.0,"enemies":"Cultist","floor":3.0,"turns":3.0},{"damage":0.0,"enemies":"Jaw Worm","floor":5.0,"turns":3.0},{"damage":18.0,"enemies":"3 Sentries","floor":6.0,"turns":7.0},{"damage":26.0,"enemies":"Gremlin Nob","floor":8.0,"turns":4.0},{"damage":2.0,"enemies":"Blue Slaver","floor":11.0,"turns":3.0},{"damage":14.0,"enemies":"Large Slime","floor":12.0,"turns":4.0},{"damage":10.0,"enemies":"The Guardian","floor":16.0,"turns":9.0},{"damage":62,"enemies":"3 Byrds","floor":18,"turns":5}],"seed_played":"2446742199044859370","potions_obtained":[{"floor":8.0,"key":"Strength Potion"},{"floor":11.0,"key":"SkillPotion"}],"is_trial":false,"path_per_floor":["M","?","M","$","M","E","R","E","T","R","M","M","?","?","R","B",null,"M"],"character_chosen":"DEFECT","items_purchased":["Coolheaded","Sweeping Beam"],"campfire_rested":2,"item_purchase_floors":[4,4],"current_hp_per_floor":[64,43,37,37,37,19,40,14,14,35,33,19,19,19,19,34,62,0],"gold":166,"neow_bonus":"THREE_CARDS","is_prod":false,"is_daily":false,"chose_seed":false,"campfire_upgraded":1,"win_rate":0,"timestamp":1552876818,"path_taken":["M","?","M","$","M","E","R","E","T","R","M","M","?","?","R","BOSS","M"],"build_version":"2019-01-23","purchased_purges":0,"victory":false,"max_hp_per_floor":[71,71,71,71,71,71,71,71,71,71,71,71,71,71,71,71,71,71],"card_choices":[{"not_picked":["Barrage","Beam Cell"],"picked":"Leap","floor":0.0},{"not_picked":["Steam","Stack"],"picked":"Gash","floor":1.0},{"not_picked":["Leap","Rebound"],"picked":"Ball Lightning","floor":3.0},{"not_picked":["Darkness","Hologram"],"picked":"Gash","floor":5.0},{"not_picked":["Hello World","Self Repair"],"picked":"Go for the Eyes","floor":6.0},{"not_picked":["Lockon","Steam"],"picked":"Echo Form","floor":8.0},{"not_picked":["Heatsinks","Auto Shields","Redo"],"picked":"SKIP","floor":11.0},{"not_picked":["Sweeping Beam","Leap"],"picked":"Conserve Battery","floor":12.0},{"not_picked":["Machine Learning","Rainbow"],"picked":"Biased Cognition","floor":16.0}],"player_experience":602077,"relics_obtained":[{"floor":6.0,"key":"Bag of Preparation"},{"floor":8.0,"key":"Thread and Needle"},{"floor":9.0,"key":"Pantograph"}],"event_choices":[{"damage_healed":0.0,"max_hp_gain":0.0,"max_hp_loss":0.0,"gold_gain":0.0,"event_name":"Shining Light","player_choice":"Entered Light","floor":2.0,"gold_loss":0.0,"damage_taken":21.0,"cards_upgraded":["Strike_B","Defend_B"]},{"damage_healed":0.0,"max_hp_gain":0.0,"max_hp_loss":0.0,"gold_gain":0.0,"event_name":"World of Goop","player_choice":"Left Gold","floor":13.0,"gold_loss":53.0,"damage_taken":0.0},{"cards_removed":["Strike_B"],"damage_healed":0.0,"max_hp_gain":0.0,"max_hp_loss":0.0,"gold_gain":0.0,"event_name":"Wheel of Change","player_choice":"Card Removal","floor":14.0,"gold_loss":0.0,"damage_taken":0.0}],"is_beta":false,"boss_relics":[{"not_picked":["Velvet Choker","Eternal Feather"],"picked":"Philosopher\u0027s Stone"}],"items_purged_floors":[],"is_endless":false,"potions_floor_spawned":[8,11],"killed_by":"3 Byrds","ascension_level":19}