{"gold_per_floor":[119,131,131,150,150,150,190,206,229,242,90,90,106,150,150,279,279,297,6,0,24,1,1,1,39,39,39,53,53,80,80],"floor_reached":31,"playtime":1134,"items_purged":[],"score":395,"play_id":"7d6a052d-67e0-435c-84cb-2355622f25c0","local_time":"20180831163139","is_ascension_mode":true,"campfire_choices":[{"floor":6,"key":"REST"},{"floor":12,"key":"REST"},{"floor":15,"key":"REST"},{"floor":23,"key":"REST"}],"neow_cost":"NONE","seed_source_timestamp":446413565436861,"circlet_count":0,"master_deck":["Strike_R+1","Strike_R+1","Strike_R+1","Strike_R+1","Defend_R+1","Defend_R+1","Defend_R+1","Defend_R+1","Bash","AscendersBane","Headbutt","Metallicize","Injury","Cleave","Limit Break","Inflame","Reaper","Clothesline","Armaments","Uppercut","Clumsy","Pain"],"relics":["Lizard Tail","Golden Idol","Potion Belt","Blood Vial","Regal Pillow","Juzu Bracelet","Cursed Key","War Paint","Whetstone","The Courier","Charon\u0027s Ashes","Boot"],"potions_floor_usage":[7,10,14,16,25],"damage_taken":[{"damage":6,"enemies":"2 Louse","floor":1,"turns":3},{"damage":9,"enemies":"Jaw Worm","floor":2,"turns":4},{"damage":9,"enemies":"Small Slimes","floor":4,"turns":4},{"damage":22,"enemies":"3 Sentries","floor":7,"turns":10},{"damage":9,"enemies":"Looter","floor":8,"turns":4},{"damage":2,"enemies":"3 Louse","floor":10,"turns":3},{"damage":11,"enemies":"Lots of Slimes","floor":13,"turns":2},{"damage":33,"enemies":"Lagavulin","floor":14,"turns":6},{"damage":73,"enemies":"Hexaghost","floor":16,"turns":9},{"damage":45,"enemies":"3 Byrds","floor":18,"turns":7},{"damage":22,"enemies":"Spheric Guardian","floor":21,"turns":4},{"damage":59,"enemies":"Slavers","floor":25,"turns":6},{"damage":56,"enemies":"Shelled Parasite and Fungi","floor":28,"turns":8},{"damage":22,"enemies":"Colosseum Slavers","floor":31,"turns":2}],"seed_played":"4726202125986785906","potions_obtained":[{"floor":4,"key":"SkillPotion"},{"floor":7,"key":"Strength Potion"},{"floor":8,"key":"Fruit Juice"},{"floor":13,"key":"Strength Potion"},{"floor":21,"key":"Poison Potion"}],"is_trial":false,"path_per_floor":["M","M","?","M","?","R","E","M","T","M","$","R","M","E","R","B",null,"M","$","?","M","$","R","$","E","T","?","M","$","T"],"character_chosen":"IRONCLAD","items_purchased":["Regal Pillow","War Paint","Whetstone","Armaments"],"campfire_rested":4,"item_purchase_floors":[11,19,19,22],"current_hp_per_floor":[66,57,50,41,41,65,43,34,34,39,39,79,70,39,79,8,66,35,35,35,15,15,55,55,14,14,14,17,17,17,0],"gold":80,"neow_bonus":"BOSS_RELIC","is_prod":false,"is_daily":false,"chose_seed":false,"campfire_upgraded":0,"win_rate":0,"timestamp":1535758299,"path_taken":["M","M","?","M","?","R","E","?","T","M","?","R","M","E","R","BOSS","M","$","?","M","$","R","$","E","T","?","M","?","?","?"],"build_version":"2018-08-30","purchased_purges":0,"victory":false,"max_hp_per_floor":[80,80,80,80,80,80,80,80,80,85,85,85,85,85,85,85,85,85,85,85,85,85,85,85,85,85,85,85,85,85,85],"card_choices":[{"not_picked":["Perfected Strike","Carnage"],"picked":"Headbutt","floor":1},{"not_picked":["Havoc","Power Through","Body Slam"],"picked":"SKIP","floor":2},{"not_picked":["Disarm","Perfected Strike"],"picked":"Metallicize","floor":4},{"not_picked":["True Grit","Thunderclap"],"picked":"Cleave","floor":7},{"not_picked":["Feel No Pain","Dual Wield"],"picked":"Limit Break","floor":8},{"not_picked":["True Grit","Clash","Dual Wield"],"picked":"SKIP","floor":10},{"not_picked":["Perfected Strike","Flame Barrier"],"picked":"Inflame","floor":13},{"not_picked":["Anger","Perfected Strike","Juggernaut"],"picked":"SKIP","floor":14},{"not_picked":["Fiend Fire","Juggernaut"],"picked":"Reaper","floor":16},{"not_picked":["Combust","Power Through"],"picked":"Clothesline","floor":18},{"not_picked":["Sentinel+1","Heavy Blade+1","Power Through"],"picked":"SKIP","floor":21},{"not_picked":["Rupture","Evolve"],"picked":"Uppercut","floor":25},{"not_picked":["Perfected Strike","Twin Strike","Body Slam+1"],"picked":"SKIP","floor":28}],"player_experience":457459,"relics_obtained":[{"floor":7,"key":"Potion Belt"},{"floor":9,"key":"Blood Vial"},{"floor":14,"key":"Juzu Bracelet"},{"floor":25,"key":"The Courier"},{"floor":26,"key":"Charon\u0027s Ashes"},{"floor":30,"key":"Boot"}],"event_choices":[{"event_name":"Golden Wing","player_choice":"Card Removal","floor":3,"damage_taken":0},{"event_name":"Golden Idol","player_choice":"Take Wound","floor":5,"damage_taken":0},{"event_name":"Masked Bandits","player_choice":"Paid Fearfully","floor":20,"damage_taken":0},{"event_name":"Back to Basics","player_choice":"Simplicity","floor":27,"damage_taken":0},{"event_name":"Colosseum","player_choice":"Fight","floor":31,"damage_taken":0}],"is_beta":false,"boss_relics":[{"not_picked":["White Beast Statue","Empty Cage"],"picked":"Cursed Key"}],"items_purged_floors":[],"is_endless":false,"potions_floor_spawned":[4,7,8,13,21],"killed_by":"Colosseum Slavers","ascension_level":10}