{"gold_per_floor":[115,115,125,50,64,64,76,94,143,43,43,43,43,43,43,43],"floor_reached":16,"playtime":5514,"items_purged":["Strike_B","Strike_B"],"score":144,"play_id":"6cd699f8-6cb9-4811-85e9-61a6d8712777","local_time":"20180918144253","is_ascension_mode":true,"campfire_choices":[{"data":"Dualcast","floor":6,"key":"SMITH"},{"floor":11,"key":"REST"},{"data":"1","floor":15,"key":"LIFT"}],"neow_cost":"NONE","seed_source_timestamp":261366391159029,"circlet_count":0,"master_deck":["Strike_B","Defend_B","Defend_B","Defend_B+1","Defend_B","Zap+1","Dualcast+1","AscendersBane","Go for the Eyes","Force Field+1"],"relics":["Cracked Core","Matryoshka","Omamori","War Paint","Girya"],"potions_floor_usage":[16,16],"damage_taken":[{"damage":0,"enemies":"2 Louse","floor":1,"turns":3},{"damage":1,"enemies":"Cultist","floor":3,"turns":3},{"damage":0,"enemies":"Small Slimes","floor":5,"turns":3},{"damage":1,"enemies":"Red Slaver","floor":7,"turns":4},{"damage":4,"enemies":"2 Fungi Beasts","floor":8,"turns":4},{"damage":76,"enemies":"Slime Boss","floor":16,"turns":12}],"seed_played":"7184267889346845014","potions_obtained":[{"floor":3,"key":"AttackPotion"},{"floor":7,"key":"Block Potion"}],"is_trial":false,"path_per_floor":["M","?","M","$","M","R","M","M","T","$","R","?","$","?","R"],"character_chosen":"DEFECT","items_purchased":[],"campfire_rested":1,"item_purchase_floors":[],"current_hp_per_floor":[68,68,67,67,67,67,66,62,62,62,75,75,75,72,72,0],"gold":43,"neow_bonus":"UPGRADE_CARD","is_prod":false,"is_daily":false,"chose_seed":false,"campfire_upgraded":1,"win_rate":0,"timestamp":1537274573,"path_taken":["M","?","?","$","M","R","M","M","T","$","R","?","$","?","R","BOSS"],"build_version":"2018-09-06","purchased_purges":2,"victory":false,"max_hp_per_floor":[75,75,75,75,75,75,75,75,75,75,75,75,75,75,75,75],"card_choices":[{"not_picked":["Turbo","Tempest"],"picked":"Conserve Battery","floor":1},{"not_picked":["Loop","Ball Lightning"],"picked":"Go for the Eyes","floor":3},{"not_picked":["Streamline","Hello World","Steam"],"picked":"SKIP","floor":5},{"not_picked":["Gash","Stack"],"picked":"Force Field","floor":7},{"not_picked":["Steam","Capacitor","Coolheaded"],"picked":"SKIP","floor":8}],"player_experience":338822,"relics_obtained":[{"floor":9,"key":"Omamori"},{"floor":9,"key":"War Paint"}],"event_choices":[{"event_name":"WeMeetAgain","player_choice":"Card","floor":2,"damage_taken":0},{"event_name":"Living Wall","player_choice":"Forget","floor":12,"damage_taken":0},{"event_name":"Scrap Ooze","player_choice":"success","floor":14,"damage_taken":3}],"is_beta":false,"boss_relics":[],"items_purged_floors":[4,10],"is_endless":false,"potions_floor_spawned":[3,7,8],"killed_by":"Slime Boss","ascension_level":12}