{"gold_per_floor":[219,237,250,65,65,95,95,127,199,261,278,288,288,314,314,410,410,427,427,146,165,178,178,192,192,192,211,211,211,222,222],"floor_reached":31,"playtime":1889,"items_purged":[],"score":353,"play_id":"fbc8b65a-1613-4613-b768-5c18dae267ef","local_time":"20180906183644","is_ascension_mode":true,"campfire_choices":[{"data":"Chill","floor":7,"key":"SMITH"},{"data":"Static Discharge","floor":13,"key":"SMITH"},{"data":"Storm","floor":15,"key":"SMITH"},{"data":"Electrodynamics","floor":23,"key":"SMITH"},{"data":"Loop","floor":25,"key":"SMITH"}],"neow_cost":"NONE","seed_source_timestamp":529024043460391,"circlet_count":0,"master_deck":["Strike_B+1","Strike_B+1","Strike_B+1","Strike_B+1","Defend_B+1","Defend_B+1","Defend_B+1","Defend_B+1","Zap","Dualcast","Static Discharge+1","Beam Cell","Cold Snap","Metamorphosis+1","Chill+1","Redo","Glacier","Beam Cell","Storm+1","Electrodynamics+1","Ball Lightning+1","Loop+1","Beam Cell+1","Redo+1","Go for the Eyes+1","Chaos"],"relics":["Cracked Core","Bird Faced Urn","Vajra","Dodecahedron","Centennial Puzzle","Molten Egg 2","Inserter","Bottled Lightning","Shovel","MutagenicStrength","Orichalcum"],"potions_floor_usage":[6,6,14,14,22,22],"damage_taken":[{"damage":3,"enemies":"2 Louse","floor":1,"turns":3},{"damage":7,"enemies":"Jaw Worm","floor":2,"turns":4},{"damage":4,"enemies":"Small Slimes","floor":3,"turns":3},{"damage":7,"enemies":"Gremlin Nob","floor":6,"turns":3},{"damage":9,"enemies":"3 Sentries","floor":8,"turns":6},{"damage":14,"enemies":"3 Sentries","floor":10,"turns":4},{"damage":11,"enemies":"Blue Slaver","floor":11,"turns":4},{"damage":1,"enemies":"Red Slaver","floor":12,"turns":3},{"damage":9,"enemies":"Lagavulin","floor":14,"turns":4},{"damage":0,"enemies":"Slime Boss","floor":16,"turns":6},{"damage":3,"enemies":"Chosen","floor":18,"turns":3},{"damage":18,"enemies":"2 Thieves","floor":21,"turns":4},{"damage":8,"enemies":"Cultist and Chosen","floor":22,"turns":3},{"damage":24,"enemies":"Shelled Parasite and Fungi","floor":24,"turns":6},{"damage":11,"enemies":"Snecko","floor":27,"turns":4},{"damage":27,"enemies":"Snake Plant","floor":30,"turns":3},{"damage":19,"enemies":"Centurion and Healer","floor":31,"turns":2}],"seed_played":"676825331997209355","potions_obtained":[{"floor":1,"key":"SteroidPotion"},{"floor":3,"key":"EssenceOfSteel"},{"floor":10,"key":"EssenceOfSteel"},{"floor":11,"key":"SpeedPotion"},{"floor":18,"key":"PowerPotion"},{"floor":21,"key":"Poison Potion"}],"is_trial":false,"path_per_floor":["M","M","M","$","?","E","R","E","T","?","M","M","R","E","R","B",null,"M","?","$","M","M","R","M","R","T","M","?","?","M"],"character_chosen":"DEFECT","items_purchased":["Metamorphosis","Bottled Lightning","Loop"],"campfire_rested":0,"item_purchase_floors":[4,20,20],"current_hp_per_floor":[72,65,61,61,61,54,54,47,47,35,26,27,27,22,22,26,75,74,74,74,59,55,55,37,37,37,30,30,30,9,0],"gold":222,"neow_bonus":"HUNDRED_GOLD","is_prod":false,"is_daily":false,"chose_seed":false,"campfire_upgraded":5,"win_rate":0,"timestamp":1536251804,"path_taken":["M","M","M","$","?","E","R","E","T","?","M","M","R","E","R","BOSS","M","?","$","M","M","R","M","R","T","M","?","?","M","?"],"build_version":"2018-08-30","purchased_purges":0,"victory":false,"max_hp_per_floor":[75,75,75,75,75,75,75,75,75,75,75,75,75,75,75,75,75,75,75,75,75,75,75,75,75,75,75,75,75,75,75],"card_choices":[{"not_picked":["Skim","Rebound"],"picked":"Static Discharge","floor":1},{"not_picked":["Chill","Lockon"],"picked":"Beam Cell","floor":2},{"not_picked":["Auto Shields","Reprogram"],"picked":"Cold Snap","floor":3},{"not_picked":["Auto Shields","Steam Power"],"picked":"Chill","floor":6},{"not_picked":["Tempest","Force Field"],"picked":"Redo","floor":8},{"not_picked":["Hologram","Leap"],"picked":"Glacier","floor":10},{"not_picked":["Meteor Strike","Barrage"],"picked":"Beam Cell","floor":11},{"not_picked":["Coolheaded","Chaos"],"picked":"Storm","floor":12},{"not_picked":["Reboot","Sunder","Fusion"],"picked":"SKIP","floor":14},{"not_picked":["Multi-Cast","Amplify"],"picked":"Electrodynamics","floor":16},{"not_picked":["Beam Cell+1","Blizzard+1"],"picked":"Ball Lightning+1","floor":18},{"not_picked":["Streamline+1","Reinforced Body","Rip and Tear+1"],"picked":"SKIP","floor":21},{"not_picked":["Double Energy","Go for the Eyes+1"],"picked":"Beam Cell+1","floor":22},{"not_picked":["Steam","Turbo+1"],"picked":"Redo+1","floor":24},{"not_picked":["Sweeping Beam+1","Stack"],"picked":"Go for the Eyes+1","floor":27},{"not_picked":["Force Field+1","Leap"],"picked":"Chaos","floor":30}],"player_experience":131228,"relics_obtained":[{"floor":6,"key":"Bird Faced Urn"},{"floor":8,"key":"Vajra"},{"floor":9,"key":"Dodecahedron"},{"floor":10,"key":"Centennial Puzzle"},{"floor":14,"key":"Molten Egg 2"},{"floor":26,"key":"Shovel"}],"event_choices":[{"event_name":"Living Wall","player_choice":"Grow","floor":5,"damage_taken":0},{"event_name":"Dead Adventurer","player_choice":"Searched \u00271\u0027 times","floor":10,"damage_taken":0},{"event_name":"Back to Basics","player_choice":"Simplicity","floor":19,"damage_taken":0},{"event_name":"Drug Dealer","player_choice":"Inject Mutagens","floor":28,"damage_taken":0},{"event_name":"The Mausoleum","player_choice":"Yes","floor":29,"damage_taken":0}],"is_beta":false,"boss_relics":[{"not_picked":["Tiny House","Velvet Choker"],"picked":"Inserter"}],"items_purged_floors":[],"is_endless":false,"potions_floor_spawned":[1,3,10,11,18,21],"killed_by":"Centurion and Healer","ascension_level":3}