{"path_per_floor":["M","?","M","?","M","E","R","$","T","R","?","E","R","M","R","B",null,"M","M","M","?","M","R","E","R","T","M","R","E","R","M","R","B",null,"M","M","$","?","$","E","R","$","T","M","R","E","?","M","R","B"],"character_chosen":"IRONCLAD","items_purchased":["Vajra","Flash of Steel","Metallicize","Reaper","Self Forming Clay","Shrug It Off"],"gold_per_floor":[113,213,232,232,250,284,284,12,12,12,12,46,46,61,61,156,156,174,186,202,202,202,202,232,232,232,249,249,281,281,296,296,395,395,413,426,49,49,13,47,47,47,95,105,105,132,132,152,152,152],"floor_reached":51,"campfire_rested":6,"playtime":4842,"current_hp_per_floor":[43,43,47,47,50,33,57,57,57,57,62,51,51,54,79,84,85,79,63,56,41,39,66,28,55,55,45,72,78,78,79,79,75,90,70,90,90,90,90,43,43,43,50,72,72,64,64,37,66,48],"items_purged":["Strike_R"],"gold":152,"play_id":"68bc58eb-e14b-4d5f-a7c7-934987b6ef97","is_prod":false,"is_daily":false,"campfire_rituals":0,"campfire_upgraded":6,"is_hardmode":false,"path_taken":["M","?","M","?","M","E","R","?","T","R","?","E","R","?","R","BOSS","M","M","M","?","?","R","E","R","T","M","R","E","R","M","R","BOSS","M","M","$","?","$","E","R","$","T","M","R","E","?","M","R","BOSS"],"build_version":"2018-01-18-PROD4","purchased_purges":1,"victory":true,"master_deck":["Strike_R","Strike_R","Strike_R","Defend_R","Defend_R","Defend_R","Bash","Whirlwind","Intimidate","Armaments","Thunderclap","Flash of Steel","Metallicize","Flex","Shrug It Off","Demon Form","Demon Form","Shrug It Off","Cleave","Anger","Flex","Twin Strike","Rage","Heavy Blade","Reaper","Burning Pact","Shrug It Off","Reaper","Decay","Shrug It Off","Battle Trance","Limit Break"],"max_hp_per_floor":[80,80,80,80,80,80,80,80,80,80,85,85,85,85,85,85,85,85,85,85,90,90,90,90,90,90,90,90,90,90,90,90,90,90,90,90,90,90,90,90,90,90,97,97,97,97,97,97,97,97],"relics":["Burning Blood","Bag of Preparation","Vajra","Toolbox","Whetstone","Orrery","Gremlin Horn","Gambling Chip","The Courier","Mark of Pain","Self Forming Clay","Mercury Hourglass","Strawberry","Toxic Egg"],"campfire_meditates":0,"card_choices":[{"not_picked":["Pommel Strike","Headbutt"],"picked":"Armaments"},{"not_picked":["Anger","Feel No Pain"],"picked":"Thunderclap"},{"not_picked":["Pommel Strike","Warcry"],"picked":"Flex"},{"not_picked":["Inflame","Heavy Blade"],"picked":"Shrug It Off"},{"not_picked":["Brutality","Feed"],"picked":"Demon Form"},{"not_picked":["Feel No Pain","Clash"],"picked":"Demon Form"},{"not_picked":["Perfected Strike","Headbutt"],"picked":"Shrug It Off"},{"not_picked":["Rupture","Clothesline"],"picked":"Cleave"},{"not_picked":["Clash","Power Through"],"picked":"Anger"},{"not_picked":["Pommel Strike","Impervious"],"picked":"Flex"},{"not_picked":["Dropkick","Sword Boomerang"],"picked":"Twin Strike"},{"not_picked":["Warcry","Infernal Blade"],"picked":"Rage"},{"not_picked":["Flex","Perfected Strike"],"picked":"Heavy Blade"},{"not_picked":["Brutality","Double Tap"],"picked":"Reaper"},{"not_picked":["Twin Strike","Perfected Strike"],"picked":"Burning Pact"},{"not_picked":["Heavy Blade","Sever Soul"],"picked":"Shrug It Off"},{"not_picked":["Perfected Strike","Shrug It Off"],"picked":"Battle Trance"}],"player_experience":91732,"potions_floor_usage":[19,22,22,31,33,50,50],"damage_taken":[{"damage":3,"enemies":"2 Louse","floor":1,"turns":2},{"damage":2,"enemies":"Blue Slaver","floor":3,"turns":7},{"damage":3,"enemies":"Small Slimes","floor":5,"turns":3},{"damage":23,"enemies":"Lagavulin","floor":6,"turns":8},{"damage":17,"enemies":"Gremlin Nob","floor":12,"turns":4},{"damage":3,"enemies":"Exordium Wildlife","floor":14,"turns":3},{"damage":1,"enemies":"Slime Boss","floor":16,"turns":8},{"damage":12,"enemies":"Shell Parasite","floor":18,"turns":6},{"damage":22,"enemies":"Spheric Guardian","floor":19,"turns":5},{"damage":13,"enemies":"3 Cultists","floor":20,"turns":6},{"damage":8,"enemies":"Centurion and Healer","floor":22,"turns":6},{"damage":44,"enemies":"Book of Stabbing","floor":24,"turns":7},{"damage":16,"enemies":"Slaver and Parasite","floor":27,"turns":5},{"damage":0,"enemies":"Gremlin Leader","floor":29,"turns":4},{"damage":5,"enemies":"3 Cultists","floor":31,"turns":4},{"damage":10,"enemies":"Champ","floor":33,"turns":7},{"damage":26,"enemies":"Orb Walker","floor":35,"turns":4},{"damage":6,"enemies":"3 Darklings","floor":36,"turns":5},{"damage":84,"enemies":"Giant Head","floor":40,"turns":9},{"damage":39,"enemies":"4 Shapes","floor":44,"turns":4},{"damage":57,"enemies":"2 Orb Walkers","floor":46,"turns":4},{"damage":33,"enemies":"Maw","floor":48,"turns":7},{"damage":43,"enemies":"Awakened One","floor":50,"turns":9}],"event_choices":[{"event_name":"Golden Shrine","player_choice":"Pray","floor":2,"damage_taken":0},{"event_name":"Living Wall","player_choice":"Grow","floor":4,"damage_taken":0},{"event_name":"Big Fish","player_choice":"Donut","floor":11,"damage_taken":0},{"event_name":"Forgotten Altar","player_choice":"Shed Blood","floor":21,"damage_taken":0},{"event_name":"Wheel of Change","player_choice":"Curse","floor":38,"damage_taken":0},{"event_name":"Match and Keep!","player_choice":"1 cards matched","floor":47,"damage_taken":0}],"boss_relics":[{"not_picked":["Ectoplasm","Lizard Tail"],"picked":"Orrery"},{"not_picked":["Calling Bell","Black Star"],"picked":"Mark of Pain"}],"potions_floor_spawned":[12,16,19,29,31,35,40],"seed_played":"7909069034495887347","is_trial":false}