{"gold_per_floor":[111,111,186,95,116,160,160,160,160,184,184,203,242,262,262,388,388,328,371,371,296,7,7,7,7,7,7,27,41,55,91,91,219,219,233,233,248,470,483,523,523,544,625,625,407,421,33,33,33,33],"floor_reached":51,"playtime":1654,"items_purged":["Writhe","Pain"],"score":970,"play_id":"b88516ea-ac1a-4303-a9e3-ec4a6039d44c","local_time":"20181209231534","is_ascension_mode":true,"campfire_choices":[{"data":"Mind Blast","floor":8,"key":"SMITH"},{"data":"Zap","floor":15,"key":"SMITH"},{"floor":23,"key":"REST"},{"floor":25,"key":"REST"},{"data":"Dualcast","floor":27,"key":"SMITH"},{"floor":32,"key":"REST"},{"floor":41,"key":"REST"},{"floor":44,"key":"REST"},{"data":"Storm","floor":49,"key":"SMITH"}],"neow_cost":"NONE","seed_source_timestamp":2012097932698433,"circlet_count":0,"master_deck":["Strike_B","Strike_B","Strike_B","Strike_B","Defend_B+1","Defend_B+1","Defend_B","Defend_B","Zap+1","Dualcast+1","Cold Snap","Mind Blast+1","Sweeping Beam","Glacier+1","Redo+1","Static Discharge","Storm+1","Machine Learning","White Noise+1","Lockon+1","Static Discharge","Redo+1","Leap+1","Blizzard","Rainbow+1","Thunder Strike","Static Discharge+1","Ball Lightning+1","Aggregate+1","Tempest+1","Melter+1","Self Repair","Redo+1","Parasite","Defragment+1","Self Repair+1","Doubt"],"relics":["Cracked Core","NeowsBlessing","Golden Idol","Toxic Egg 2","Omamori","Calling Bell","Ancient Tea Set","Pear","WingedGreaves","Red Mask","MutagenicStrength","Cables","Bottled Lightning","Bird Faced Urn","War Paint","Cursed Key","Orichalcum","Mummified Hand","Frozen Egg 2"],"potions_floor_usage":[12,16,19,31,31,40,46,50],"damage_taken":[{"damage":0,"enemies":"Small Slimes","floor":1,"turns":1},{"damage":0,"enemies":"2 Louse","floor":5,"turns":1},{"damage":0,"enemies":"Gremlin Nob","floor":6,"turns":1},{"damage":1,"enemies":"Cultist","floor":10,"turns":3},{"damage":6,"enemies":"Blue Slaver","floor":12,"turns":4},{"damage":35,"enemies":"Lagavulin","floor":13,"turns":8},{"damage":1,"enemies":"Looter","floor":14,"turns":2},{"damage":9,"enemies":"The Guardian","floor":16,"turns":12},{"damage":25,"enemies":"2 Thieves","floor":18,"turns":4},{"damage":20,"enemies":"Masked Bandits","floor":19,"turns":4},{"damage":9,"enemies":"Shell Parasite","floor":28,"turns":4},{"damage":27,"enemies":"3 Cultists","floor":29,"turns":4},{"damage":15,"enemies":"Snecko","floor":30,"turns":4},{"damage":32,"enemies":"Slavers","floor":31,"turns":3},{"damage":52,"enemies":"Champ","floor":33,"turns":9},{"damage":8,"enemies":"3 Darklings","floor":35,"turns":6},{"damage":15,"enemies":"Orb Walker","floor":37,"turns":2},{"damage":28,"enemies":"Maw","floor":39,"turns":5},{"damage":49,"enemies":"Reptomancer","floor":40,"turns":5},{"damage":31,"enemies":"Transient","floor":42,"turns":5},{"damage":49,"enemies":"Writhing Mass","floor":46,"turns":4},{"damage":92,"enemies":"Awakened One","floor":50,"turns":8}],"seed_played":"7041914266375171428","potions_obtained":[{"floor":6,"key":"Regen Potion"},{"floor":13,"key":"SteroidPotion"},{"floor":14,"key":"Poison Potion"},{"floor":28,"key":"Energy Potion"},{"floor":30,"key":"FocusPotion"},{"floor":39,"key":"Block Potion"},{"floor":42,"key":"AttackPotion"}],"is_trial":false,"path_per_floor":["M","?","?","$","M","E","?","R","T","M","$","M","E","M","R","B",null,"M","?","?","$","$","R","T","R","T","R","M","M","M","E","R","B",null,"M","?","M","?","M","E","R","M","T","R","$","M","$","?","R","B",null],"character_chosen":"DEFECT","items_purchased":["Mind Blast","Cables","Static Discharge","Self Repair","Redo+1","Frozen Egg 2","Self Repair+1","FocusPotion"],"campfire_rested":5,"item_purchase_floors":[4,22,22,45,45,47,47,47],"current_hp_per_floor":[75,57,46,46,46,46,85,85,85,84,84,83,48,47,47,38,83,58,38,38,38,38,66,66,94,94,94,92,72,65,43,71,29,79,81,78,67,67,51,12,40,17,17,45,45,22,22,95,95,34],"gold":33,"neow_bonus":"THREE_ENEMY_KILL","is_prod":false,"is_daily":false,"chose_seed":false,"campfire_upgraded":4,"win_rate":0,"timestamp":1544393734,"path_taken":["M","?","?","$","M","E","?","R","T","?","$","M","E","M","R","BOSS","M","?","?","$","$","R","?","R","T","R","M","M","?","E","R","BOSS","M","?","?","?","M","E","R","M","T","R","$","M","$","?","R","BOSS"],"build_version":"2018-12-06","purchased_purges":2,"victory":true,"max_hp_per_floor":[75,75,75,75,75,75,85,85,85,85,85,85,85,85,85,85,95,95,95,95,95,95,95,95,95,95,95,95,95,95,95,95,95,95,95,95,95,95,95,95,95,95,95,95,95,95,95,95,95,95],"card_choices":[{"not_picked":["Go for the Eyes","Leap"],"picked":"Cold Snap","floor":1},{"not_picked":["Steam","Coolheaded"],"picked":"Sweeping Beam","floor":5},{"not_picked":["Turbo","Heatsinks"],"picked":"All For One","floor":6},{"not_picked":["Steam+1","Go for the Eyes"],"picked":"Glacier+1","floor":10},{"not_picked":["Steam+1","Reinforced Body+1"],"picked":"Redo+1","floor":12},{"not_picked":["Barrage","Stack+1"],"picked":"Static Discharge","floor":13},{"not_picked":["Genetic Algorithm+1","Self Repair"],"picked":"Storm","floor":14},{"not_picked":["Biased Cognition","Buffer"],"picked":"Machine Learning","floor":16},{"not_picked":["Chaos+1","Barrage"],"picked":"White Noise+1","floor":18},{"not_picked":["Scrape","Steam+1"],"picked":"Lockon+1","floor":19},{"not_picked":["Recycle+1","Compile Driver"],"picked":"Redo+1","floor":28},{"not_picked":["Ball Lightning","Glacier+1"],"picked":"Leap+1","floor":29},{"not_picked":["Hologram+1","Conserve Battery+1"],"picked":"Blizzard","floor":30},{"not_picked":["Ball Lightning","Sweeping Beam"],"picked":"Rainbow+1","floor":31},{"not_picked":["Buffer","Core Surge"],"picked":"Thunder Strike","floor":33},{"not_picked":["Beam Cell","Barrage"],"picked":"Static Discharge+1","floor":35},{"not_picked":["Gash","Conserve Battery+1"],"picked":"Ball Lightning+1","floor":37},{"not_picked":["Steam Power+1","FTL"],"picked":"Aggregate+1","floor":39},{"not_picked":["Stack+1","Reinforced Body+1"],"picked":"Tempest+1","floor":40},{"not_picked":["Stack+1","Compile Driver+1"],"picked":"Melter+1","floor":42},{"not_picked":["Rebound","Ball Lightning+1"],"picked":"Defragment+1","floor":46}],"player_experience":413898,"relics_obtained":[{"floor":6,"key":"Toxic Egg 2"},{"floor":13,"key":"Omamori"},{"floor":17,"key":"Ancient Tea Set"},{"floor":17,"key":"Pear"},{"floor":17,"key":"WingedGreaves"},{"floor":19,"key":"Red Mask"},{"floor":24,"key":"Bottled Lightning"},{"floor":26,"key":"Bird Faced Urn"},{"floor":31,"key":"War Paint"},{"floor":40,"key":"Orichalcum"},{"floor":43,"key":"Mummified Hand"}],"event_choices":[{"damage_healed":0,"gold_gain":0,"player_choice":"Take Damage","damage_taken":18,"relics_obtained":["Golden Idol"],"max_hp_gain":0,"max_hp_loss":0,"event_name":"Golden Idol","floor":2,"gold_loss":0},{"damage_healed":0,"gold_gain":75,"player_choice":"Gather Gold","damage_taken":11,"max_hp_gain":0,"max_hp_loss":0,"event_name":"World of Goop","floor":3,"gold_loss":0},{"cards_removed":["All For One"],"damage_healed":29,"gold_gain":0,"player_choice":"Offered Rare","damage_taken":0,"max_hp_gain":10,"max_hp_loss":0,"event_name":"Bonfire Elementals","floor":7,"gold_loss":0},{"damage_healed":0,"gold_gain":0,"player_choice":"Fought Bandits","damage_taken":0,"max_hp_gain":0,"max_hp_loss":0,"event_name":"Masked Bandits","floor":19,"gold_loss":0},{"damage_healed":0,"gold_gain":0,"player_choice":"Inject Mutagens","damage_taken":0,"relics_obtained":["MutagenicStrength"],"max_hp_gain":0,"max_hp_loss":0,"event_name":"Drug Dealer","floor":20,"gold_loss":0},{"damage_healed":0,"gold_gain":0,"player_choice":"Punched","damage_taken":3,"max_hp_gain":0,"max_hp_loss":0,"event_name":"Designer","floor":36,"gold_loss":0},{"damage_healed":0,"gold_gain":222,"player_choice":"Wore Mask","damage_taken":0,"max_hp_gain":0,"max_hp_loss":0,"event_name":"Tomb of Lord Red Mask","floor":38,"gold_loss":0},{"damage_healed":73,"gold_gain":0,"player_choice":"Heal","damage_taken":0,"max_hp_gain":0,"max_hp_loss":0,"event_name":"MindBloom","floor":48,"gold_loss":0,"cards_obtained":["Doubt"]}],"is_beta":false,"boss_relics":[{"not_picked":["Pandora\u0027s Box","Ectoplasm"],"picked":"Calling Bell"},{"not_picked":["Orrery","Coffee Dripper"],"picked":"Cursed Key"}],"items_purged_floors":[21,45],"is_endless":false,"potions_floor_spawned":[6,13,14,28,30,39,42],"ascension_level":5}