{"gold_per_floor":[119,119,3,15,15,44,44,219,290,43,71,71,85,413,413,514,514,514,514,32,0,0,0,0,0,0,0,0,0,0,0,0,0,0,0,0,0,0,0,0,0,0,0,0,0,0,0,0,0,0],"floor_reached":51,"playtime":2445,"items_purged":["Strike_G","Doubt","Strike_G"],"score":933,"play_id":"693462ba-384f-4a7e-9d41-7e3121e7bf20","local_time":"20180926122228","is_ascension_mode":true,"campfire_choices":[{"data":"Dash","floor":7,"key":"SMITH"},{"data":"Doppelganger","floor":15,"key":"SMITH"},{"data":"Dash","floor":23,"key":"SMITH"},{"data":"Tactician","floor":28,"key":"SMITH"},{"data":"Caltrops","floor":30,"key":"SMITH"},{"floor":32,"key":"REST"},{"data":"Sucker Punch","floor":40,"key":"SMITH"},{"floor":46,"key":"REST"},{"data":"Survivor","floor":49,"key":"SMITH"}],"neow_cost":"NONE","seed_source_timestamp":1045556230456891,"circlet_count":0,"master_deck":["Defend_G","Defend_G","Defend_G","Defend_G","Survivor+1","Neutralize+1","Caltrops+1","Dash+1","Sucker Punch+1","A Thousand Cuts+1","Infinite Blades+1","Dash+1","Doppelganger+1","Tools of the Trade+1","Prepared+1","Tactician+1","Infinite Blades+1","Cloak And Dagger+1","Tactician+1","Necronomicurse","Envenom+1","Backstab+1","Backflip+1","Underhanded Strike+1","Choke+1","Prepared+1","PiercingWail+1","Riddle With Holes+1","Crippling Poison+1","Tactician+1"],"relics":["Ring of the Snake","Bag of Preparation","Frozen Egg 2","Mercury Hourglass","Blue Candle","Old Coin","Ectoplasm","Tingsha","Sling","Tough Bandages","Vajra","Necronomicon","Astrolabe","Thread and Needle","Gambling Chip","Bag of Marbles"],"potions_floor_usage":[24,33,50,50],"damage_taken":[{"damage":0,"enemies":"2 Louse","floor":1,"turns":5},{"damage":0,"enemies":"Small Slimes","floor":4,"turns":3},{"damage":27,"enemies":"3 Sentries","floor":6,"turns":9},{"damage":2,"enemies":"Gremlin Nob","floor":11,"turns":4},{"damage":0,"enemies":"Jaw Worm","floor":13,"turns":3},{"damage":0,"enemies":"Lagavulin","floor":14,"turns":6},{"damage":11,"enemies":"Slime Boss","floor":16,"turns":9},{"damage":0,"enemies":"Chosen","floor":18,"turns":4},{"damage":9,"enemies":"2 Thieves","floor":21,"turns":3},{"damage":16,"enemies":"Slavers","floor":24,"turns":4},{"damage":0,"enemies":"Snecko","floor":29,"turns":3},{"damage":43,"enemies":"Champ","floor":33,"turns":10},{"damage":0,"enemies":"3 Shapes","floor":35,"turns":4},{"damage":0,"enemies":"Orb Walker","floor":36,"turns":3},{"damage":0,"enemies":"Mysterious Sphere","floor":37,"turns":3},{"damage":0,"enemies":"4 Shapes","floor":38,"turns":2},{"damage":9,"enemies":"3 Darklings","floor":39,"turns":3},{"damage":24,"enemies":"Nemesis","floor":41,"turns":5},{"damage":0,"enemies":"Transient","floor":42,"turns":5},{"damage":0,"enemies":"Jaw Worm Horde","floor":47,"turns":1},{"damage":0,"enemies":"Sphere and 2 Shapes","floor":48,"turns":3},{"damage":0,"enemies":"Donu and Deca","floor":50,"turns":4}],"seed_played":"-5592706816865069588","potions_obtained":[{"floor":16,"key":"Ancient Potion"},{"floor":21,"key":"AttackPotion"},{"floor":29,"key":"Block Potion"},{"floor":35,"key":"Poison Potion"},{"floor":36,"key":"Energy Potion"},{"floor":38,"key":"FearPotion"},{"floor":47,"key":"Strength Potion"}],"is_trial":false,"path_per_floor":["M","?","$","M","?","E","R","?","T","$","E","?","M","E","R","B",null,"M","?","$","M","?","R","E","$","T","?","R","M","R","?","R","B",null,"M","M","?","M","M","R","E","M","T","?","$","R","M","M","R","B"],"character_chosen":"THE_SILENT","items_purchased":["Dash","Infinite Blades+1","Dash","Tactician","Sling","Infinite Blades+1"],"campfire_rested":2,"item_purchase_floors":[3,10,10,20,20,20],"current_hp_per_floor":[70,70,70,70,70,47,47,47,47,47,49,42,46,50,50,43,70,70,70,70,65,65,65,53,53,53,53,53,57,57,41,62,23,70,70,70,70,70,61,61,41,45,45,45,45,66,66,66,66,66],"gold":0,"neow_bonus":"RANDOM_COMMON_RELIC","is_prod":false,"is_daily":false,"chose_seed":false,"campfire_upgraded":7,"win_rate":0,"timestamp":1537957348,"path_taken":["M","?","$","M","?","E","R","?","T","$","E","?","M","E","R","BOSS","M","?","$","M","?","R","E","$","T","?","R","?","R","?","R","BOSS","M","?","?","?","M","R","E","M","T","?","?","R","M","M","R","BOSS"],"build_version":"2018-09-25","purchased_purges":3,"victory":true,"max_hp_per_floor":[70,70,70,70,70,70,70,70,70,70,70,70,70,70,70,70,70,70,70,70,70,70,70,70,70,70,70,70,70,70,70,70,70,70,70,70,70,70,70,70,70,70,70,70,70,70,70,70,70,70],"card_choices":[{"not_picked":["Outmaneuver","Acrobatics"],"picked":"Caltrops","floor":1},{"not_picked":["Underhanded Strike","Outmaneuver"],"picked":"Sucker Punch","floor":4},{"not_picked":["PiercingWail","Dodge and Roll"],"picked":"A Thousand Cuts","floor":6},{"not_picked":["Bane","Dagger Throw"],"picked":"Doppelganger","floor":11},{"not_picked":["Bane","All Out Attack","Bouncing Flask"],"picked":"SKIP","floor":13},{"not_picked":["Outmaneuver","Flechettes","Expertise"],"picked":"SKIP","floor":14},{"not_picked":["Adrenaline","Glass Knife"],"picked":"Tools of the Trade+1","floor":16},{"not_picked":["Quick Slash","Acrobatics"],"picked":"Prepared","floor":18},{"not_picked":["Footwork+1","PiercingWail"],"picked":"Cloak And Dagger+1","floor":21},{"not_picked":["Dagger Spray","Sucker Punch","Glass Knife"],"picked":"SKIP","floor":24},{"not_picked":["Prepared","Flying Knee"],"picked":"Tactician+1","floor":29},{"not_picked":["Unload","Glass Knife"],"picked":"Envenom+1","floor":33},{"not_picked":["Tactician","Blade Dance","Outmaneuver"],"picked":"SKIP","floor":35},{"not_picked":["Backflip","Sucker Punch+1"],"picked":"Choke+1","floor":36},{"not_picked":["All Out Attack","Accuracy+1"],"picked":"Prepared+1","floor":37},{"not_picked":["Flying Knee","Prepared","Slice"],"picked":"SKIP","floor":38},{"not_picked":["Dodge and Roll","Outmaneuver","Eviscerate"],"picked":"SKIP","floor":39},{"not_picked":["Tactician","Bane+1"],"picked":"PiercingWail+1","floor":41},{"not_picked":["Expertise","Dagger Throw"],"picked":"Riddle With Holes+1","floor":42},{"not_picked":["Bane+1","Slice"],"picked":"Crippling Poison+1","floor":47},{"not_picked":["Dagger Throw+1","Bane"],"picked":"Tactician+1","floor":48}],"player_experience":156303,"relics_obtained":[{"floor":6,"key":"Frozen Egg 2"},{"floor":9,"key":"Mercury Hourglass"},{"floor":11,"key":"Blue Candle"},{"floor":14,"key":"Old Coin"},{"floor":24,"key":"Tough Bandages"},{"floor":26,"key":"Vajra"},{"floor":31,"key":"Necronomicon"},{"floor":37,"key":"Thread and Needle"},{"floor":41,"key":"Gambling Chip"},{"floor":43,"key":"Bag of Marbles"}],"event_choices":[{"event_name":"Living Wall","player_choice":"Grow","floor":2,"damage_taken":0},{"event_name":"Match and Keep!","player_choice":"1 cards matched","floor":5,"damage_taken":0},{"event_name":"Liars Game","player_choice":"agreed","floor":8,"damage_taken":0},{"event_name":"Golden Wing","player_choice":"Card Removal","floor":12,"damage_taken":0},{"event_name":"WeMeetAgain","player_choice":"Potion","floor":19,"damage_taken":0},{"event_name":"Accursed Blacksmith","player_choice":"Forge","floor":22,"damage_taken":0},{"event_name":"Match and Keep!","player_choice":"0 cards matched","floor":27,"damage_taken":0},{"event_name":"Cursed Tome","player_choice":"Obtained Book","floor":31,"damage_taken":0},{"event_name":"Mysterious Sphere","player_choice":"Fight","floor":37,"damage_taken":0},{"event_name":"Purifier","player_choice":"One Purge","floor":44,"damage_taken":0}],"is_beta":true,"boss_relics":[{"not_picked":["Eternal Feather","Orrery"],"picked":"Ectoplasm"},{"not_picked":["Philosopher\u0027s Stone","Velvet Choker"],"picked":"Astrolabe"}],"items_purged_floors":[3,10,20],"is_endless":false,"potions_floor_spawned":[16,21,29,35,36,38,47,48],"ascension_level":4}