{"gold_per_floor":[111,286,24,37,57,82,82,52,52,52,72,72,72,101,101,196,196,208,208,208,224,224],"floor_reached":22,"playtime":876,"items_purged":["Doubt"],"score":294,"play_id":"487d6bbd-c3e5-4e4c-bf6e-b00af0adfd02","local_time":"20181206204928","is_ascension_mode":true,"campfire_choices":[{"data":"Apotheosis","floor":7,"key":"SMITH"},{"floor":10,"key":"REST"},{"data":"Streamline","floor":15,"key":"SMITH"}],"neow_cost":"NONE","seed_source_timestamp":783539169030011,"circlet_count":0,"master_deck":["Defend_B","Defend_B","Zap","Apotheosis+1","Coolheaded","Streamline+1","Self Repair+1","Machine Learning+1","Bite","Bite","Bite","Bite","Bite","FTL","Self Repair+1","Rebound"],"relics":["Cracked Core","Bottled Flame","Frozen Egg 2","Bottled Tornado","Empty Cage"],"potions_floor_usage":[14,16,18],"damage_taken":[{"damage":9,"enemies":"2 Louse","floor":1,"turns":3},{"damage":0,"enemies":"Cultist","floor":4,"turns":3},{"damage":0,"enemies":"Jaw Worm","floor":5,"turns":3},{"damage":12,"enemies":"3 Sentries","floor":6,"turns":7},{"damage":0,"enemies":"Large Slime","floor":11,"turns":5},{"damage":23,"enemies":"Gremlin Nob","floor":14,"turns":4},{"damage":31,"enemies":"Slime Boss","floor":16,"turns":8},{"damage":40,"enemies":"3 Byrds","floor":18,"turns":4},{"damage":23,"enemies":"Shell Parasite","floor":21,"turns":5},{"damage":53,"enemies":"Cultist and Chosen","floor":22,"turns":6}],"seed_played":"1037164931621973740","potions_obtained":[{"floor":1,"key":"Weak Potion"},{"floor":8,"key":"FocusPotion"},{"floor":8,"key":"SkillPotion"},{"floor":11,"key":"FocusPotion"}],"is_trial":false,"path_per_floor":["M","?","$","M","M","E","R","?","T","R","M","T","?","E","R","B",null,"M","?","?","M","M"],"character_chosen":"DEFECT","items_purchased":["Apotheosis"],"campfire_rested":1,"item_purchase_floors":[3],"current_hp_per_floor":[59,59,59,59,59,47,47,47,47,69,69,69,69,56,56,35,65,25,25,25,34,0],"gold":224,"neow_bonus":"REMOVE_CARD","is_prod":false,"is_daily":false,"chose_seed":false,"campfire_upgraded":2,"win_rate":0,"timestamp":1544158168,"path_taken":["M","?","$","M","M","E","R","?","T","R","?","?","?","E","R","BOSS","M","?","?","M","M"],"build_version":"2018-12-06","purchased_purges":1,"victory":false,"max_hp_per_floor":[75,75,75,75,75,75,75,75,75,75,75,75,75,75,75,75,75,75,52,52,52,52],"card_choices":[{"not_picked":["Hello World","Doom and Gloom","Rip and Tear"],"picked":"SKIP","floor":1},{"not_picked":["Redo","Turbo"],"picked":"BootSequence","floor":4},{"not_picked":["Hello World","Cold Snap"],"picked":"Coolheaded","floor":5},{"not_picked":["Steam","Creative AI"],"picked":"Streamline","floor":6},{"not_picked":["Undo","Coolheaded","Aggregate"],"picked":"SKIP","floor":11},{"not_picked":["Heatsinks+1","Turbo","Reprogram"],"picked":"SKIP","floor":14},{"not_picked":["Biased Cognition+1","Meteor Strike"],"picked":"Machine Learning+1","floor":16},{"not_picked":["Reprogram","Glacier"],"picked":"Cold Snap","floor":18},{"not_picked":["Barrage","Self Repair+1"],"picked":"Rebound","floor":21}],"player_experience":571397,"relics_obtained":[{"floor":6,"key":"Bottled Flame"},{"floor":12,"key":"Frozen Egg 2"},{"floor":14,"key":"Bottled Tornado"}],"event_choices":[{"damage_healed":0,"gold_gain":175,"player_choice":"AGREE","damage_taken":0,"max_hp_gain":0,"max_hp_loss":0,"event_name":"Liars Game","floor":2,"gold_loss":0,"cards_obtained":["Doubt"]},{"damage_healed":0,"gold_gain":0,"player_choice":"Bought 2 Potions","damage_taken":0,"max_hp_gain":0,"max_hp_loss":0,"event_name":"The Woman in Blue","floor":8,"gold_loss":0},{"damage_healed":0,"gold_gain":0,"cards_transformed":["Defend_B"],"player_choice":"Change","damage_taken":0,"max_hp_gain":0,"max_hp_loss":0,"event_name":"Living Wall","floor":13,"gold_loss":0,"cards_obtained":["Self Repair"]},{"damage_healed":0,"gold_gain":0,"player_choice":"Became a vampire","damage_taken":0,"max_hp_gain":0,"max_hp_loss":23,"event_name":"Vampires","floor":19,"gold_loss":0,"cards_obtained":["Bite","Bite","Bite","Bite","Bite"]},{"damage_healed":0,"gold_gain":0,"cards_transformed":["BootSequence","Cold Snap"],"player_choice":"Became Test Subject","damage_taken":0,"max_hp_gain":0,"max_hp_loss":0,"event_name":"Drug Dealer","floor":20,"gold_loss":0,"cards_obtained":["FTL","Self Repair"]}],"is_beta":false,"boss_relics":[{"not_picked":["White Beast Statue","Black Star"],"picked":"Empty Cage"}],"items_purged_floors":[3],"is_endless":false,"potions_floor_spawned":[1,11],"killed_by":"Cultist and Chosen","ascension_level":8}