{"gold_per_floor":[115,40,40,40,54,54,68,103,148,148,169,190,204,217,217,310,310,335,23,0],"floor_reached":20,"playtime":3346,"items_purged":["Strike_B","Defend_B"],"score":342,"play_id":"83c6db7b-ca16-4140-8529-ebc7db7dd5fa","local_time":"20190320142821","is_ascension_mode":true,"campfire_choices":[{"data":"Zap","floor":6,"key":"SMITH"},{"floor":10,"key":"REST"},{"floor":15,"key":"REST"}],"neow_cost":"PERCENT_DAMAGE","seed_source_timestamp":83616912619523,"circlet_count":0,"master_deck":["AscendersBane","Strike_B","Strike_B","Strike_B","Defend_B","Defend_B","Defend_B","Zap+1","Dualcast","Electrodynamics","FTL","Capacitor","Ball Lightning","White Noise","Cold Snap","Conserve Battery","FTL","Reinforced Body","Conserve Battery","Self Repair"],"relics":["Cracked Core","Golden Idol","Spirit Poop","Ancient Tea Set","Bag of Marbles","Orrery","Runic Capacitor"],"potions_floor_usage":[7,8,8,11],"damage_taken":[{"damage":9,"enemies":"Small Slimes","floor":1,"turns":2},{"damage":0,"enemies":"2 Louse","floor":5,"turns":3},{"damage":2,"enemies":"Cultist","floor":7,"turns":4},{"damage":35,"enemies":"Lagavulin","floor":8,"turns":4},{"damage":15,"enemies":"Gremlin Gang","floor":11,"turns":3},{"damage":0,"enemies":"Lots of Slimes","floor":12,"turns":1},{"damage":9,"enemies":"Red Slaver","floor":13,"turns":3},{"damage":10,"enemies":"Gremlin Gang","floor":14,"turns":2},{"damage":31,"enemies":"The Guardian","floor":16,"turns":9},{"damage":16,"enemies":"Spheric Guardian","floor":18,"turns":4},{"damage":44,"enemies":"2 Thieves","floor":20,"turns":3}],"seed_played":"8087416961595413968","potions_obtained":[{"floor":1,"key":"Regen Potion"},{"floor":5,"key":"Regen Potion"},{"floor":7,"key":"FearPotion"},{"floor":8,"key":"LiquidBronze"}],"is_trial":false,"path_per_floor":["M","$","?","?","M","R","M","E","T","R","M","M","M","M","R","B",null,"M","$","M"],"character_chosen":"DEFECT","items_purchased":["Runic Capacitor"],"campfire_rested":2,"item_purchase_floors":[19],"current_hp_per_floor":[37,37,37,37,37,37,47,24,24,45,30,30,21,11,32,1,54,38,38,0],"gold":0,"neow_bonus":"THREE_RARE_CARDS","is_prod":false,"is_daily":false,"chose_seed":false,"campfire_upgraded":1,"win_rate":0,"timestamp":1553088501,"path_taken":["M","$","?","?","M","R","M","E","T","R","M","?","?","M","R","BOSS","M","?","M"],"build_version":"2019-01-23","purchased_purges":2,"victory":false,"max_hp_per_floor":[71,71,71,71,71,71,71,71,71,71,71,71,71,71,71,71,71,71,71,71],"card_choices":[{"not_picked":["Biased Cognition","Amplify"],"picked":"Electrodynamics","floor":0},{"not_picked":["Rebound","Sweeping Beam"],"picked":"FTL","floor":1},{"not_picked":["Blizzard","Conserve Battery"],"picked":"Capacitor","floor":5},{"not_picked":["Go for the Eyes","BootSequence"],"picked":"Ball Lightning","floor":7},{"not_picked":["Coolheaded","Multi-Cast"],"picked":"White Noise","floor":8},{"not_picked":["Ball Lightning","Turbo"],"picked":"Cold Snap","floor":11},{"not_picked":["Sweeping Beam","Streamline"],"picked":"Conserve Battery","floor":12},{"not_picked":["BootSequence","Compile Driver","Leap"],"picked":"SKIP","floor":13},{"not_picked":["Redo","Rebound"],"picked":"FTL","floor":14},{"not_picked":["Steam","Leap"],"picked":"Reinforced Body","floor":17},{"not_picked":["Hologram","Beam Cell"],"picked":"Conserve Battery","floor":17},{"not_picked":["Coolheaded","Gash"],"picked":"Self Repair","floor":18}],"player_experience":768060,"relics_obtained":[{"floor":8,"key":"Ancient Tea Set"},{"floor":9,"key":"Bag of Marbles"}],"event_choices":[{"damage_healed":0,"gold_gain":0,"player_choice":"Take Wound","damage_taken":0,"relics_obtained":["Golden Idol"],"max_hp_gain":0,"max_hp_loss":0,"event_name":"Golden Idol","floor":3,"gold_loss":0,"cards_obtained":["Injury"]},{"cards_removed":["Injury"],"damage_healed":0,"gold_gain":0,"player_choice":"Offered Curse","damage_taken":0,"relics_obtained":["Spirit Poop"],"max_hp_gain":0,"max_hp_loss":0,"event_name":"Bonfire Elementals","floor":4,"gold_loss":0}],"is_beta":false,"boss_relics":[{"not_picked":["Cursed Key","Velvet Choker"],"picked":"Orrery"}],"items_purged_floors":[2,19],"is_endless":false,"potions_floor_spawned":[1,5,7,8],"killed_by":"2 Thieves","ascension_level":19}