{"path_per_floor":["M","?","$","M","M","R","T","R","T","M","E","M","R","?","R","B",null,"M","$","?","M","M","R","M","R","T","E"],"character_chosen":"THE_SILENT","items_purchased":["Deep Breath","Secret Weapon"],"gold_per_floor":[110,110,6,26,39,39,66,66,93,109,139,154,154,154,154,273,273,242,58,58,74,97,97,117,117,142,183,183],"floor_reached":28,"campfire_rested":1,"playtime":4776,"current_hp_per_floor":[42,35,35,35,35,60,60,60,60,60,47,47,47,47,47,2,84,80,80,58,58,41,41,44,44,44,15,0],"items_purged":[],"gold":183,"score":263,"play_id":"8e8de48b-61ac-4273-8641-199c231b0541","local_time":"20180512151931","is_prod":false,"is_daily":false,"chose_seed":false,"is_ascension_mode":false,"campfire_upgraded":5,"timestamp":1526131171,"path_taken":["M","?","$","M","M","R","?","R","T","M","E","M","R","?","R","BOSS","M","$","?","M","M","R","M","R","T","E","M"],"build_version":"2018-05-10","seed_source_timestamp":169169877004625,"purchased_purges":0,"victory":false,"master_deck":["Defend_G","Defend_G","Defend_G","Defend_G","Defend_G","Survivor","Neutralize","Quick Slash","Deep Breath+1","Deflect","Calculated Gamble+1","Prepared","Blur+1","A Thousand Cuts+1","Caltrops+1","Infinite Blades+1","Outmaneuver+1","Secret Weapon","Bite","Bite","Bite","Bite","Bite","Expertise","Blade Dance+1","Endless Agony+1"],"max_hp_per_floor":[84,84,84,84,84,84,84,84,84,84,91,91,91,84,84,84,84,84,84,58,58,58,58,58,58,58,58,58],"relics":["Ring of the Snake","Thread and Needle","Bronze Scales","Orichalcum","Strawberry","Golden Idol","Astrolabe","Oddly Smooth Stone","Ancient Tea Set"],"card_choices":[{"not_picked":["Underhanded Strike","Bane"],"picked":"Quick Slash","floor":1},{"not_picked":["Noxious Fumes","Slice"],"picked":"Deflect","floor":4},{"not_picked":["Flying Knee","Sucker Punch"],"picked":"Calculated Gamble","floor":10},{"not_picked":["Unload","Deflect"],"picked":"Prepared","floor":11},{"not_picked":["Slice","Envenom"],"picked":"Blur","floor":12},{"not_picked":["Doppelganger","Bullet Time"],"picked":"A Thousand Cuts","floor":16},{"not_picked":["Quick Slash","Calculated Gamble"],"picked":"Expertise","floor":22},{"not_picked":["PiercingWail","All Out Attack"],"picked":"Blade Dance","floor":24},{"not_picked":["Blur","Quick Slash"],"picked":"Endless Agony","floor":27}],"player_experience":29364,"potions_floor_usage":[16,16,16,22,28],"damage_taken":[{"damage":0,"enemies":"Jaw Worm","floor":1,"turns":6},{"damage":0,"enemies":"2 Louse","floor":4,"turns":2},{"damage":0,"enemies":"Small Slimes","floor":5,"turns":4},{"damage":0,"enemies":"3 Louse","floor":10,"turns":5},{"damage":20,"enemies":"Lagavulin","floor":11,"turns":10},{"damage":0,"enemies":"Exordium Wildlife","floor":12,"turns":3},{"damage":45,"enemies":"Slime Boss","floor":16,"turns":21},{"damage":4,"enemies":"2 Thieves","floor":18,"turns":5},{"damage":0,"enemies":"3 Byrds","floor":21,"turns":4},{"damage":23,"enemies":"Sentry and Sphere","floor":22,"turns":7},{"damage":11,"enemies":"Centurion and Healer","floor":24,"turns":6},{"damage":39,"enemies":"Slavers","floor":27,"turns":6},{"damage":29,"enemies":"Slaver and Parasite","floor":28,"turns":4}],"event_choices":[{"event_name":"Scrap Ooze","player_choice":"success","floor":2,"damage_taken":7},{"event_name":"Golden Idol","player_choice":"Lose Max HP","floor":14,"damage_taken":0},{"event_name":"Vampires","player_choice":"Became a vampire","floor":20,"damage_taken":0}],"boss_relics":[{"not_picked":["White Beast Statue","Calling Bell"],"picked":"Astrolabe"}],"potions_floor_spawned":[10,11,12,18,21],"seed_played":"7031577764342161439","killed_by":"Slaver and Parasite","ascension_level":0,"is_trial":false}