{"gold_per_floor":[109,41,59,78,78,104,69,69,69,104,120,295,295,327,339,448,460,486,345,358,15,15,15,34,34,111,121,121,121,121],"floor_reached":30,"playtime":804,"items_purged":["Doubt"],"score":339,"play_id":"5a67c7af-2696-4d7e-b4d2-50f0dabac891","local_time":"20181209222946","is_ascension_mode":true,"campfire_choices":[{"data":"Genetic Algorithm","floor":8,"key":"SMITH"},{"floor":13,"key":"REST"},{"floor":15,"key":"REST"},{"data":"Thunder Strike","floor":23,"key":"SMITH"},{"data":"White Noise","floor":25,"key":"SMITH"}],"neow_cost":"NONE","seed_source_timestamp":2010210149567794,"circlet_count":0,"master_deck":["Strike_B","Strike_B","Strike_B","Defend_B","Defend_B","Defend_B","Defend_B","Zap+1","Dualcast","Genetic Algorithm+1","Capacitor","Sweeping Beam","Cold Snap","Cold Snap","Defragment+1","Ball Lightning","Chaos","Multi-Cast","Redo+1","Defragment+1","Sunder+1","Thunder Strike+1","White Noise+1","Ball Lightning","Decay","Multi-Cast"],"relics":["Cracked Core","Frozen Egg 2","Centennial Puzzle","Thread and Needle","MawBank","Eternal Feather","Runic Capacitor","Pantograph"],"potions_floor_usage":[6,10,14,14,16,27],"damage_taken":[{"damage":10,"enemies":"2 Louse","floor":1,"turns":2},{"damage":7,"enemies":"Jaw Worm","floor":3,"turns":3},{"damage":6,"enemies":"Cultist","floor":4,"turns":3},{"damage":0,"enemies":"3 Sentries","floor":6,"turns":2},{"damage":24,"enemies":"Lagavulin","floor":10,"turns":7},{"damage":4,"enemies":"2 Fungi Beasts","floor":11,"turns":3},{"damage":16,"enemies":"3 Sentries","floor":14,"turns":5},{"damage":20,"enemies":"Hexaghost","floor":16,"turns":9},{"damage":2,"enemies":"Spheric Guardian","floor":18,"turns":5},{"damage":7,"enemies":"Shell Parasite","floor":20,"turns":5},{"damage":21,"enemies":"Cultist and Chosen","floor":24,"turns":6},{"damage":29,"enemies":"Shelled Parasite and Fungi","floor":27,"turns":4},{"damage":22,"enemies":"Snake Plant","floor":30,"turns":4}],"seed_played":"-5711910641047203146","potions_obtained":[{"floor":3,"key":"Dexterity Potion"},{"floor":4,"key":"AttackPotion"},{"floor":6,"key":"SkillPotion"},{"floor":10,"key":"Explosive Potion"},{"floor":14,"key":"AttackPotion"},{"floor":24,"key":"FearPotion"}],"is_trial":false,"path_per_floor":["M","$","M","M","?","E","?","R","T","E","M","?","R","E","R","B",null,"M","$","M","$","?","R","M","R","T","M","?","?","M"],"character_chosen":"DEFECT","items_purchased":["Capacitor","Defragment+1","Runic Capacitor","Thunder Strike"],"campfire_rested":2,"item_purchase_floors":[2,19,21,21],"current_hp_per_floor":[65,65,58,52,34,34,52,52,52,28,24,24,46,30,52,32,64,62,62,55,55,48,60,39,51,51,22,22,22,0],"gold":121,"neow_bonus":"UPGRADE_CARD","is_prod":false,"is_daily":false,"chose_seed":false,"campfire_upgraded":3,"win_rate":0,"timestamp":1544390986,"path_taken":["M","$","M","M","?","E","?","R","T","E","M","?","R","E","R","BOSS","M","$","M","$","?","R","M","R","T","?","?","?","?"],"build_version":"2018-12-06","purchased_purges":1,"victory":false,"max_hp_per_floor":[75,75,75,75,75,75,75,75,75,75,75,75,75,75,75,75,75,75,75,75,75,75,75,75,75,75,75,75,75,75],"card_choices":[{"not_picked":["Redo","Capacitor"],"picked":"Genetic Algorithm","floor":1},{"not_picked":["Compile Driver","Chaos"],"picked":"Sweeping Beam","floor":3},{"not_picked":["Go for the Eyes","Hologram"],"picked":"Cold Snap","floor":4},{"not_picked":["Auto Shields","Turbo"],"picked":"Cold Snap","floor":6},{"not_picked":["Thunder Strike","Conserve Battery"],"picked":"Defragment+1","floor":10},{"not_picked":["Streamline","Rainbow"],"picked":"Ball Lightning","floor":11},{"not_picked":["Aggregate","Compile Driver"],"picked":"Chaos","floor":14},{"not_picked":["Fission","Core Surge"],"picked":"Multi-Cast","floor":16},{"not_picked":["Sunder+1","Compile Driver"],"picked":"Redo+1","floor":18},{"not_picked":["Stack+1","Auto Shields"],"picked":"Sunder+1","floor":20},{"not_picked":["Doom and Gloom","Rebound"],"picked":"White Noise","floor":24},{"not_picked":["Streamline","Cold Snap"],"picked":"Ball Lightning","floor":27}],"player_experience":412044,"relics_obtained":[{"floor":6,"key":"Centennial Puzzle"},{"floor":10,"key":"Thread and Needle"},{"floor":14,"key":"MawBank"},{"floor":26,"key":"Pantograph"}],"event_choices":[{"damage_healed":0,"gold_gain":0,"player_choice":"Success","damage_taken":18,"relics_obtained":["Frozen Egg 2"],"max_hp_gain":0,"max_hp_loss":0,"event_name":"Scrap Ooze","floor":5,"gold_loss":0},{"damage_healed":18,"gold_gain":0,"player_choice":"Healed","damage_taken":0,"max_hp_gain":0,"max_hp_loss":0,"event_name":"The Cleric","floor":7,"gold_loss":35},{"damage_healed":0,"gold_gain":175,"player_choice":"AGREE","damage_taken":0,"max_hp_gain":0,"max_hp_loss":0,"event_name":"Liars Game","floor":12,"gold_loss":0,"cards_obtained":["Doubt"]},{"damage_healed":0,"gold_gain":0,"player_choice":"Damaged","damage_taken":7,"max_hp_gain":0,"max_hp_loss":0,"event_name":"Wheel of Change","floor":22,"gold_loss":0},{"damage_healed":0,"gold_gain":0,"player_choice":"Smashed Altar","damage_taken":0,"max_hp_gain":0,"max_hp_loss":0,"event_name":"Forgotten Altar","floor":28,"gold_loss":0,"cards_obtained":["Decay"]},{"damage_healed":0,"gold_gain":0,"cards_transformed":["Strike_B"],"player_choice":"Transformed","damage_taken":0,"max_hp_gain":0,"max_hp_loss":0,"event_name":"Transmorgrifier","floor":29,"gold_loss":0,"cards_obtained":["Multi-Cast"]}],"is_beta":false,"boss_relics":[{"not_picked":["Tiny House","Runic Dome"],"picked":"Eternal Feather"}],"items_purged_floors":[19],"is_endless":false,"potions_floor_spawned":[3,4,6,10,14,24],"killed_by":"Snake Plant","ascension_level":5}