{"path_per_floor":["M","$","M","M","M","E","R","E","T","E","R","$","?","M","R","B",null,"M","$","M","M","?","E","R","M","T","M","M","M","?","?","R","B",null,"M","M","$","M","M","R","M","R","T","?","$","T","M","M","R","B"],"character_chosen":"DEFECT","items_purchased":["Sunder","Master of Strategy","Melter","Omamori","Reinforced Body","Loop"],"gold_per_floor":[368,71,88,102,115,149,149,176,203,238,238,68,121,133,133,237,237,247,16,35,53,53,79,79,97,144,162,179,198,198,198,198,300,300,320,339,214,234,248,248,263,263,288,288,65,65,84,101,101,101],"floor_reached":51,"campfire_rested":2,"playtime":2527,"item_purchase_floors":[2,2,12,19,19,45],"current_hp_per_floor":[61,61,61,61,60,43,43,35,42,36,36,36,36,38,38,32,75,71,71,62,58,58,20,57,57,57,45,29,16,16,16,53,55,75,65,65,65,67,69,69,71,71,71,71,71,71,73,64,64,75],"items_purged":["Strike_B","Zap","Strike_B+1","Strike_B+1"],"gold":101,"score":1029,"play_id":"87aae445-0a95-4b24-a35f-40567dfe665f","local_time":"20180606095214","is_prod":false,"is_daily":false,"chose_seed":false,"is_ascension_mode":true,"campfire_upgraded":6,"win_rate":1,"timestamp":1528271534,"campfire_choices":[{"data":"Sunder","floor":7,"key":"SMITH"},{"data":"Chaos","floor":11,"key":"SMITH"},{"data":"Redo","floor":15,"key":"SMITH"},{"floor":24,"key":"REST"},{"floor":32,"key":"REST"},{"data":"Consume","floor":40,"key":"SMITH"},{"data":"Buffer","floor":42,"key":"SMITH"},{"data":"Loop","floor":49,"key":"SMITH"}],"path_taken":["M","$","M","M","M","E","R","E","T","E","R","$","?","M","R","BOSS","M","$","?","M","?","E","R","M","T","M","M","M","?","?","R","BOSS","M","M","$","M","M","R","M","R","T","?","$","?","M","M","R","BOSS"],"build_version":"2018-05-31","seed_source_timestamp":260971788638011,"purchased_purges":4,"victory":true,"master_deck":["Strike_B+1","Defend_B+1","Defend_B+1","Defend_B+1","Defend_B+1","Dualcast","Ball Lightning+1","Sunder+1","Master of Strategy","Chaos+1","Conserve Battery","BootSequence","Leap","Redo+1","Melter","Buffer+1","Reinforced Body","Glacier+1","Biased Cognition","FTL","Hologram+1","Coolheaded+1","Electrodynamics","Consume+1","Compile Driver","Loop+1","Undo"],"max_hp_per_floor":[68,68,68,68,68,68,68,68,75,75,75,75,75,75,75,75,75,75,75,75,75,75,75,75,75,75,75,75,75,75,75,75,75,75,75,75,75,75,75,75,75,75,75,75,75,75,75,75,75,75],"relics":["Cracked Core","Blood Vial","Regal Pillow","Strawberry","Ancient Tea Set","Inserter","Omamori","Whetstone","Bronze Scales","Snecko Eye","Bag of Preparation","Orichalcum","Pen Nib"],"card_choices":[{"not_picked":["Compile Driver","Loop"],"picked":"Ball Lightning","floor":1},{"not_picked":["Barrage","Skim","Darkness"],"picked":"SKIP","floor":3},{"not_picked":["Tempest","Compile Driver"],"picked":"Chaos","floor":4},{"not_picked":["Coolheaded","Compile Driver"],"picked":"Conserve Battery","floor":5},{"not_picked":["Barrage","Steam Power"],"picked":"BootSequence","floor":6},{"not_picked":["Doom and Gloom","All For One"],"picked":"Leap","floor":8},{"not_picked":["Turbo","Stack"],"picked":"Redo","floor":10},{"not_picked":["Redo","Melter","Rebound"],"picked":"SKIP","floor":14},{"not_picked":["Reboot","Thunder Strike"],"picked":"Buffer","floor":16},{"not_picked":["Steam","Skim","Aggregate"],"picked":"SKIP","floor":18},{"not_picked":["Sweeping Beam","Rebound"],"picked":"Glacier+1","floor":20},{"not_picked":["Doom and Gloom","Beam Cell+1"],"picked":"Biased Cognition","floor":21},{"not_picked":["Streamline","Go for the Eyes"],"picked":"FTL","floor":23},{"not_picked":["Steam Power","Compile Driver"],"picked":"Hologram+1","floor":25},{"not_picked":["Sweeping Beam+1","Stack+1"],"picked":"Coolheaded+1","floor":27},{"not_picked":["Go for the Eyes+1","Conserve Battery","Doom and Gloom+1"],"picked":"SKIP","floor":28},{"not_picked":["Gash","Turbo+1","Steam"],"picked":"SKIP","floor":29},{"not_picked":["Rainbow","All For One"],"picked":"Electrodynamics","floor":33},{"not_picked":["Barrage+1","Go for the Eyes+1","Coolheaded"],"picked":"SKIP","floor":35},{"not_picked":["Coolheaded+1","Beam Cell+1"],"picked":"Consume","floor":36},{"not_picked":["Go for the Eyes","Sweeping Beam+1","Turbo+1"],"picked":"SKIP","floor":38},{"not_picked":["Steam Power","Self Repair","Rebound"],"picked":"SKIP","floor":39},{"not_picked":["Stack+1","Force Field+1"],"picked":"Compile Driver","floor":41},{"not_picked":["Hologram","White Noise"],"picked":"Undo","floor":47},{"not_picked":["Reprogram+1","Static Discharge","Amplify"],"picked":"SKIP","floor":48}],"player_experience":347994,"potions_floor_usage":[8,18,28,33,33,50,50],"damage_taken":[{"damage":7,"enemies":"Jaw Worm","floor":1,"turns":3},{"damage":0,"enemies":"Small Slimes","floor":3,"turns":2},{"damage":0,"enemies":"Cultist","floor":4,"turns":2},{"damage":1,"enemies":"2 Fungi Beasts","floor":5,"turns":3},{"damage":17,"enemies":"Lagavulin","floor":6,"turns":6},{"damage":10,"enemies":"Gremlin Nob","floor":8,"turns":3},{"damage":8,"enemies":"3 Sentries","floor":10,"turns":4},{"damage":0,"enemies":"Exordium Wildlife","floor":14,"turns":2},{"damage":8,"enemies":"The Guardian","floor":16,"turns":9},{"damage":4,"enemies":"Chosen","floor":18,"turns":4},{"damage":11,"enemies":"Shell Parasite","floor":20,"turns":6},{"damage":6,"enemies":"Snecko","floor":21,"turns":7},{"damage":40,"enemies":"Book of Stabbing","floor":23,"turns":6},{"damage":2,"enemies":"Sentry and Sphere","floor":25,"turns":4},{"damage":14,"enemies":"3 Cultists","floor":27,"turns":4},{"damage":18,"enemies":"Chosen and Byrds","floor":28,"turns":6},{"damage":15,"enemies":"Snake Plant","floor":29,"turns":4},{"damage":0,"enemies":"Champ","floor":33,"turns":15},{"damage":10,"enemies":"Orb Walker","floor":35,"turns":3},{"damage":2,"enemies":"3 Darklings","floor":36,"turns":7},{"damage":0,"enemies":"Maw","floor":38,"turns":10},{"damage":0,"enemies":"Sphere and 2 Shapes","floor":39,"turns":5},{"damage":0,"enemies":"4 Shapes","floor":41,"turns":4},{"damage":0,"enemies":"Maw","floor":47,"turns":9},{"damage":11,"enemies":"Sphere and 2 Shapes","floor":48,"turns":3},{"damage":0,"enemies":"Time Eater","floor":50,"turns":13}],"relics_obtained":[{"floor":6,"key":"Blood Vial"},{"floor":8,"key":"Regal Pillow"},{"floor":9,"key":"Strawberry"},{"floor":10,"key":"Ancient Tea Set"},{"floor":23,"key":"Whetstone"},{"floor":26,"key":"Bronze Scales"},{"floor":43,"key":"Bag of Preparation"},{"floor":46,"key":"Pen Nib"}],"event_choices":[{"event_name":"Golden Wing","player_choice":"Gained Gold","floor":13,"damage_taken":0},{"event_name":"Forgotten Altar","player_choice":"Smashed Altar","floor":22,"damage_taken":0},{"event_name":"Back to Basics","player_choice":"Simplicity","floor":30,"damage_taken":0},{"event_name":"Drug Dealer","player_choice":"Ignored","floor":31,"damage_taken":0},{"event_name":"Accursed Blacksmith","player_choice":"Rummage","floor":44,"damage_taken":0}],"boss_relics":[{"not_picked":["Tiny House","Philosopher\u0027s Stone"],"picked":"Inserter"},{"not_picked":["Nuclear Battery","Orrery"],"picked":"Snecko Eye"}],"items_purged_floors":[2,12,37,45],"potions_floor_spawned":[3,4,5,16,23,25,29,33,35,38,39],"seed_played":"5458077382474012","ascension_level":3,"potions_obtained":[{"floor":3,"key":"Swift Potion"},{"floor":4,"key":"Dexterity Potion"},{"floor":5,"key":"AttackPotion"},{"floor":16,"key":"AttackPotion"},{"floor":23,"key":"SkillPotion"},{"floor":25,"key":"FocusPotion"},{"floor":29,"key":"Regen Potion"},{"floor":33,"key":"Swift Potion"},{"floor":35,"key":"Dexterity Potion"}],"is_trial":false}