{"gold_per_floor":[115,45,45,45,69,69,99,117,143,203,222,222,66,77,77,181,181,196,8,28,128,128,128,161,161],"floor_reached":25,"playtime":1965,"items_purged":["Defend_G"],"score":250,"play_id":"6110b5e3-f885-4c34-9f35-3ee54e7eaa39","local_time":"20190325154612","is_ascension_mode":true,"campfire_choices":[{"data":"Well Laid Plans","floor":6,"key":"SMITH"},{"floor":12,"key":"REST"},{"data":"Predator","floor":15,"key":"SMITH"},{"floor":23,"key":"REST"}],"neow_cost":"NONE","seed_source_timestamp":5015126547239,"circlet_count":0,"master_deck":["Defend_G","Defend_G","Defend_G+1","Defend_G","Strike_G","Strike_G","Strike_G","Strike_G","Strike_G","Survivor+1","Neutralize+1","Predator+1","Well Laid Plans+1","Backflip","Setup","Tactician","Dodge and Roll","Leg Sweep","Dagger Throw","Corpse Explosion","Choke","Magnetism","Reflex","Dagger Throw"],"relics":["HoveringKite","Omamori","Regal Pillow","Lantern","Tiny Chest","Cursed Key","WingedGreaves","Kunai","Bag of Marbles","Calipers"],"potions_floor_usage":[10,16,20,20,24],"damage_taken":[{"damage":7,"enemies":"Small Slimes","floor":1,"turns":4},{"damage":20,"enemies":"3 Sentries","floor":7,"turns":10},{"damage":0,"enemies":"Jaw Worm","floor":8,"turns":4},{"damage":14,"enemies":"Gremlin Nob","floor":10,"turns":5},{"damage":0,"enemies":"Cultist","floor":11,"turns":4},{"damage":10,"enemies":"Blue Slaver","floor":14,"turns":4},{"damage":12,"enemies":"Hexaghost","floor":16,"turns":14},{"damage":7,"enemies":"Shell Parasite","floor":18,"turns":8},{"damage":2,"enemies":"3 Byrds","floor":20,"turns":3},{"damage":16,"enemies":"Colosseum Slavers","floor":21,"turns":4},{"damage":24,"enemies":"Colosseum Nobs","floor":21,"turns":4},{"damage":29,"enemies":"Book of Stabbing","floor":24,"turns":8},{"damage":36,"enemies":"Gremlin Leader","floor":25,"turns":4}],"seed_played":"-8330812372686740521","potions_obtained":[{"floor":7,"key":"Dexterity Potion"},{"floor":10,"key":"FearPotion"},{"floor":16,"key":"Fire Potion"},{"floor":20,"key":"Fruit Juice"},{"floor":21,"key":"Weak Potion"},{"floor":24,"key":"SpeedPotion"}],"is_trial":false,"path_per_floor":["M","$","?","?","T","R","E","M","T","E","M","R","$","M","R","B",null,"M","$","M","?","?","R","E","E"],"character_chosen":"THE_SILENT","items_purchased":["Well Laid Plans","Leg Sweep","Magnetism"],"campfire_rested":2,"item_purchase_floors":[2,13,19],"current_hp_per_floor":[63,63,63,49,49,49,29,29,29,15,15,51,51,41,41,29,70,63,63,66,26,26,63,34,0],"gold":161,"neow_bonus":"BOSS_RELIC","is_prod":false,"is_daily":false,"chose_seed":false,"campfire_upgraded":2,"win_rate":0,"timestamp":1553528772,"path_taken":["M","$","?","?","?","R","E","?","T","E","M","R","?","M","R","BOSS","M","$","M","?","?","R","E","E"],"build_version":"2019-01-23","purchased_purges":1,"victory":false,"max_hp_per_floor":[70,70,70,70,70,70,70,70,70,70,70,70,70,70,70,70,70,70,70,75,75,75,75,75,75],"card_choices":[{"not_picked":["Slice","Flying Knee"],"picked":"Predator","floor":1},{"not_picked":["Malaise","Acrobatics"],"picked":"Backflip","floor":7},{"not_picked":["Deflect","All Out Attack"],"picked":"Setup","floor":8},{"not_picked":["Dagger Throw","Deadly Poison"],"picked":"Tactician","floor":10},{"not_picked":["Blade Dance","Sucker Punch"],"picked":"Dodge and Roll","floor":11},{"not_picked":["Concentrate","Choke"],"picked":"Dagger Throw","floor":14},{"not_picked":["Burst","Doppelganger"],"picked":"Corpse Explosion","floor":16},{"not_picked":["Finisher+1","Blade Dance"],"picked":"Choke","floor":18},{"not_picked":["All Out Attack","Terror"],"picked":"Reflex","floor":20},{"not_picked":["Deadly Poison","Dagger Spray+1"],"picked":"Dagger Throw","floor":21},{"not_picked":["Accuracy","Distraction","Dagger Throw"],"picked":"SKIP","floor":24}],"player_experience":201711,"relics_obtained":[{"floor":5,"key":"Omamori"},{"floor":7,"key":"Regal Pillow"},{"floor":9,"key":"Lantern"},{"floor":10,"key":"Tiny Chest"},{"floor":21,"key":"WingedGreaves"},{"floor":21,"key":"Kunai"},{"floor":24,"key":"Calipers"}],"event_choices":[{"damage_healed":0,"gold_gain":0,"player_choice":"Grow","damage_taken":0,"max_hp_gain":0,"max_hp_loss":0,"event_name":"Living Wall","floor":3,"gold_loss":0,"cards_upgraded":["Neutralize"]},{"damage_healed":0,"gold_gain":0,"player_choice":"Entered Light","damage_taken":14,"max_hp_gain":0,"max_hp_loss":0,"event_name":"Shining Light","floor":4,"gold_loss":0,"cards_upgraded":["Defend_G","Survivor"]},{"damage_healed":0,"gold_gain":0,"player_choice":"Fight","damage_taken":0,"max_hp_gain":0,"max_hp_loss":0,"event_name":"Colosseum","floor":21,"gold_loss":0},{"damage_healed":0,"gold_gain":0,"player_choice":"Fought Nobs","damage_taken":0,"max_hp_gain":0,"max_hp_loss":0,"event_name":"Colosseum","floor":21,"gold_loss":0},{"damage_healed":0,"gold_gain":0,"player_choice":"Stole Relic","damage_taken":0,"relics_obtained":["Bag of Marbles"],"max_hp_gain":0,"max_hp_loss":0,"event_name":"Addict","floor":22,"gold_loss":0,"cards_obtained":["Shame"]}],"is_beta":false,"boss_relics":[{"not_picked":["Runic Dome","Astrolabe"],"picked":"Cursed Key"}],"items_purged_floors":[13],"is_endless":false,"potions_floor_spawned":[7,10,16,20,21,24],"killed_by":"Gremlin Leader","ascension_level":2}