{"gold_per_floor":[114,114,114,134,151,186,186,220,247,247,265,281,90,125,125,223,223,237,252,52,52,68,68,103,103,103,116,116,146,146,158,158,158],"floor_reached":33,"playtime":2299,"items_purged":["Regret"],"score":361,"play_id":"dbe2cd93-fbfa-4b0f-a085-98f54b49556a","local_time":"20190326203823","is_ascension_mode":true,"campfire_choices":[{"data":"Neutralize","floor":7,"key":"SMITH"},{"data":"Footwork","floor":10,"key":"SMITH"},{"floor":15,"key":"REST"},{"floor":23,"key":"REST"},{"floor":25,"key":"REST"},{"floor":28,"key":"REST"},{"data":"Catalyst","floor":30,"key":"SMITH"},{"floor":32,"key":"REST"}],"neow_cost":"NONE","seed_source_timestamp":29603978796556,"circlet_count":0,"master_deck":["Defend_G","Defend_G","Defend_G","Defend_G","Defend_G","Strike_G","Strike_G","Strike_G","Strike_G","Survivor","Neutralize+1","Poisoned Stab","Predator","Acrobatics","Dagger Throw","Footwork+1","Corpse Explosion","Dash","Dagger Spray","Prepared","PiercingWail","Die Die Die","Backflip","Cloak And Dagger","Quick Slash","Poisoned Stab","Catalyst+1","Endless Agony","Deadly Poison","Bane","Calculated Gamble","Quick Slash","Crippling Poison","Blur","Prepared+1"],"relics":["Philosopher\u0027s Stone","Art of War","Boot","Shuriken","Juzu Bracelet","Oddly Smooth Stone","Smiling Mask","Orrery","Frozen Egg 2","Omamori","WingedGreaves","Dodecahedron"],"potions_floor_usage":[14,16,19,33,33,33],"damage_taken":[{"damage":1,"enemies":"Cultist","floor":1,"turns":4},{"damage":4,"enemies":"Jaw Worm","floor":4,"turns":4},{"damage":3,"enemies":"2 Louse","floor":5,"turns":3},{"damage":31,"enemies":"Gremlin Nob","floor":6,"turns":4},{"damage":4,"enemies":"Lagavulin","floor":8,"turns":6},{"damage":2,"enemies":"Exordium Wildlife","floor":11,"turns":4},{"damage":13,"enemies":"3 Louse","floor":12,"turns":2},{"damage":1,"enemies":"3 Sentries","floor":14,"turns":3},{"damage":19,"enemies":"Slime Boss","floor":16,"turns":8},{"damage":10,"enemies":"Spheric Guardian","floor":18,"turns":5},{"damage":9,"enemies":"Chosen","floor":19,"turns":4},{"damage":8,"enemies":"Snecko","floor":22,"turns":3},{"damage":21,"enemies":"Book of Stabbing","floor":24,"turns":6},{"damage":1,"enemies":"Cultist and Chosen","floor":27,"turns":4},{"damage":16,"enemies":"Gremlin Leader","floor":29,"turns":6},{"damage":20,"enemies":"Centurion and Healer","floor":31,"turns":3},{"damage":68,"enemies":"Champ","floor":33,"turns":9}],"seed_played":"-3931313548930872632","potions_obtained":[{"floor":4,"key":"Dexterity Potion"},{"floor":6,"key":"Block Potion"},{"floor":8,"key":"Ancient Potion"},{"floor":14,"key":"SkillPotion"},{"floor":18,"key":"Poison Potion"},{"floor":19,"key":"PowerPotion"},{"floor":31,"key":"Dexterity Potion"}],"is_trial":false,"path_per_floor":["M","?","?","M","M","E","R","E","T","R","M","M","$","E","R","B",null,"M","M","$","T","M","R","E","R","T","M","R","E","R","M","R","B"],"character_chosen":"THE_SILENT","items_purchased":["Oddly Smooth Stone","Prepared","Deadly Poison","Bane","Calculated Gamble"],"campfire_rested":5,"item_purchase_floors":[13,13,20,20,20],"current_hp_per_floor":[69,69,69,65,62,31,31,27,27,27,25,12,12,11,32,13,70,60,51,51,51,43,64,43,64,64,63,70,54,54,34,55,0],"gold":158,"neow_bonus":"BOSS_RELIC","is_prod":false,"is_daily":false,"chose_seed":false,"campfire_upgraded":3,"win_rate":0,"timestamp":1553632703,"path_taken":["M","?","?","M","M","E","R","E","T","R","M","M","$","E","R","BOSS","M","M","$","?","M","R","E","R","T","M","R","E","R","M","R","BOSS"],"build_version":"2019-01-23","purchased_purges":1,"victory":false,"max_hp_per_floor":[70,70,70,70,70,70,70,70,70,70,70,70,70,70,70,70,70,70,70,70,70,70,70,70,70,70,70,70,70,70,70,70,70],"card_choices":[{"not_picked":["Outmaneuver","Deflect"],"picked":"Poisoned Stab","floor":1},{"not_picked":["Eviscerate","Deflect"],"picked":"Acrobatics","floor":4},{"not_picked":["Quick Slash","Prepared"],"picked":"Dagger Throw","floor":5},{"not_picked":["Poisoned Stab","Adrenaline"],"picked":"Footwork","floor":6},{"not_picked":["Bane","Leg Sweep"],"picked":"Corpse Explosion","floor":8},{"not_picked":["PiercingWail","Reflex"],"picked":"Dash","floor":11},{"not_picked":["Footwork","Caltrops"],"picked":"Dagger Spray","floor":12},{"not_picked":["Night Terror","Catalyst"],"picked":"PiercingWail","floor":14},{"not_picked":["Wraith Form v2","Tools of the Trade"],"picked":"Die Die Die","floor":16},{"not_picked":["Slice","Accuracy"],"picked":"Backflip","floor":17},{"not_picked":["Sucker Punch","Bouncing Flask"],"picked":"Cloak And Dagger","floor":17},{"not_picked":["Predator","Leg Sweep"],"picked":"Quick Slash","floor":17},{"not_picked":["Malaise","Blade Dance"],"picked":"Poisoned Stab","floor":17},{"not_picked":["Well Laid Plans","Leg Sweep"],"picked":"Catalyst","floor":17},{"not_picked":["Tactician","All Out Attack"],"picked":"Endless Agony","floor":18},{"not_picked":["Acrobatics","Prepared","Dagger Throw"],"picked":"SKIP","floor":19},{"not_picked":["Dagger Throw","Caltrops+1"],"picked":"Quick Slash","floor":22},{"not_picked":["Deadly Poison","Cloak And Dagger"],"picked":"Crippling Poison","floor":24},{"not_picked":["Tactician","Caltrops+1"],"picked":"Blur","floor":27},{"not_picked":["Prepared","Malaise","Outmaneuver+1"],"picked":"SKIP","floor":29},{"not_picked":["Dodge and Roll","Outmaneuver"],"picked":"Prepared+1","floor":31}],"player_experience":217053,"relics_obtained":[{"floor":6,"key":"Boot"},{"floor":8,"key":"Shuriken"},{"floor":9,"key":"Juzu Bracelet"},{"floor":14,"key":"Smiling Mask"},{"floor":21,"key":"Frozen Egg 2"},{"floor":24,"key":"Omamori"},{"floor":26,"key":"WingedGreaves"},{"floor":29,"key":"Dodecahedron"}],"event_choices":[{"damage_healed":0,"gold_gain":0,"player_choice":"Box","damage_taken":0,"relics_obtained":["Art of War"],"max_hp_gain":0,"max_hp_loss":0,"event_name":"Big Fish","floor":2,"gold_loss":0,"cards_obtained":["Regret"]},{"damage_healed":0,"gold_gain":0,"cards_transformed":["Strike_G"],"player_choice":"Transformed","damage_taken":0,"max_hp_gain":0,"max_hp_loss":0,"event_name":"Transmorgrifier","floor":3,"gold_loss":0,"cards_obtained":["Predator"]}],"is_beta":false,"boss_relics":[{"not_picked":["Busted Crown","Velvet Choker"],"picked":"Orrery"}],"items_purged_floors":[20],"is_endless":false,"potions_floor_spawned":[4,6,8,11,14,18,19,27,29,31],"killed_by":"Champ","ascension_level":2}