{"gold_per_floor":[116,116,116,131,144,188,213,87,87,107,107,130,130,169,169,300,300,316,340,340,340,340,340,340,371,395,395,414,439,25,63,63,188,188,203,8,8,8,8,8,49,108,108,148,0,14,14,58,58,58],"floor_reached":51,"playtime":1930,"items_purged":["Strike_R","Cleave"],"score":1411,"play_id":"72bf2dd4-7bcd-47a5-9f2f-6aa505a10c72","local_time":"20181012172816","is_ascension_mode":true,"campfire_choices":[{"data":"True Grit","floor":11,"key":"SMITH"},{"data":"Clothesline","floor":13,"key":"SMITH"},{"data":"Spot Weakness","floor":15,"key":"SMITH"},{"data":"Heavy Blade","floor":23,"key":"SMITH"},{"data":"Demon Form","floor":27,"key":"SMITH"},{"data":"1","floor":32,"key":"LIFT"},{"data":"2","floor":40,"key":"LIFT"},{"data":"3","floor":49,"key":"LIFT"}],"neow_cost":"NONE","seed_source_timestamp":151902360407765,"circlet_count":0,"master_deck":["Strike_R+1","Strike_R+1","Defend_R+1","Defend_R+1","Defend_R+1","Defend_R+1","Bash+1","True Grit+1","Clothesline+1","Anger","Spot Weakness+1","Heavy Blade+1","Bludgeon","Demon Form+1","Headbutt","Shrug It Off","Ghostly","Ghostly","Ghostly","Ghostly","Ghostly","Shockwave","Havoc+1","Feel No Pain","Fiend Fire+1","Heavy Blade+1","True Grit+1","Double Tap+1"],"relics":["Burning Blood","Golden Idol","Omamori","Dodecahedron","Gambling Chip","Runic Dome","Bottled Lightning","Kunai","Bottled Tornado","Red Skull","Incense Burner","Girya","Snecko Eye","DollysMirror","Art of War","Bird Faced Urn","Pocketwatch","Toxic Egg 2","Red Mask","Magic Flower","Mercury Hourglass"],"potions_floor_usage":[6,14,14,16,46,50,50,50,50],"damage_taken":[{"damage":6,"enemies":"2 Louse","floor":1,"turns":3},{"damage":14,"enemies":"Cultist","floor":4,"turns":5},{"damage":0,"enemies":"Small Slimes","floor":5,"turns":3},{"damage":32,"enemies":"Lagavulin","floor":6,"turns":7},{"damage":0,"enemies":"2 Fungi Beasts","floor":7,"turns":3},{"damage":4,"enemies":"Looter","floor":10,"turns":3},{"damage":11,"enemies":"3 Louse","floor":12,"turns":3},{"damage":22,"enemies":"Gremlin Nob","floor":14,"turns":4},{"damage":27,"enemies":"The Guardian","floor":16,"turns":10},{"damage":11,"enemies":"Spheric Guardian","floor":18,"turns":3},{"damage":18,"enemies":"2 Thieves","floor":19,"turns":3},{"damage":4,"enemies":"Gremlin Leader","floor":25,"turns":6},{"damage":0,"enemies":"Centurion and Healer","floor":28,"turns":5},{"damage":2,"enemies":"Shelled Parasite and Fungi","floor":29,"turns":4},{"damage":3,"enemies":"Book of Stabbing","floor":31,"turns":4},{"damage":0,"enemies":"Collector","floor":33,"turns":7},{"damage":1,"enemies":"Orb Walker","floor":35,"turns":2},{"damage":1,"enemies":"Giant Head","floor":41,"turns":4},{"damage":2,"enemies":"Mysterious Sphere","floor":42,"turns":3},{"damage":0,"enemies":"Nemesis","floor":44,"turns":3},{"damage":0,"enemies":"3 Darklings","floor":46,"turns":3},{"damage":0,"enemies":"2 Orb Walkers","floor":48,"turns":3},{"damage":0,"enemies":"Awakened One","floor":50,"turns":5}],"seed_played":"810894268041596527","potions_obtained":[{"floor":1,"key":"Swift Potion"},{"floor":5,"key":"Poison Potion"},{"floor":10,"key":"Swift Potion"},{"floor":14,"key":"SteroidPotion"},{"floor":31,"key":"Strength Potion"},{"floor":33,"key":"Poison Potion"},{"floor":35,"key":"Block Potion"},{"floor":46,"key":"EntropicBrew"},{"floor":48,"key":"SneckoOil"}],"is_trial":false,"path_per_floor":["M","?","?","M","M","E","M","$","T","M","R","M","R","E","R","B",null,"M","M","?","T","?","R","?","E","T","R","M","M","$","E","R","B",null,"M","$","?","?","?","R","E","?","T","E","?","M","T","E","R","B"],"character_chosen":"IRONCLAD","items_purchased":["Poison Potion","Incense Burner","DollysMirror"],"campfire_rested":0,"item_purchase_floors":[8,30,36],"current_hp_per_floor":[72,72,72,64,70,44,50,50,50,52,52,47,47,31,31,10,58,53,41,41,41,37,37,37,37,37,37,37,37,37,37,37,37,37,37,37,37,37,37,37,37,37,37,37,37,37,37,37,37,37],"gold":58,"neow_bonus":"UPGRADE_CARD","is_prod":false,"is_daily":false,"chose_seed":false,"campfire_upgraded":5,"win_rate":0,"timestamp":1539358096,"path_taken":["M","?","?","M","M","E","M","?","T","?","R","M","R","E","R","BOSS","M","M","?","?","?","R","?","E","T","R","M","?","$","E","R","BOSS","M","$","?","?","?","R","E","?","T","E","?","M","?","E","R","BOSS"],"build_version":"2018-10-11","purchased_purges":2,"victory":true,"max_hp_per_floor":[80,80,74,74,74,74,74,74,74,74,74,74,74,74,74,74,74,74,74,74,74,37,37,37,37,37,37,37,37,37,37,37,37,37,37,37,37,37,37,37,37,37,37,37,37,37,37,37,37,37],"card_choices":[{"not_picked":["Blood for Blood","Wild Strike"],"picked":"True Grit","floor":1},{"not_picked":["Seeing Red","Havoc"],"picked":"Clothesline","floor":4},{"not_picked":["Clothesline","Seeing Red"],"picked":"Cleave","floor":5},{"not_picked":["Sever Soul","Perfected Strike","Clash"],"picked":"SKIP","floor":6},{"not_picked":["Dropkick","Heavy Blade"],"picked":"Anger","floor":7},{"not_picked":["Dual Wield","Headbutt"],"picked":"Spot Weakness","floor":10},{"not_picked":["Thunderclap","Anger"],"picked":"Heavy Blade","floor":12},{"not_picked":["Dropkick","Clash"],"picked":"Bludgeon","floor":14},{"not_picked":["Dark Embrace","Offering"],"picked":"Demon Form","floor":16},{"not_picked":["Havoc","Pummel"],"picked":"Headbutt","floor":18},{"not_picked":["Havoc","Body Slam"],"picked":"Shrug It Off","floor":19},{"not_picked":["Sword Boomerang","Flex"],"picked":"Shockwave","floor":25},{"not_picked":["Headbutt+1","Warcry"],"picked":"Havoc+1","floor":28},{"not_picked":["Havoc","Heavy Blade"],"picked":"Feel No Pain","floor":29},{"not_picked":["Sword Boomerang","Pummel","Seeing Red"],"picked":"SKIP","floor":31},{"not_picked":["Berserk","Impervious"],"picked":"Fiend Fire","floor":33},{"not_picked":["Shrug It Off","Armaments+1","Headbutt+1"],"picked":"SKIP","floor":35},{"not_picked":["Headbutt","Clothesline","Second Wind"],"picked":"SKIP","floor":41},{"not_picked":["Thunderclap+1","Iron Wave"],"picked":"True Grit+1","floor":42},{"not_picked":["Hemokinesis","Feel No Pain+1"],"picked":"Double Tap","floor":44},{"not_picked":["Rage+1","Clothesline+1","Ghostly Armor+1"],"picked":"SKIP","floor":46},{"not_picked":["Feel No Pain+1","Bloodletting+1","Carnage+1"],"picked":"SKIP","floor":48}],"player_experience":226294,"relics_obtained":[{"floor":6,"key":"Omamori"},{"floor":9,"key":"Dodecahedron"},{"floor":14,"key":"Gambling Chip"},{"floor":21,"key":"Bottled Lightning"},{"floor":25,"key":"Bottled Tornado"},{"floor":26,"key":"Red Skull"},{"floor":31,"key":"Girya"},{"floor":41,"key":"Art of War"},{"floor":42,"key":"Bird Faced Urn"},{"floor":43,"key":"Pocketwatch"},{"floor":44,"key":"Toxic Egg 2"},{"floor":47,"key":"Magic Flower"},{"floor":48,"key":"Mercury Hourglass"}],"event_choices":[{"event_name":"Purifier","player_choice":"One Purge","floor":2,"damage_taken":0},{"event_name":"Golden Idol","player_choice":"Lose Max HP","floor":3,"damage_taken":0},{"event_name":"Back to Basics","player_choice":"Simplicity","floor":20,"damage_taken":0},{"event_name":"Ghosts","player_choice":"Became a Ghost","floor":22,"damage_taken":0},{"event_name":"The Mausoleum","player_choice":"Yes","floor":24,"damage_taken":0},{"event_name":"Purifier","player_choice":"One Purge","floor":37,"damage_taken":0},{"event_name":"SensoryStone","player_choice":"Memory 1","floor":38,"damage_taken":0},{"event_name":"Upgrade Shrine","player_choice":"Upgraded","floor":39,"damage_taken":0},{"event_name":"Mysterious Sphere","player_choice":"Fight","floor":42,"damage_taken":0},{"event_name":"Tomb of Lord Red Mask","player_choice":"Paid","floor":45,"damage_taken":0}],"is_beta":true,"boss_relics":[{"not_picked":["Orrery","Ectoplasm"],"picked":"Runic Dome"},{"not_picked":["Empty Cage","White Beast Statue"],"picked":"Snecko Eye"}],"items_purged_floors":[8,30],"is_endless":false,"potions_floor_spawned":[1,5,10,14,31,33,35,46,48],"ascension_level":9}