{"path_per_floor":["M","$","M","M","?","E","M","?","T","R","E","R","M","M","R","B",null,"M","$","?","M","?","R","M","R","T","M","M","M","$","M","R","B",null,"M","?","$","?","M","R","?","M","T","R","M","M","M","T","R","B"],"character_chosen":"DEFECT","items_purchased":["Ball Lightning","Defragment","Oddly Smooth Stone","Hologram","Reprogram","All For One","Finesse"],"gold_per_floor":[117,18,33,49,49,82,93,93,93,93,126,126,141,159,159,260,260,277,22,22,39,39,39,55,55,79,94,110,124,42,54,54,151,151,171,221,47,47,61,61,0,20,20,20,33,51,66,90,90,90],"floor_reached":51,"campfire_rested":3,"playtime":2387,"current_hp_per_floor":[72,72,72,70,70,65,63,68,68,68,68,68,63,50,50,43,80,77,77,61,41,41,41,31,55,55,54,53,46,46,45,69,41,80,65,44,44,39,43,43,43,38,38,62,68,70,72,72,72,36],"items_purged":["Strike_B"],"gold":90,"score":713,"play_id":"676f3212-65ed-405c-91ca-5311f7976368","local_time":"20180430220512","is_prod":false,"is_daily":false,"chose_seed":false,"is_ascension_mode":false,"campfire_upgraded":6,"timestamp":1525118712,"path_taken":["M","$","M","M","?","E","M","?","T","R","E","R","?","M","R","BOSS","M","$","?","M","?","R","M","R","T","M","M","M","$","M","R","BOSS","M","?","$","?","M","R","?","?","T","R","M","M","M","?","R","BOSS"],"build_version":"2018-04-27v3","seed_source_timestamp":37770300580384,"purchased_purges":1,"victory":true,"master_deck":["Strike_B","Strike_B+1","Strike_B+1","Defend_B","Defend_B","Defend_B","Defend_B","Zap+1","Dualcast+1","Cold Snap","Ball Lightning","Defragment+1","Leap","Go for the Eyes","Storm+1","Buffer+1","Streamline","FTL","All For One+1","Beam Cell","Hologram","Necronomicurse","Streamline","Rebound","Defragment+1","Reprogram","Streamline","Echo Form","Go for the Eyes+1","Buffer+1","All For One","Finesse","Bandage Up","Blind+1","Leap+1","Axe Kick","Beam Cell"],"max_hp_per_floor":[75,75,75,75,75,75,75,80,80,80,80,80,80,80,80,80,80,80,80,80,80,80,80,80,80,80,80,80,80,80,80,80,80,80,80,80,80,80,80,80,80,80,80,80,80,80,80,80,80,80],"relics":["Cracked Core","Ornamental Fan","Shuriken","Bottled Lightning","Nuclear Battery","Oddly Smooth Stone","Necronomicon","Whetstone","Runic Dome","Ice Cream","Red Mask","Blood Vial","Regal Pillow"],"card_choices":[{"not_picked":["Leap","Blaster"],"picked":"Cold Snap","floor":1},{"not_picked":["Hello World","Capacitor"],"picked":"Leap","floor":3},{"not_picked":["Beam Cell","Barrage"],"picked":"Go for the Eyes","floor":4},{"not_picked":["Streamline","Ball Lightning"],"picked":"Storm","floor":6},{"not_picked":["Blaster","Beam Cell"],"picked":"Buffer","floor":7},{"not_picked":["Redo","Rebound"],"picked":"Streamline","floor":13},{"not_picked":["Loop","Ball Lightning"],"picked":"FTL","floor":14},{"not_picked":["Prime","Thunder Strike"],"picked":"All For One","floor":16},{"not_picked":["Coolheaded","Cold Snap"],"picked":"Beam Cell","floor":18},{"not_picked":["Rebound","Stack"],"picked":"Streamline","floor":21},{"not_picked":["Hologram","Hello World"],"picked":"Rebound","floor":28},{"not_picked":["Coolheaded","White Noise"],"picked":"Defragment","floor":29},{"not_picked":["Blaster","Defragment"],"picked":"Streamline","floor":31},{"not_picked":["Meteor Strike","Fusion"],"picked":"Echo Form","floor":33},{"not_picked":["Recycle","Blizzard"],"picked":"Go for the Eyes","floor":35},{"not_picked":["Sweeping Beam","Turbo"],"picked":"Buffer","floor":36},{"not_picked":["Good Instincts","Deep Breath"],"picked":"Bandage Up","floor":38},{"not_picked":["Jack Of All Trades","Panacea"],"picked":"Blind","floor":38},{"not_picked":["Go for the Eyes","Beam Cell"],"picked":"Leap","floor":42},{"not_picked":["Blizzard","Stack"],"picked":"Axe Kick","floor":45},{"not_picked":["Go for the Eyes","Blaster"],"picked":"Beam Cell","floor":47}],"player_experience":16355,"potions_floor_usage":[16,28,50,50,50],"damage_taken":[{"damage":3,"enemies":"Jaw Worm","floor":1,"turns":3},{"damage":0,"enemies":"Small Slimes","floor":3,"turns":3},{"damage":2,"enemies":"2 Louse","floor":4,"turns":3},{"damage":5,"enemies":"3 Sentries","floor":6,"turns":10},{"damage":2,"enemies":"Large Slime","floor":7,"turns":3},{"damage":0,"enemies":"Lagavulin","floor":11,"turns":6},{"damage":5,"enemies":"Looter","floor":13,"turns":3},{"damage":13,"enemies":"Red Slaver","floor":14,"turns":2},{"damage":7,"enemies":"Hexaghost","floor":16,"turns":9},{"damage":3,"enemies":"Spheric Guardian","floor":18,"turns":3},{"damage":20,"enemies":"2 Thieves","floor":21,"turns":4},{"damage":10,"enemies":"Centurion and Healer","floor":24,"turns":4},{"damage":1,"enemies":"Snake Plant","floor":27,"turns":3},{"damage":1,"enemies":"Snecko","floor":28,"turns":4},{"damage":7,"enemies":"Centurion and Healer","floor":29,"turns":3},{"damage":1,"enemies":"Cultist and Chosen","floor":31,"turns":4},{"damage":28,"enemies":"Champ","floor":33,"turns":8},{"damage":15,"enemies":"Flame Bruiser 1 Orb","floor":35,"turns":6},{"damage":21,"enemies":"Mysterious Sphere","floor":36,"turns":4},{"damage":0,"enemies":"3 Shapes","floor":39,"turns":4},{"damage":9,"enemies":"Spire Growth","floor":42,"turns":4},{"damage":0,"enemies":"Maw","floor":45,"turns":5},{"damage":0,"enemies":"Flame Bruiser 2 Orb","floor":46,"turns":5},{"damage":0,"enemies":"4 Shapes","floor":47,"turns":6},{"damage":46,"enemies":"Awakened One","floor":50,"turns":11}],"event_choices":[{"event_name":"The Cleric","player_choice":"Leave","floor":5,"damage_taken":0},{"event_name":"Big Fish","player_choice":"Donut","floor":8,"damage_taken":0},{"event_name":"Cursed Tome","player_choice":"Obtained Book","floor":20,"damage_taken":0},{"event_name":"N\u0027loth","player_choice":"Ignored","floor":22,"damage_taken":0},{"event_name":"Mysterious Sphere","player_choice":"Fight","floor":36,"damage_taken":0},{"event_name":"SensoryStone","player_choice":"Memory 2","floor":38,"damage_taken":0},{"event_name":"Tomb of Lord Red Mask","player_choice":"Paid","floor":41,"damage_taken":0}],"boss_relics":[{"not_picked":["Astrolabe","Lizard Tail"],"picked":"Nuclear Battery"},{"not_picked":["Black Star","Snecko Eye"],"picked":"Runic Dome"}],"potions_floor_spawned":[3,7,13,14,21,27,36,39,46,47],"seed_played":"9034377127662188972","ascension_level":0,"is_trial":false}