{"gold_per_floor":[109,124,199,449,203,235,235,267,267,285,301,301,318,418,418,418],"floor_reached":16,"playtime":469,"items_purged":["Regret"],"score":236,"play_id":"157f9b26-d73e-4492-8cc8-ed30362fa0f2","local_time":"20180707205106","is_ascension_mode":true,"campfire_choices":[{"data":"Neutralize","floor":7,"key":"SMITH"},{"floor":12,"key":"REST"},{"floor":15,"key":"REST"}],"neow_cost":"NONE","seed_source_timestamp":0,"circlet_count":0,"master_deck":["Defend_G","Defend_G","Defend_G","Defend_G","Defend_G","Strike_G","Strike_G","Strike_G","Strike_G","Strike_G","Survivor","Neutralize+1","AscendersBane","Deadly Poison","Quick Slash","Backflip","Quick Slash","Deflect","Terror","Malaise","Quick Slash"],"special_seed":17720,"relics":["Ring of the Snake","NeowsBlessing","Snake Skull","Blue Candle","Oddly Smooth Stone","Happy Flower"],"potions_floor_usage":[13,13],"damage_taken":[{"damage":0,"enemies":"2 Louse","floor":1,"turns":1},{"damage":0,"enemies":"Cultist","floor":2,"turns":1},{"damage":0,"enemies":"Lagavulin","floor":6,"turns":1},{"damage":30,"enemies":"Gremlin Nob","floor":8,"turns":4},{"damage":1,"enemies":"Small Slimes","floor":10,"turns":3},{"damage":0,"enemies":"Looter","floor":11,"turns":3},{"damage":29,"enemies":"Gremlin Gang","floor":13,"turns":5},{"damage":27,"enemies":"Slime Boss","floor":16,"turns":8}],"seed_played":"5952392564398475268","potions_obtained":[{"floor":2,"key":"LiquidBronze"},{"floor":10,"key":"EssenceOfSteel"}],"is_trial":false,"path_per_floor":["M","M","?","?","$","E","R","E","T","M","M","R","M","?","R"],"character_chosen":"THE_SILENT","items_purchased":["Snake Skull","Backflip"],"campfire_rested":2,"item_purchase_floors":[5,5],"current_hp_per_floor":[59,59,48,48,48,48,48,18,18,17,17,36,7,7,26,0],"gold":418,"neow_bonus":"THREE_ENEMY_KILL","is_prod":false,"is_daily":false,"chose_seed":false,"campfire_upgraded":1,"win_rate":0,"timestamp":1531021866,"path_taken":["M","M","?","?","$","E","R","E","T","M","M","R","?","?","R","BOSS"],"build_version":"2018-07-05","purchased_purges":1,"victory":false,"max_hp_per_floor":[66,66,66,66,66,66,66,66,66,66,66,66,66,66,66,66],"card_choices":[{"not_picked":["Acrobatics","Concentrate"],"picked":"Deadly Poison","floor":1},{"not_picked":["Dodge and Roll","Bane"],"picked":"Quick Slash","floor":2},{"not_picked":["Outmaneuver","Slice"],"picked":"Quick Slash","floor":6},{"not_picked":["Well Laid Plans","Prepared"],"picked":"Deflect","floor":8},{"not_picked":["Underhanded Strike","Bullet Time"],"picked":"Terror","floor":10},{"not_picked":["Deflect","PiercingWail"],"picked":"Malaise","floor":11},{"not_picked":["Underhanded Strike","Slice"],"picked":"Quick Slash","floor":13}],"player_experience":360420,"relics_obtained":[{"floor":6,"key":"Blue Candle"},{"floor":8,"key":"Oddly Smooth Stone"},{"floor":9,"key":"Happy Flower"}],"event_choices":[{"event_name":"World of Goop","player_choice":"Gather Gold","floor":3,"damage_taken":0},{"event_name":"Golden Shrine","player_choice":"Desecrate","floor":4,"damage_taken":0},{"event_name":"Wheel of Change","player_choice":"Gold","floor":14,"damage_taken":0}],"boss_relics":[],"items_purged_floors":[5],"is_endless":false,"potions_floor_spawned":[2,10,11],"killed_by":"Slime Boss","ascension_level":15}