{"gold_per_floor":[210,162,174,192,142,174,174,174,201,201,213,242,242,206,206,311,311,323,93,18,36,36,70,70,87,166,166,166],"floor_reached":28,"playtime":1868,"items_purged":["Strike_R"],"score":366,"play_id":"d4673e6b-be5a-4f58-bf97-4d970030752e","local_time":"20190102143605","is_ascension_mode":true,"campfire_choices":[{"floor":7.0,"key":"REST"},{"data":"Demon Form","floor":10.0,"key":"SMITH"},{"data":"Inflame","floor":13.0,"key":"SMITH"},{"data":"Spot Weakness","floor":15.0,"key":"SMITH"},{"data":"Body Slam","floor":24,"key":"SMITH"}],"neow_cost":"NONE","seed_source_timestamp":0,"circlet_count":0,"master_deck":["AscendersBane","Strike_R","Strike_R","Defend_R","Defend_R","Defend_R","Defend_R","Bash","Body Slam+1","True Grit","Metallicize","Shrug It Off","Spot Weakness+1","Demon Form+1","Inflame+1","Carnage","Shrug It Off","Limit Break","RitualDagger"],"special_seed":0,"relics":["Burning Blood","Dream Catcher","Ancient Tea Set","Bag of Preparation","Velvet Choker","Lantern","Juzu Bracelet"],"potions_floor_usage":[23,25,28,28],"damage_taken":[{"damage":8.0,"enemies":"Jaw Worm","floor":1.0,"turns":4.0},{"damage":8.0,"enemies":"2 Louse","floor":3.0,"turns":3.0},{"damage":9.0,"enemies":"Cultist","floor":4.0,"turns":5.0},{"damage":58.0,"enemies":"3 Sentries","floor":6.0,"turns":16.0},{"damage":7.0,"enemies":"Exordium Wildlife","floor":11.0,"turns":5.0},{"damage":4.0,"enemies":"Lagavulin","floor":12.0,"turns":8.0},{"damage":45.0,"enemies":"The Guardian","floor":16.0,"turns":10.0},{"damage":19,"enemies":"Spheric Guardian","floor":18,"turns":5},{"damage":12,"enemies":"3 Byrds","floor":21,"turns":9},{"damage":47,"enemies":"Slavers","floor":23,"turns":8},{"damage":8,"enemies":"Centurion and Healer","floor":25,"turns":8},{"damage":55,"enemies":"Book of Stabbing","floor":28,"turns":6}],"seed_played":"-5016489576254517908","potions_obtained":[{"floor":3.0,"key":"Explosive Potion"},{"floor":11.0,"key":"SkillPotion"},{"floor":16.0,"key":"Energy Potion"},{"floor":21,"key":"Energy Potion"},{"floor":23,"key":"BloodPotion"},{"floor":25,"key":"PowerPotion"}],"is_trial":false,"path_per_floor":["M","$","M","M","?","E","R","?","T","R","M","E","R","$","R","B",null,"M","$","?","M","?","E","R","M","T","?","E"],"character_chosen":"IRONCLAD","items_purchased":["True Grit","Carnage","Lantern"],"campfire_rested":1,"item_purchase_floors":[2,14,19],"current_hp_per_floor":[70,70,68,65,65,13,37,63,63,63,62,64,64,64,64,25,66,53,53,53,47,90,49,49,56,56,50,0],"gold":166,"neow_bonus":"HUNDRED_GOLD","is_prod":false,"is_daily":false,"chose_seed":false,"campfire_upgraded":4,"win_rate":0,"timestamp":1546461365,"path_taken":["M","$","M","M","?","E","R","?","T","R","M","E","R","$","R","BOSS","M","$","?","M","?","E","R","M","T","?","E"],"build_version":"2018-12-20","purchased_purges":1,"victory":false,"max_hp_per_floor":[80,80,80,80,80,80,80,80,80,80,80,80,80,80,80,80,80,80,80,80,80,90,90,90,90,90,90,90],"card_choices":[{"not_picked":["Thunderclap","Anger"],"picked":"Body Slam","floor":1.0},{"not_picked":["Sever Soul","Clothesline"],"picked":"Metallicize","floor":3.0},{"not_picked":["Sword Boomerang","Wild Strike"],"picked":"Shrug It Off","floor":4.0},{"not_picked":["Rupture","Sword Boomerang"],"picked":"Spot Weakness","floor":6.0},{"not_picked":["Heavy Blade","True Grit"],"picked":"Demon Form","floor":7.0},{"not_picked":["Thunderclap","Havoc","Rage"],"picked":"SKIP","floor":11.0},{"not_picked":["Thunderclap","Rage"],"picked":"Inflame","floor":12.0},{"not_picked":["Double Tap","Impervious"],"picked":"Barricade","floor":16.0},{"not_picked":["Iron Wave","Body Slam"],"picked":"Shrug It Off","floor":18},{"not_picked":["Sentinel","Perfected Strike+1","Thunderclap"],"picked":"SKIP","floor":21},{"not_picked":["Perfected Strike","Rampage","Body Slam"],"picked":"SKIP","floor":23},{"not_picked":["Cleave","Intimidate"],"picked":"Limit Break","floor":25}],"player_experience":370131,"relics_obtained":[{"floor":6.0,"key":"Dream Catcher"},{"floor":9.0,"key":"Ancient Tea Set"},{"floor":12.0,"key":"Bag of Preparation"},{"floor":23,"key":"Juzu Bracelet"}],"event_choices":[{"cards_removed":["Strike_R"],"damage_healed":0.0,"max_hp_gain":0.0,"max_hp_loss":0.0,"gold_gain":0.0,"event_name":"The Cleric","player_choice":"Card Removal","floor":5.0,"gold_loss":50.0,"damage_taken":0.0},{"damage_healed":26.0,"max_hp_gain":0.0,"max_hp_loss":0.0,"gold_gain":0.0,"event_name":"Big Fish","player_choice":"Banana","floor":8.0,"gold_loss":0.0,"damage_taken":0.0},{"cards_removed":["Strike_R"],"damage_healed":0,"gold_gain":0,"player_choice":"Gave Gold","damage_taken":0,"max_hp_gain":0,"max_hp_loss":0,"event_name":"Beggar","floor":20,"gold_loss":75},{"cards_removed":["Barricade"],"damage_healed":33,"gold_gain":0,"player_choice":"Offered Rare","damage_taken":0,"max_hp_gain":10,"max_hp_loss":0,"event_name":"Bonfire Elementals","floor":22,"gold_loss":0},{"damage_healed":0,"gold_gain":0,"player_choice":"Joined the Cult","damage_taken":6,"max_hp_gain":0,"max_hp_loss":0,"event_name":"Nest","floor":27,"gold_loss":0,"cards_obtained":["RitualDagger"]}],"is_beta":false,"boss_relics":[{"not_picked":["Eternal Feather","Black Blood"],"picked":"Velvet Choker"}],"items_purged_floors":[19],"is_endless":false,"potions_floor_spawned":[3,11,16,21,23,25],"killed_by":"Book of Stabbing","ascension_level":10}