{"gold_per_floor":[116,41,55,105,115,115,140,140,140,155,187,203,213,543,543,617,617,617,617,617,617,617,617,617,617,617,617,617,617,268,268,268,268],"floor_reached":33,"playtime":1462,"items_purged":["Writhe"],"score":595,"play_id":"751e2a2a-613a-4dcd-9456-5f8ee2d22e42","local_time":"20190318230057","is_ascension_mode":true,"campfire_choices":[{"data":"Zap","floor":6,"key":"SMITH"},{"data":"Go for the Eyes","floor":8,"key":"SMITH"},{"data":"Doom and Gloom","floor":15,"key":"SMITH"},{"data":"Defragment","floor":24,"key":"SMITH"},{"data":"Sunder","floor":27,"key":"SMITH"},{"data":"Stack","floor":29,"key":"SMITH"},{"floor":32,"key":"REST"}],"neow_cost":"NONE","seed_source_timestamp":90707126944234,"circlet_count":0,"master_deck":["AscendersBane","Strike_B","Strike_B","Strike_B","Defend_B","Defend_B","Defend_B","Defend_B","Zap+1","Dualcast","Ball Lightning","Sunder+1","Ball Lightning","Go for the Eyes+1","Self Repair","Doom and Gloom+1","Core Surge","Leap","Electrodynamics","Rainbow","Stack+1","Defragment+1"],"relics":["Cracked Core","Dream Catcher","Meat on the Bone","Anchor","Old Coin","Ectoplasm","Dodecahedron","Orichalcum","Potion Belt","Bronze Scales","Membership Card","Vajra"],"potions_floor_usage":[11,11,21,23,23,33],"damage_taken":[{"damage":0,"enemies":"Cultist","floor":1,"turns":3},{"damage":0,"enemies":"2 Louse","floor":3,"turns":3},{"damage":2,"enemies":"Small Slimes","floor":5,"turns":3},{"damage":35,"enemies":"Lagavulin","floor":7,"turns":4},{"damage":3,"enemies":"3 Louse","floor":10,"turns":3},{"damage":8,"enemies":"Gremlin Nob","floor":11,"turns":3},{"damage":0,"enemies":"2 Fungi Beasts","floor":12,"turns":2},{"damage":9,"enemies":"Blue Slaver","floor":13,"turns":3},{"damage":21,"enemies":"3 Sentries","floor":14,"turns":5},{"damage":38,"enemies":"Slime Boss","floor":16,"turns":5},{"damage":10,"enemies":"Chosen","floor":18,"turns":4},{"damage":1,"enemies":"Spheric Guardian","floor":20,"turns":3},{"damage":0,"enemies":"Chosen and Byrds","floor":21,"turns":5},{"damage":21,"enemies":"Book of Stabbing","floor":23,"turns":5},{"damage":39,"enemies":"Slavers","floor":28,"turns":3},{"damage":4,"enemies":"Centurion and Healer","floor":31,"turns":3},{"damage":86,"enemies":"Automaton","floor":33,"turns":8}],"seed_played":"-5201116858328747507","potions_obtained":[{"floor":1,"key":"PowerPotion"},{"floor":7,"key":"Ancient Potion"},{"floor":11,"key":"Weak Potion"},{"floor":18,"key":"Block Potion"},{"floor":21,"key":"Swift Potion"},{"floor":31,"key":"SpeedPotion"}],"is_trial":false,"path_per_floor":["M","?","M","?","M","R","E","R","T","M","E","M","M","E","R","B",null,"M","?","M","M","?","E","R","?","T","R","E","R","$","M","R","B"],"character_chosen":"DEFECT","items_purchased":["Membership Card","Vajra"],"campfire_rested":1,"item_purchase_floors":[30,30],"current_hp_per_floor":[71,71,71,71,69,69,34,34,34,43,47,47,57,48,48,22,64,61,61,67,74,74,60,60,60,60,60,40,40,40,48,71,0],"gold":268,"neow_bonus":"TEN_PERCENT_HP_BONUS","is_prod":false,"is_daily":false,"chose_seed":false,"campfire_upgraded":6,"win_rate":0,"timestamp":1552968057,"path_taken":["M","?","M","?","M","R","E","R","T","M","E","?","M","E","R","BOSS","M","?","M","M","?","E","R","?","T","R","E","R","$","M","R","BOSS"],"build_version":"2019-01-23","purchased_purges":1,"victory":false,"max_hp_per_floor":[78,78,78,78,78,78,78,78,78,78,78,78,78,78,78,78,78,78,78,78,78,78,78,78,78,78,78,78,78,78,78,78,78],"card_choices":[{"not_picked":["Chill","Redo"],"picked":"Ball Lightning","floor":1},{"not_picked":["Stack","Beam Cell"],"picked":"Sunder","floor":3},{"not_picked":["Rebound","Auto Shields"],"picked":"Ball Lightning","floor":5},{"not_picked":["Ball Lightning","Hologram"],"picked":"Go for the Eyes","floor":7},{"not_picked":["Hologram","Rebound"],"picked":"Self Repair","floor":10},{"not_picked":["Compile Driver","FTL"],"picked":"Doom and Gloom","floor":11},{"not_picked":["Coolheaded","Turbo"],"picked":"Core Surge","floor":12},{"not_picked":["Beam Cell","Streamline"],"picked":"Leap","floor":13},{"not_picked":["Reinforced Body","Double Energy"],"picked":"Electrodynamics","floor":14},{"not_picked":["Creative AI","Electrodynamics"],"picked":"Rainbow","floor":16},{"not_picked":["Hello World","Go for the Eyes"],"picked":"Stack","floor":18},{"not_picked":["Compile Driver+1","Coolheaded"],"picked":"Defragment","floor":20},{"not_picked":["Leap","Barrage","Meteor Strike"],"picked":"SKIP","floor":21},{"not_picked":["Rebound","Leap","Stack"],"picked":"SKIP","floor":23},{"not_picked":["Rip and Tear","Go for the Eyes","Auto Shields"],"picked":"SKIP","floor":28},{"not_picked":["Cold Snap","Rebound","Reboot"],"picked":"SKIP","floor":31}],"player_experience":609600,"relics_obtained":[{"floor":7,"key":"Dream Catcher"},{"floor":9,"key":"Meat on the Bone"},{"floor":11,"key":"Anchor"},{"floor":14,"key":"Old Coin"},{"floor":23,"key":"Orichalcum"},{"floor":26,"key":"Potion Belt"},{"floor":28,"key":"Bronze Scales"}],"event_choices":[{"cards_removed":["Strike_B"],"damage_healed":0,"gold_gain":0,"player_choice":"Card Removal","damage_taken":0,"max_hp_gain":0,"max_hp_loss":0,"event_name":"The Cleric","floor":2,"gold_loss":75},{"damage_healed":0,"gold_gain":50,"player_choice":"Pray","damage_taken":0,"max_hp_gain":0,"max_hp_loss":0,"event_name":"Golden Shrine","floor":4,"gold_loss":0},{"damage_healed":0,"gold_gain":50,"player_choice":"Stole From Cult","damage_taken":0,"max_hp_gain":0,"max_hp_loss":0,"event_name":"Nest","floor":19,"gold_loss":0},{"damage_healed":0,"gold_gain":0,"player_choice":"Opened","damage_taken":0,"relics_obtained":["Dodecahedron"],"max_hp_gain":0,"max_hp_loss":0,"event_name":"The Mausoleum","floor":22,"gold_loss":0,"cards_obtained":["Writhe"]},{"damage_healed":0,"gold_gain":0,"player_choice":"Ignored","damage_taken":0,"max_hp_gain":0,"max_hp_loss":0,"event_name":"Ghosts","floor":25,"gold_loss":0}],"is_beta":false,"boss_relics":[{"not_picked":["Eternal Feather","White Beast Statue"],"picked":"Ectoplasm"}],"items_purged_floors":[30],"is_endless":false,"potions_floor_spawned":[1,7,10,11,18,21,31],"killed_by":"Automaton","ascension_level":19}