{"gold_per_floor":[116,130,149,162,13,13,62,62,62,62,95,95,95,109,109,209,209,227,142,157,256,273,273,300,318,318,336,114,114,114,127,127,227,227,247,1246,1260,92,103,103,121,156,168,180,207,219,35,65,65,65],"floor_reached":51,"playtime":3293,"items_purged":["Strike_B","Normality"],"score":1060,"play_id":"e32f31d6-26db-4259-9bc1-00a57348b039","local_time":"20180916171959","is_ascension_mode":true,"campfire_choices":[{"floor":6,"key":"REST"},{"floor":8,"key":"REST"},{"floor":12,"key":"REST"},{"data":"Static Discharge","floor":15,"key":"SMITH"},{"data":"Storm","floor":23,"key":"SMITH"},{"floor":32,"key":"REST"},{"floor":40,"key":"REST"},{"data":"Buffer","floor":44,"key":"SMITH"},{"data":"Force Field","floor":46,"key":"SMITH"},{"data":"Defragment","floor":49,"key":"SMITH"}],"neow_cost":"NONE","seed_source_timestamp":100157780168252,"circlet_count":0,"master_deck":["Dualcast+1","Static Discharge+1","White Noise","White Noise","Defragment+1","White Noise","Storm+1","Deep Breath","Seek","Force Field+1","BootSequence+1","Buffer+1","Meteor Strike","Hologram","Hologram","Cold Snap","Tempest+1","Normality","Mayhem","Coolheaded+1","Discovery+1","Coolheaded+1","Glacier+1","Melter+1"],"relics":["Cracked Core","Centennial Puzzle","Gremlin Horn","DataDisk","Empty Cage","Mummified Hand","Letter Opener","FossilizedHelix","Nilry\u0027s Codex","Pandora\u0027s Box","TheAbacus","Toxic Egg 2","Molten Egg 2","MawBank","Regal Pillow","PrismaticShard","War Paint"],"potions_floor_usage":[11,11,16,18,24,27,33,33,42,48,48],"damage_taken":[{"damage":1,"enemies":"Cultist","floor":1,"turns":4},{"damage":4,"enemies":"2 Louse","floor":2,"turns":2},{"damage":14,"enemies":"Small Slimes","floor":3,"turns":3},{"damage":14,"enemies":"Exordium Wildlife","floor":4,"turns":4},{"damage":25,"enemies":"3 Sentries","floor":11,"turns":5},{"damage":0,"enemies":"Large Slime","floor":14,"turns":5},{"damage":0,"enemies":"Slime Boss","floor":16,"turns":5},{"damage":16,"enemies":"Shell Parasite","floor":18,"turns":3},{"damage":6,"enemies":"Spheric Guardian","floor":20,"turns":3},{"damage":1,"enemies":"Chosen and Byrds","floor":22,"turns":3},{"damage":15,"enemies":"Gremlin Leader","floor":24,"turns":4},{"damage":1,"enemies":"Centurion and Healer","floor":25,"turns":2},{"damage":16,"enemies":"Snake Plant","floor":27,"turns":3},{"damage":0,"enemies":"Snecko","floor":31,"turns":3},{"damage":28,"enemies":"Champ","floor":33,"turns":7},{"damage":0,"enemies":"Orb Walker","floor":35,"turns":2},{"damage":14,"enemies":"3 Shapes","floor":37,"turns":4},{"damage":0,"enemies":"Transient","floor":39,"turns":5},{"damage":0,"enemies":"Reptomancer","floor":41,"turns":4},{"damage":0,"enemies":"Nemesis","floor":42,"turns":7},{"damage":0,"enemies":"Maw","floor":45,"turns":5},{"damage":0,"enemies":"2 Orb Walkers","floor":48,"turns":4},{"damage":1,"enemies":"Time Eater","floor":50,"turns":9}],"seed_played":"-7814941682727164331","potions_obtained":[{"floor":0,"key":"AttackPotion"},{"floor":0,"key":"FearPotion"},{"floor":0,"key":"Fire Potion"},{"floor":11,"key":"SkillPotion"},{"floor":14,"key":"Ancient Potion"},{"floor":20,"key":"SkillPotion"},{"floor":22,"key":"Energy Potion"},{"floor":25,"key":"Dexterity Potion"},{"floor":33,"key":"Strength Potion"},{"floor":37,"key":"EssenceOfSteel"},{"floor":42,"key":"Fire Potion"},{"floor":45,"key":"Regen Potion"}],"is_trial":false,"path_per_floor":["M","M","M","M","$","R","T","R","T","?","E","R","?","M","R","B",null,"M","?","M","?","M","R","E","M","T","M","$","?","?","M","R","B",null,"M","?","M","$","M","R","M","E","T","R","M","R","$","E","R","B"],"character_chosen":"DEFECT","items_purchased":["Defragment","White Noise","Buffer","Mayhem","TheAbacus","Toxic Egg 2","Molten Egg 2","Coolheaded+1","Explosive Potion","Discovery+1","PrismaticShard"],"campfire_rested":5,"item_purchase_floors":[5,5,28,38,38,38,38,38,38,38,47],"current_hp_per_floor":[67,63,49,35,35,57,57,75,75,75,57,75,75,75,75,75,75,59,59,60,60,59,59,58,57,57,48,48,48,32,32,54,26,63,63,63,49,49,49,71,71,71,71,71,71,71,71,75,75,75],"gold":65,"neow_bonus":"THREE_SMALL_POTIONS","is_prod":false,"is_daily":false,"chose_seed":false,"campfire_upgraded":5,"win_rate":0,"timestamp":1537111199,"path_taken":["M","M","M","M","$","R","?","R","T","?","E","R","?","M","R","BOSS","M","?","M","?","M","R","E","M","T","?","$","?","?","M","R","BOSS","M","?","M","$","M","R","M","E","T","R","?","R","$","E","R","BOSS"],"build_version":"2018-09-06","purchased_purges":2,"victory":true,"max_hp_per_floor":[75,75,75,75,75,75,75,75,75,75,75,75,75,75,75,75,75,75,75,75,75,75,75,75,75,75,75,75,75,75,75,75,75,75,75,75,75,75,75,75,75,75,75,75,75,75,75,75,75,75],"card_choices":[{"not_picked":["Gash","Force Field"],"picked":"Static Discharge","floor":1},{"not_picked":["Streamline","Capacitor"],"picked":"White Noise","floor":2},{"not_picked":["Leap","Aggregate"],"picked":"White Noise","floor":3},{"not_picked":["Streamline","Force Field","Hologram"],"picked":"SKIP","floor":4},{"not_picked":["Reinforced Body","Auto Shields"],"picked":"Storm","floor":11},{"not_picked":["Cold Snap","Genetic Algorithm","Beam Cell"],"picked":"SKIP","floor":14},{"not_picked":["Echo Form","Meteor Strike"],"picked":"Seek","floor":16},{"not_picked":["Reprogram","Go for the Eyes"],"picked":"Force Field","floor":18},{"not_picked":["Fusion","Gash+1"],"picked":"BootSequence+1","floor":20},{"not_picked":["Turbo","Coolheaded","Gash"],"picked":"SKIP","floor":22},{"not_picked":["Beam Cell+1","Streamline","Hologram"],"picked":"SKIP","floor":24},{"not_picked":["Hello World","Redo","Aggregate"],"picked":"SKIP","floor":25},{"not_picked":["Compile Driver","Conserve Battery","Blizzard+1"],"picked":"SKIP","floor":27},{"not_picked":["Cold Snap+1","Multi-Cast","Sweeping Beam"],"picked":"SKIP","floor":31},{"not_picked":["Biased Cognition","All For One"],"picked":"Meteor Strike","floor":33},{"not_picked":["Coolheaded","Beam Cell+1","Stack+1"],"picked":"SKIP","floor":35},{"not_picked":["Stack+1","Tempest+1","Barrage"],"picked":"SKIP","floor":37},{"not_picked":["Barrage+1","Hello World+1"],"picked":"Coolheaded+1","floor":39},{"not_picked":["Go for the Eyes+1","Sweeping Beam+1","Rebound+1"],"picked":"SKIP","floor":41},{"not_picked":["Turbo+1","Barrage+1"],"picked":"Glacier+1","floor":42},{"not_picked":["Coolheaded+1","Self Repair+1"],"picked":"Melter+1","floor":45},{"not_picked":["Deflect+1","Heavy Blade+1","Doppelganger+1"],"picked":"SKIP","floor":48}],"player_experience":236691,"relics_obtained":[{"floor":7,"key":"Centennial Puzzle"},{"floor":9,"key":"Gremlin Horn"},{"floor":11,"key":"DataDisk"},{"floor":24,"key":"Letter Opener"},{"floor":26,"key":"FossilizedHelix"},{"floor":30,"key":"Nilry\u0027s Codex"},{"floor":42,"key":"MawBank"},{"floor":43,"key":"Regal Pillow"},{"floor":48,"key":"War Paint"}],"event_choices":[{"event_name":"Purifier","player_choice":"One Purge","floor":10,"damage_taken":0},{"event_name":"Match and Keep!","player_choice":"1 cards matched","floor":13,"damage_taken":0},{"event_name":"Addict","player_choice":"Obtained Relic","floor":19,"damage_taken":0},{"event_name":"Nest","player_choice":"Stole From Cult","floor":21,"damage_taken":0},{"event_name":"Bonfire Elementals","player_choice":"BASIC","floor":29,"damage_taken":0},{"event_name":"Cursed Tome","player_choice":"Obtained Book","floor":30,"damage_taken":0},{"event_name":"MindBloom","player_choice":"Gold","floor":36,"damage_taken":0}],"is_beta":false,"boss_relics":[{"not_picked":["Orrery","Eternal Feather"],"picked":"Empty Cage"},{"not_picked":["FrozenCore","Fusion Hammer"],"picked":"Pandora\u0027s Box"}],"items_purged_floors":[28,38],"is_endless":false,"potions_floor_spawned":[3,4,11,14,20,22,25,33,37,42,45],"ascension_level":6}