{"gold_per_floor":[119,133,145,145,159,231,251,270,343,343,343,343,353,373,373,445,445,456,456,456,159,177,177,193,193,193,193,7,7,7,23,23,94,94,104,117,134,9,9,9,9],"floor_reached":41,"playtime":2516,"items_purged":["Writhe","Strike_B","Defend_B"],"score":693,"play_id":"144bf240-3fe8-4e5e-8eb8-e81a3279bd07","local_time":"20180923194041","is_ascension_mode":true,"campfire_choices":[{"floor":10,"key":"REST"},{"floor":12,"key":"REST"},{"floor":15,"key":"REST"},{"data":"Consume","floor":23,"key":"SMITH"},{"floor":25,"key":"REST"},{"data":"Loop","floor":27,"key":"SMITH"},{"data":"Defragment","floor":29,"key":"SMITH"},{"floor":32,"key":"REST"},{"data":"Self Repair","floor":40,"key":"SMITH"}],"neow_cost":"NONE","seed_source_timestamp":0,"circlet_count":0,"master_deck":["Strike_B","Strike_B","Strike_B","Defend_B","Defend_B","Defend_B","Zap+1","Dualcast","AscendersBane","Loop+1","White Noise","Coolheaded","Coolheaded","Self Repair+1","Electrodynamics","Reinforced Body+1","Ball Lightning","Consume+1","White Noise","Defragment+1","Amplify","Conserve Battery+1"],"special_seed":0,"relics":["Cracked Core","Gremlin Horn","Symbiotic Virus","Velvet Choker","Omamori","Boot","Vajra","Bag of Marbles","Eternal Feather"],"potions_floor_usage":[13,16,22,22],"damage_taken":[{"damage":1.0,"enemies":"Cultist","floor":1.0,"turns":3.0},{"damage":4.0,"enemies":"Jaw Worm","floor":2.0,"turns":3.0},{"damage":8.0,"enemies":"2 Louse","floor":3.0,"turns":2.0},{"damage":15,"enemies":"Exordium Wildlife","floor":5,"turns":6},{"damage":7,"enemies":"Looter","floor":7,"turns":3},{"damage":22,"enemies":"Blue Slaver","floor":8,"turns":5},{"damage":0,"enemies":"2 Fungi Beasts","floor":13,"turns":2},{"damage":29,"enemies":"Exordium Wildlife","floor":14,"turns":4},{"damage":33,"enemies":"Slime Boss","floor":16,"turns":5},{"damage":25,"enemies":"Shell Parasite","floor":18,"turns":11},{"damage":9,"enemies":"3 Byrds","floor":22,"turns":4},{"damage":33,"enemies":"Snake Plant","floor":24,"turns":3},{"damage":3,"enemies":"Sentry and Sphere","floor":31,"turns":5},{"damage":65,"enemies":"Champ","floor":33,"turns":12},{"damage":7,"enemies":"3 Darklings","floor":35,"turns":3},{"damage":12,"enemies":"Orb Walker","floor":36,"turns":4},{"damage":23,"enemies":"Reptomancer","floor":37,"turns":4},{"damage":59,"enemies":"Maw","floor":41,"turns":11}],"seed_played":"4083659277850616895","potions_obtained":[{"floor":1.0,"key":"SneckoOil"},{"floor":2.0,"key":"Strength Potion"},{"floor":5,"key":"Explosive Potion"},{"floor":13,"key":"Strength Potion"},{"floor":16,"key":"FocusPotion"},{"floor":18,"key":"Regen Potion"},{"floor":33,"key":"Dexterity Potion"}],"is_trial":false,"path_per_floor":["M","M","M","?","M","T","M","M","T","R","?","R","M","M","R","B",null,"M","?","?","$","M","R","M","R","T","R","$","R","?","M","R","B",null,"M","M","M","$","?","R"],"character_chosen":"DEFECT","items_purchased":["Vajra","Ball Lightning","Defragment"],"campfire_rested":5,"item_purchase_floors":[21,21,28],"current_hp_per_floor":[70,66,58,58,43,43,36,14,14,37,37,60,60,38,61,35,67,49,49,49,49,59,59,33,56,56,56,56,56,56,60,78,27,65,65,60,44,44,44,56,0],"gold":9,"neow_bonus":"TEN_PERCENT_HP_BONUS","is_prod":false,"is_daily":false,"chose_seed":false,"campfire_upgraded":4,"win_rate":0,"timestamp":1537724441,"path_taken":["M","?","M","?","M","?","M","M","T","R","?","R","M","?","R","BOSS","M","?","?","$","M","R","M","R","T","R","$","R","?","M","R","BOSS","M","M","M","$","?","R","?"],"build_version":"2018-09-20","purchased_purges":3,"victory":false,"max_hp_per_floor":[78,78,78,78,78,78,78,78,78,78,78,78,78,78,78,78,78,78,78,78,78,78,78,78,78,78,78,78,78,78,78,78,78,78,78,78,78,78,74,74,74],"card_choices":[{"not_picked":["Beam Cell","Compile Driver"],"picked":"Loop","floor":1.0},{"not_picked":["Turbo","Recycle","Genetic Algorithm"],"picked":"SKIP","floor":2.0},{"not_picked":["Steam","Sweeping Beam","Hologram"],"picked":"SKIP","floor":3.0},{"not_picked":["Steam","Beam Cell"],"picked":"White Noise","floor":5},{"not_picked":["Compile Driver","Seek"],"picked":"Coolheaded","floor":7},{"not_picked":["Redo","Turbo"],"picked":"Coolheaded","floor":8},{"not_picked":["Darkness","Streamline"],"picked":"Self Repair","floor":13},{"not_picked":["Redo","Cold Snap","Rebound"],"picked":"SKIP","floor":14},{"not_picked":["All For One","Fission"],"picked":"Electrodynamics","floor":16},{"not_picked":["Leap+1","Compile Driver"],"picked":"Reinforced Body+1","floor":18},{"not_picked":["Rebound","Hologram"],"picked":"Consume","floor":22},{"not_picked":["Storm","Ball Lightning"],"picked":"White Noise","floor":24},{"not_picked":["Beam Cell","Redo","Stack"],"picked":"SKIP","floor":31},{"not_picked":["Seek","Machine Learning"],"picked":"Amplify","floor":33},{"not_picked":["Sweeping Beam","Storm","Streamline+1"],"picked":"SKIP","floor":35},{"not_picked":["Undo","Hello World","Aggregate"],"picked":"SKIP","floor":36},{"not_picked":["Force Field","Barrage"],"picked":"Conserve Battery+1","floor":37}],"player_experience":586488,"relics_obtained":[{"floor":6,"key":"Gremlin Horn"},{"floor":9,"key":"Symbiotic Virus"},{"floor":26,"key":"Bag of Marbles"}],"event_choices":[{"event_name":"Liars Game","player_choice":"disagreed","floor":4.0,"damage_taken":0.0},{"event_name":"Living Wall","player_choice":"Grow","floor":11,"damage_taken":0},{"event_name":"The Mausoleum","player_choice":"Yes","floor":19,"damage_taken":0},{"event_name":"Addict","player_choice":"Stole Relic","floor":20,"damage_taken":0},{"event_name":"Beggar","player_choice":"Ignored","floor":30,"damage_taken":0},{"event_name":"Winding Halls","player_choice":"Max HP","floor":39,"damage_taken":0}],"is_beta":false,"boss_relics":[{"not_picked":["Runic Dome","Ectoplasm"],"picked":"Velvet Choker"},{"not_picked":["Orrery","Fusion Hammer"],"picked":"Eternal Feather"}],"items_purged_floors":[21,28,38],"is_endless":false,"potions_floor_spawned":[1,2,5,13,16,18,33],"killed_by":"Maw","ascension_level":16}