{"gold_per_floor":[109,109,129,129,29,29,64,64,64,100,100,118,142,158,158,289,289,275,200,200,213,213,213,232,232,257,278,312,312,332,332,332,332],"floor_reached":33,"playtime":1864,"items_purged":[],"score":465,"play_id":"7d525781-aeea-4a50-b5c3-7fe95892dbac","local_time":"20181227103540","is_ascension_mode":true,"campfire_choices":[{"data":"Streamline","floor":6,"key":"SMITH"},{"data":"Defragment","floor":8,"key":"SMITH"},{"floor":11,"key":"RECALL"},{"data":"Zap","floor":15,"key":"SMITH"},{"data":"Self Repair","floor":23,"key":"SMITH"},{"floor":29,"key":"REST"},{"floor":32,"key":"REST"}],"neow_cost":"NONE","seed_source_timestamp":650941629410348,"circlet_count":0,"master_deck":["AscendersBane","Defend_B","Defend_B","Defend_B","Defend_B","Zap+1","Dualcast","Flash of Steel","Zap","Streamline+1","Defragment+1","Cold Snap","Sweeping Beam","BootSequence","Core Surge","Ball Lightning","Defragment","Sweeping Beam","Steam","Hologram+1","Self Repair+1","Core Surge","FTL+1","Seek","Creative AI","Electrodynamics","Leap+1","Hello World+1"],"relics":["Cracked Core","NeowsBlessing","Golden Idol","Ornamental Fan","Thread and Needle","Orrery","Bag of Marbles","Darkstone Periapt","Letter Opener"],"potions_floor_usage":[10,13,16,24,27,28],"damage_taken":[{"damage":0,"enemies":"2 Louse","floor":1,"turns":1},{"damage":0,"enemies":"Cultist","floor":3,"turns":1},{"damage":0,"enemies":"Gremlin Nob","floor":7,"turns":1},{"damage":22,"enemies":"3 Sentries","floor":10,"turns":9},{"damage":3,"enemies":"Small Slimes","floor":12,"turns":3},{"damage":3,"enemies":"Exordium Wildlife","floor":13,"turns":4},{"damage":0,"enemies":"Looter","floor":14,"turns":3},{"damage":3,"enemies":"The Guardian","floor":16,"turns":11},{"damage":13,"enemies":"2 Thieves","floor":18,"turns":4},{"damage":5,"enemies":"Chosen","floor":21,"turns":5},{"damage":26,"enemies":"3 Cultists","floor":24,"turns":4},{"damage":0,"enemies":"Chosen and Byrds","floor":27,"turns":6},{"damage":15,"enemies":"Slavers","floor":28,"turns":4},{"damage":16,"enemies":"Cultist and Chosen","floor":30,"turns":5},{"damage":68,"enemies":"Collector","floor":33,"turns":9}],"seed_played":"-5809998694916521553","potions_obtained":[{"floor":3,"key":"SpeedPotion"},{"floor":7,"key":"SpeedPotion"},{"floor":10,"key":"Block Potion"},{"floor":13,"key":"Poison Potion"},{"floor":14,"key":"Fire Potion"},{"floor":21,"key":"Explosive Potion"},{"floor":24,"key":"Explosive Potion"},{"floor":30,"key":"Energy Potion"}],"is_trial":false,"path_per_floor":["M","?","M","?","$","R","E","R","T","E","R","M","M","M","R","B",null,"M","?","?","M","?","R","M","?","T","M","E","R","M","?","R","B"],"character_chosen":"DEFECT","items_purchased":["Defragment","Cold Snap"],"campfire_rested":2,"item_purchase_floors":[5,5],"current_hp_per_floor":[68,68,68,68,68,68,68,68,68,46,46,43,40,40,40,37,61,48,48,48,50,50,50,34,34,34,44,29,49,43,43,63,0],"gold":332,"neow_bonus":"THREE_ENEMY_KILL","is_prod":false,"is_daily":false,"chose_seed":false,"campfire_upgraded":4,"win_rate":0,"timestamp":1545928540,"path_taken":["M","?","?","?","$","R","E","R","T","E","R","M","M","M","R","BOSS","M","?","?","?","?","R","?","?","T","M","E","R","M","?","R","BOSS"],"build_version":"2018-12-20","purchased_purges":0,"victory":false,"max_hp_per_floor":[75,75,75,69,69,69,69,69,69,69,69,69,69,69,69,69,69,69,69,69,69,69,69,69,69,69,69,69,69,69,69,69,69],"card_choices":[{"not_picked":["Barrage","Redo","Rebound"],"picked":"SKIP","floor":1},{"not_picked":["Auto Shields","Reboot"],"picked":"Streamline","floor":3},{"not_picked":["Thunder Strike","Reprogram"],"picked":"Sweeping Beam","floor":7},{"not_picked":["Streamline","Barrage","Recycle"],"picked":"SKIP","floor":10},{"not_picked":["Streamline","Barrage","Recycle"],"picked":"SKIP","floor":10},{"not_picked":["Go for the Eyes","Redo","Turbo"],"picked":"SKIP","floor":12},{"not_picked":["Sweeping Beam","Doom and Gloom"],"picked":"BootSequence","floor":13},{"not_picked":["White Noise","Capacitor","Streamline"],"picked":"SKIP","floor":14},{"not_picked":["Creative AI","Multi-Cast"],"picked":"Core Surge","floor":16},{"not_picked":["Barrage","Chaos"],"picked":"Ball Lightning","floor":17},{"not_picked":["Auto Shields","Lockon"],"picked":"Defragment","floor":17},{"not_picked":["Turbo","Gash"],"picked":"Sweeping Beam","floor":17},{"not_picked":["Barrage","Turbo"],"picked":"Steam","floor":17},{"not_picked":["Sweeping Beam","Go for the Eyes"],"picked":"Hologram+1","floor":18},{"not_picked":["Beam Cell","Stack+1","Doom and Gloom"],"picked":"SKIP","floor":21},{"not_picked":["Sweeping Beam","Streamline+1"],"picked":"FTL+1","floor":24},{"not_picked":["Conserve Battery+1","Barrage+1"],"picked":"Electrodynamics","floor":27},{"not_picked":["Reprogram","Rebound"],"picked":"Leap+1","floor":28},{"not_picked":["Darkness","Streamline"],"picked":"Hello World+1","floor":30}],"player_experience":300483,"relics_obtained":[{"floor":7,"key":"Ornamental Fan"},{"floor":10,"key":"Thread and Needle"},{"floor":26,"key":"Bag of Marbles"},{"floor":28,"key":"Darkstone Periapt"}],"event_choices":[{"damage_healed":0,"gold_gain":0,"player_choice":"2 cards matched","damage_taken":0,"max_hp_gain":0,"max_hp_loss":0,"event_name":"Match and Keep!","floor":2,"gold_loss":0,"cards_obtained":["Flash of Steel","Zap"]},{"damage_healed":0,"gold_gain":0,"player_choice":"Lose Max HP","damage_taken":0,"relics_obtained":["Golden Idol"],"max_hp_gain":0,"max_hp_loss":6,"event_name":"Golden Idol","floor":4,"gold_loss":0},{"cards_removed":["Strike_B"],"damage_healed":0,"gold_gain":0,"player_choice":"Gave Gold","damage_taken":0,"max_hp_gain":0,"max_hp_loss":0,"event_name":"Beggar","floor":19,"gold_loss":75},{"damage_healed":0,"gold_gain":0,"cards_transformed":["Strike_B"],"player_choice":"Transformed","damage_taken":0,"max_hp_gain":0,"max_hp_loss":0,"event_name":"Transmorgrifier","floor":20,"gold_loss":0,"cards_obtained":["Self Repair"]},{"damage_healed":0,"gold_gain":0,"player_choice":"Copied","damage_taken":0,"max_hp_gain":0,"max_hp_loss":0,"event_name":"Duplicator","floor":22,"gold_loss":0,"cards_obtained":["Core Surge"]},{"damage_healed":0,"gold_gain":0,"cards_transformed":["Strike_B","Strike_B"],"player_choice":"Became Test Subject","damage_taken":0,"max_hp_gain":0,"max_hp_loss":0,"event_name":"Drug Dealer","floor":25,"gold_loss":0,"cards_obtained":["Seek","Creative AI"]},{"damage_healed":0,"gold_gain":0,"player_choice":"Gave Potion","damage_taken":0,"relics_obtained":["Letter Opener"],"max_hp_gain":0,"max_hp_loss":0,"event_name":"WeMeetAgain","floor":31,"gold_loss":0}],"is_beta":false,"boss_relics":[{"not_picked":["Empty Cage","Inserter"],"picked":"Orrery"}],"items_purged_floors":[],"is_endless":false,"potions_floor_spawned":[3,7,10,13,14,21,24,30],"killed_by":"Collector","ascension_level":11}