{"gold_per_floor":[114,129,79,94,94,124,124,124,179,179,179,194,209,224,224,324,324,339,339,354,354,369,369,399,399,424,439,454,469,484,4,4,4],"floor_reached":33,"playtime":980,"items_purged":["Shame"],"score":296,"play_id":"bca2f2a9-3afe-473c-90e8-b14dab7ddef2","local_time":"20190213141422","daily_mods":["Cursed Run","Uncertain Future","Night Terrors"],"is_ascension_mode":false,"campfire_choices":[{"data":"Headbutt","floor":7,"key":"SMITH"},{"data":"Bash","floor":10,"key":"SMITH"},{"data":"Sword Boomerang","floor":15,"key":"SMITH"},{"data":"Rage","floor":23,"key":"SMITH"},{"data":"Limit Break","floor":25,"key":"SMITH"},{"data":"Searing Blow+1","floor":32,"key":"SMITH"}],"neow_cost":"","seed_source_timestamp":0,"circlet_count":0,"master_deck":["Strike_R+1","Defend_R","Defend_R","Defend_R","Defend_R+1","Bash+1","Pummel+1","Headbutt+1","Pummel+1","Doubt","Seeing Red","Sword Boomerang+1","Limit Break+1","Sword Boomerang+1","Cleave+1","Headbutt","Rage+1","Inflame","Writhe","Searing Blow+2","Rampage"],"special_seed":17940,"relics":["Cursed Key","Darkstone Periapt","Du-Vu Doll","Matryoshka","Vajra","Velvet Choker","Nloth\u0027s Gift","The Courier","Whetstone","Dream Catcher","Red Skull","Strawberry","Happy Flower"],"potions_floor_usage":[12,16,16,20,22,24,29],"damage_taken":[{"damage":1,"enemies":"Jaw Worm","floor":1,"turns":4},{"damage":0,"enemies":"Small Slimes","floor":2,"turns":3},{"damage":0,"enemies":"2 Louse","floor":4,"turns":3},{"damage":6,"enemies":"Gremlin Nob","floor":6,"turns":3},{"damage":0,"enemies":"Lots of Slimes","floor":12,"turns":2},{"damage":1,"enemies":"2 Fungi Beasts","floor":13,"turns":2},{"damage":4,"enemies":"Blue Slaver","floor":14,"turns":3},{"damage":33,"enemies":"Slime Boss","floor":16,"turns":8},{"damage":12,"enemies":"2 Thieves","floor":18,"turns":3},{"damage":0,"enemies":"Spheric Guardian","floor":20,"turns":3},{"damage":4,"enemies":"Centurion and Healer","floor":22,"turns":3},{"damage":3,"enemies":"Book of Stabbing","floor":24,"turns":3},{"damage":13,"enemies":"Shelled Parasite and Fungi","floor":27,"turns":3},{"damage":0,"enemies":"Snake Plant","floor":28,"turns":2},{"damage":11,"enemies":"Snecko","floor":29,"turns":3},{"damage":7,"enemies":"3 Cultists","floor":30,"turns":3},{"damage":63,"enemies":"Automaton","floor":33,"turns":6}],"seed_played":"420993889476971038","potions_obtained":[{"floor":1,"key":"Explosive Potion"},{"floor":2,"key":"Dexterity Potion"},{"floor":14,"key":"PowerPotion"},{"floor":16,"key":"Block Potion"},{"floor":20,"key":"SteroidPotion"},{"floor":22,"key":"Poison Potion"},{"floor":28,"key":"Weak Potion"},{"floor":30,"key":"SpeedPotion"}],"is_trial":false,"path_per_floor":["M","M","?","M","?","E","R","$","T","R","?","M","M","M","R","B",null,"M","?","M","?","M","R","E","R","T","M","M","M","M","$","R","B"],"character_chosen":"IRONCLAD","items_purchased":["Red Skull","Strawberry","Happy Flower","Rampage"],"campfire_rested":0,"item_purchase_floors":[31,31,31,31],"current_hp_per_floor":[79,79,79,79,72,66,66,66,72,72,55,55,54,50,50,23,92,80,80,80,80,76,76,73,73,79,66,66,55,48,55,55,0],"gold":4,"neow_bonus":"","is_prod":false,"is_daily":true,"chose_seed":false,"campfire_upgraded":6,"win_rate":0,"timestamp":1550085262,"path_taken":["M","M","?","M","?","E","R","$","T","R","?","M","M","M","R","BOSS","M","?","?","?","M","R","E","R","T","M","M","M","M","$","R","BOSS"],"build_version":"2019-01-23","purchased_purges":1,"victory":false,"max_hp_per_floor":[80,80,80,80,80,80,80,80,86,86,86,86,86,86,86,92,92,92,92,92,92,92,92,92,92,98,98,98,98,98,105,105,105],"card_choices":[{"not_picked":["Evolve","Warcry"],"picked":"Pummel","floor":1},{"not_picked":["Evolve","Heavy Blade"],"picked":"Headbutt","floor":2},{"not_picked":["Clothesline","Flex"],"picked":"Pummel","floor":4},{"not_picked":["Iron Wave","Flame Barrier","Cleave"],"picked":"SKIP","floor":6},{"not_picked":["Barricade","Flex","Anger"],"picked":"SKIP","floor":12},{"not_picked":["Flame Barrier","Iron Wave"],"picked":"Seeing Red","floor":13},{"not_picked":["Whirlwind","Warcry"],"picked":"Sword Boomerang","floor":14},{"not_picked":["Exhume","Berserk"],"picked":"Limit Break","floor":16},{"not_picked":["Clash","Body Slam+1"],"picked":"Sword Boomerang+1","floor":18},{"not_picked":["Reaper","Clothesline"],"picked":"Cleave+1","floor":20},{"not_picked":["Searing Blow","Perfected Strike","Thunderclap"],"picked":"SKIP","floor":22},{"not_picked":["Pommel Strike","Offering"],"picked":"Inflame","floor":24},{"not_picked":["Shrug It Off+1","Reckless Charge","Iron Wave"],"picked":"SKIP","floor":27},{"not_picked":["Wild Strike","Anger"],"picked":"Searing Blow+1","floor":28},{"not_picked":["Juggernaut","True Grit","Anger"],"picked":"SKIP","floor":29},{"not_picked":["Feel No Pain","Headbutt","Warcry"],"picked":"SKIP","floor":30}],"player_experience":670260,"relics_obtained":[{"floor":6,"key":"Matryoshka"},{"floor":9,"key":"Tiny Chest"},{"floor":9,"key":"Vajra"},{"floor":24,"key":"The Courier"},{"floor":26,"key":"Whetstone"},{"floor":26,"key":"Dream Catcher"}],"event_choices":[{"cards_removed":["Strike_R"],"damage_healed":0,"gold_gain":0,"player_choice":"Card Removal","damage_taken":0,"max_hp_gain":0,"max_hp_loss":0,"event_name":"The Cleric","floor":3,"gold_loss":50},{"cards_removed":["Strike_R"],"damage_healed":0,"gold_gain":0,"player_choice":"Card Removal","damage_taken":7,"max_hp_gain":0,"max_hp_loss":0,"event_name":"Golden Wing","floor":5,"gold_loss":0},{"damage_healed":0,"gold_gain":0,"player_choice":"Entered Light","damage_taken":17,"max_hp_gain":0,"max_hp_loss":0,"event_name":"Shining Light","floor":11,"gold_loss":0,"cards_upgraded":["Pummel","Defend_R"]},{"damage_healed":0,"gold_gain":0,"player_choice":"Traded Relic","damage_taken":0,"relics_obtained":["Nloth\u0027s Gift"],"max_hp_gain":0,"max_hp_loss":0,"event_name":"N\u0027loth","floor":19,"relics_lost":["Tiny Chest"],"gold_loss":0},{"damage_healed":0,"gold_gain":0,"cards_transformed":["Strike_R","Strike_R"],"player_choice":"Became Test Subject","damage_taken":0,"max_hp_gain":0,"max_hp_loss":0,"event_name":"Drug Dealer","floor":21,"gold_loss":0,"cards_obtained":["Headbutt","Rage"]}],"is_beta":false,"boss_relics":[{"not_picked":["Astrolabe","Eternal Feather"],"picked":"Velvet Choker"}],"items_purged_floors":[31],"is_endless":false,"potions_floor_spawned":[1,2,14,16,20,22,28,30],"killed_by":"Automaton","ascension_level":0}