{"gold_per_floor":[114,130,140,156,168,168,185,185,185,196,196,121,136,63,63,165,165,182,182,4,22,121,121,135,10,10,10,10,39,39],"floor_reached":30,"playtime":1392,"items_purged":["Defend_B","Strike_B","Strike_B"],"score":380,"play_id":"e9773af8-06dd-4a37-a6b2-706a065011a0","local_time":"20180916024051","is_ascension_mode":true,"campfire_choices":[{"data":"Self Repair","floor":6,"key":"SMITH"},{"floor":8,"key":"REST"},{"data":"Storm","floor":15,"key":"SMITH"},{"data":"Echo Form","floor":23,"key":"SMITH"},{"data":"Storm","floor":27,"key":"SMITH"}],"neow_cost":"","seed_source_timestamp":49365905981788,"circlet_count":0,"master_deck":["Strike_B","Strike_B","Defend_B","Defend_B","Defend_B","Zap","Dualcast","Self Repair+1","Sweeping Beam","Electrodynamics","Storm+1","Echo Form+1","Storm+1","Chill+1"],"relics":["Emotion Chip","Busted Crown","Nloth\u0027s Gift","Ornamental Fan","Ice Cream"],"potions_floor_usage":[4,13,16,24,24],"damage_taken":[{"damage":1,"enemies":"Cultist","floor":1,"turns":3},{"damage":1,"enemies":"2 Louse","floor":2,"turns":3},{"damage":13,"enemies":"Small Slimes","floor":3,"turns":3},{"damage":18,"enemies":"Gremlin Gang","floor":4,"turns":7},{"damage":8,"enemies":"Blue Slaver","floor":5,"turns":4},{"damage":10,"enemies":"Exordium Wildlife","floor":7,"turns":4},{"damage":17,"enemies":"Gremlin Gang","floor":10,"turns":4},{"damage":11,"enemies":"Blue Slaver","floor":13,"turns":4},{"damage":0,"enemies":"Slime Boss","floor":16,"turns":5},{"damage":14,"enemies":"3 Byrds","floor":18,"turns":3},{"damage":12,"enemies":"Chosen","floor":21,"turns":3},{"damage":18,"enemies":"Snecko","floor":24,"turns":3},{"damage":24,"enemies":"Slavers","floor":29,"turns":3},{"damage":29,"enemies":"Snake Plant","floor":30,"turns":2}],"seed_played":"960162220444694160","potions_obtained":[{"floor":1,"key":"Swift Potion"},{"floor":2,"key":"Weak Potion"},{"floor":4,"key":"FocusPotion"},{"floor":16,"key":"Fire Potion"},{"floor":18,"key":"Poison Potion"},{"floor":24,"key":"Strength Potion"}],"is_trial":false,"path_per_floor":["M","M","M","M","M","R","M","R","T","M","?","$","M","$","R","B",null,"M","?","$","M","?","R","M","$","T","R","?","E"],"character_chosen":"DEFECT","items_purchased":["Storm","Storm"],"campfire_rested":1,"item_purchase_floors":[14,20],"current_hp_per_floor":[67,73,67,56,55,55,45,67,67,60,60,60,59,59,59,69,74,70,70,70,68,68,68,60,60,60,60,53,29,0],"gold":39,"neow_bonus":"","is_prod":false,"is_daily":false,"chose_seed":false,"campfire_upgraded":4,"win_rate":0,"timestamp":1537058451,"path_taken":["M","?","M","?","M","R","M","R","T","M","?","$","M","$","R","BOSS","M","?","$","M","?","R","M","?","T","R","?","E","M"],"build_version":"2018-09-06","purchased_purges":3,"victory":false,"max_hp_per_floor":[75,75,75,75,75,75,75,75,75,75,75,75,75,75,75,75,75,75,75,75,75,75,75,75,75,75,75,75,75,75],"card_choices":[{"not_picked":["Lockon","Barrage"],"picked":"Self Repair","floor":1},{"not_picked":["Ball Lightning","Reprogram","Hello World"],"picked":"SKIP","floor":2},{"not_picked":["Leap","Compile Driver"],"picked":"Sweeping Beam","floor":3},{"not_picked":["Ball Lightning","Steam","Recycle"],"picked":"SKIP","floor":4},{"not_picked":["Blizzard","Go for the Eyes","Hologram"],"picked":"SKIP","floor":5},{"not_picked":["Undo","Double Energy","Compile Driver"],"picked":"SKIP","floor":7},{"not_picked":["Redo","Rip and Tear"],"picked":"Electrodynamics","floor":10},{"not_picked":["Redo","Go for the Eyes","Barrage"],"picked":"SKIP","floor":13},{"not_picked":["Core Surge","Creative AI"],"picked":"Echo Form","floor":16},{"not_picked":["Compile Driver+1"],"picked":"SKIP","floor":18},{"not_picked":["Leap"],"picked":"SKIP","floor":21},{"not_picked":[],"picked":"Chill+1","floor":24},{"not_picked":["Streamline"],"picked":"SKIP","floor":29}],"player_experience":214477,"relics_obtained":[{"floor":9,"key":"Emotion Chip"},{"floor":26,"key":"Ornamental Fan"},{"floor":29,"key":"Ice Cream"}],"event_choices":[{"event_name":"Dead Adventurer","player_choice":"Searched \u00270\u0027 times","floor":11,"damage_taken":0},{"event_name":"N\u0027loth","player_choice":"Traded a Cracked Core","floor":19,"damage_taken":0},{"event_name":"Nest","player_choice":"Stole From Cult","floor":22,"damage_taken":0},{"event_name":"Knowing Skull","player_choice":"","floor":28,"damage_taken":0}],"is_beta":false,"boss_relics":[{"not_picked":["Snecko Eye","Philosopher\u0027s Stone"],"picked":"Busted Crown"}],"items_purged_floors":[12,20,25],"is_endless":false,"potions_floor_spawned":[1,2,4,16,18,24],"killed_by":"Snake Plant","ascension_level":6}