{"gold_per_floor":[118,137,192,91,110,135,135,155,155,155,173,173,186,217,217,313,313,324,524,439,439,457,457,457],"floor_reached":24,"playtime":798,"items_purged":[],"score":247,"play_id":"7c057819-7b29-4f74-aa0b-ac55c3ac064a","local_time":"20180916101705","is_ascension_mode":true,"campfire_choices":[{"data":"White Noise","floor":7,"key":"SMITH"},{"floor":12,"key":"REST"},{"floor":15,"key":"REST"},{"data":"Sunder","floor":23,"key":"SMITH"}],"neow_cost":"NONE","seed_source_timestamp":163679577070661,"circlet_count":0,"master_deck":["Strike_B","Strike_B","Strike_B","Strike_B","Defend_B","Defend_B","Defend_B","Defend_B","Zap","Dualcast","Sunder+1","Cold Snap","Conserve Battery","Cold Snap","Self Repair","White Noise+1","Tempest","Sweeping Beam","Conserve Battery","Fusion+1","Amplify+1","Hologram+1","Decay","Sweeping Beam"],"relics":["Cracked Core","Regal Pillow","Bottled Lightning","Pear","Toxic Egg 2","Inserter","Pantograph"],"potions_floor_usage":[6,8,16,24,24],"damage_taken":[{"damage":4,"enemies":"Jaw Worm","floor":1,"turns":3},{"damage":4,"enemies":"2 Louse","floor":2,"turns":2},{"damage":0,"enemies":"Cultist","floor":5,"turns":3},{"damage":19,"enemies":"3 Sentries","floor":6,"turns":4},{"damage":28,"enemies":"Lots of Slimes","floor":8,"turns":4},{"damage":5,"enemies":"Large Slime","floor":11,"turns":3},{"damage":14,"enemies":"2 Fungi Beasts","floor":13,"turns":3},{"damage":26,"enemies":"Gremlin Nob","floor":14,"turns":4},{"damage":80,"enemies":"The Guardian","floor":16,"turns":11},{"damage":7,"enemies":"Spheric Guardian","floor":18,"turns":4},{"damage":22,"enemies":"2 Thieves","floor":22,"turns":2},{"damage":76,"enemies":"Gremlin Leader","floor":24,"turns":7}],"seed_played":"-6752612551545721224","potions_obtained":[{"floor":2,"key":"AttackPotion"},{"floor":5,"key":"PowerPotion"},{"floor":14,"key":"Energy Potion"},{"floor":16,"key":"GamblersBrew"},{"floor":18,"key":"GamblersBrew"}],"is_trial":false,"path_per_floor":["M","M","?","$","M","E","R","M","T","?","M","R","M","E","R","B",null,"M","?","?","?","M","R"],"character_chosen":"DEFECT","items_purchased":["Cold Snap","Self Repair"],"campfire_rested":2,"item_purchase_floors":[4,4],"current_hp_per_floor":[71,67,67,67,74,55,55,27,27,34,29,69,62,43,83,10,85,85,85,85,85,63,63,0],"gold":457,"neow_bonus":"THREE_CARDS","is_prod":false,"is_daily":false,"chose_seed":false,"campfire_upgraded":2,"win_rate":0,"timestamp":1537085825,"path_taken":["M","M","?","$","M","E","R","M","T","?","?","R","M","E","R","BOSS","M","?","?","?","?","R","E"],"build_version":"2018-09-06","purchased_purges":0,"victory":false,"max_hp_per_floor":[75,75,75,75,75,75,75,75,75,85,85,85,85,85,85,85,85,85,85,85,85,85,85,85],"card_choices":[{"not_picked":["Turbo","Recycle"],"picked":"Sunder","floor":0},{"not_picked":["Hologram","Loop"],"picked":"Cold Snap","floor":1},{"not_picked":["Go for the Eyes","Skim"],"picked":"Conserve Battery","floor":2},{"not_picked":["Sweeping Beam","Scrape"],"picked":"White Noise","floor":5},{"not_picked":["Coolheaded","Multi-Cast"],"picked":"Tempest","floor":6},{"not_picked":["Gash","Lockon"],"picked":"Sweeping Beam","floor":8},{"not_picked":["Hologram","Stack","Steam Power"],"picked":"SKIP","floor":11},{"not_picked":["Barrage","Reinforced Body"],"picked":"Conserve Battery","floor":13},{"not_picked":["Hologram","Skim"],"picked":"Fusion","floor":14},{"not_picked":["All For One","Biased Cognition"],"picked":"Amplify+1","floor":16},{"not_picked":["Rip and Tear","Sweeping Beam"],"picked":"Hologram+1","floor":18},{"not_picked":["Reinforced Body+1","Rip and Tear"],"picked":"Sweeping Beam","floor":22}],"player_experience":336378,"relics_obtained":[{"floor":6,"key":"Regal Pillow"},{"floor":9,"key":"Bottled Lightning"},{"floor":14,"key":"Toxic Egg 2"}],"event_choices":[{"event_name":"Golden Wing","player_choice":"Gained Gold","floor":3,"damage_taken":0},{"event_name":"Scrap Ooze","player_choice":"success","floor":10,"damage_taken":3},{"event_name":"The Joust","player_choice":"Bet on Owner","floor":19,"damage_taken":0},{"event_name":"Addict","player_choice":"Obtained Relic","floor":20,"damage_taken":0},{"event_name":"Wheel of Change","player_choice":"Curse","floor":21,"damage_taken":0}],"is_beta":false,"boss_relics":[{"not_picked":["Cursed Key","Busted Crown"],"picked":"Inserter"}],"items_purged_floors":[],"is_endless":false,"potions_floor_spawned":[2,5,14,16,18],"killed_by":"Gremlin Leader","ascension_level":4}