{"gold_per_floor":[116,131,131,145,162,162,192,207,275,275,294,311,311,276,276,347,347,366,336,336,346,346],"floor_reached":22,"playtime":1213,"items_purged":[],"score":367,"play_id":"1e54cff5-32f6-410f-af9e-1faaf2f8fcb3","local_time":"20180925182353","is_ascension_mode":true,"campfire_choices":[{"floor":6,"key":"REST"},{"floor":13,"key":"REST"},{"floor":15,"key":"REST"}],"neow_cost":"NONE","seed_source_timestamp":883737695894789,"circlet_count":0,"master_deck":["Strike_B","Strike_B","Strike_B","Strike_B+1","Defend_B","Defend_B+1","Defend_B","Defend_B","Zap","Dualcast","AscendersBane","Melter","Undo","Sunder","Sweeping Beam","Beam Cell","Conserve Battery","Reinforced Body","Steam","Seek","Steam","RitualDagger","Ball Lightning"],"relics":["Cracked Core","Ancient Tea Set","Sundial","Matryoshka","Fusion Hammer"],"potions_floor_usage":[7,8,12,16,16,21,22],"damage_taken":[{"damage":5,"enemies":"Small Slimes","floor":1,"turns":4},{"damage":2,"enemies":"Jaw Worm","floor":2,"turns":3},{"damage":6,"enemies":"2 Louse","floor":4,"turns":2},{"damage":0,"enemies":"Exordium Thugs","floor":5,"turns":4},{"damage":40,"enemies":"Lagavulin","floor":7,"turns":4},{"damage":8,"enemies":"Lots of Slimes","floor":8,"turns":3},{"damage":1,"enemies":"2 Fungi Beasts","floor":11,"turns":3},{"damage":1,"enemies":"Red Slaver","floor":12,"turns":3},{"damage":52,"enemies":"Hexaghost","floor":16,"turns":11},{"damage":0,"enemies":"Spheric Guardian","floor":18,"turns":3},{"damage":22,"enemies":"Shell Parasite","floor":21,"turns":4},{"damage":30,"enemies":"Snake Plant","floor":22,"turns":2}],"seed_played":"-1924932980975369533","potions_obtained":[{"floor":1,"key":"LiquidBronze"},{"floor":4,"key":"Weak Potion"},{"floor":5,"key":"Fire Potion"},{"floor":10,"key":"Fire Potion"},{"floor":10,"key":"GamblersBrew"},{"floor":12,"key":"Weak Potion"},{"floor":19,"key":"FearPotion"},{"floor":19,"key":"Swift Potion"}],"is_trial":false,"path_per_floor":["M","M","?","M","M","R","E","M","T","?","M","M","R","?","R","B",null,"M","?","?","M"],"character_chosen":"DEFECT","items_purchased":[],"campfire_rested":3,"item_purchase_floors":[],"current_hp_per_floor":[59,57,36,30,30,51,11,3,3,3,2,1,22,39,60,8,55,55,55,49,27,0],"gold":346,"neow_bonus":"RANDOM_COMMON_RELIC","is_prod":false,"is_daily":false,"chose_seed":false,"campfire_upgraded":0,"win_rate":0,"timestamp":1537892633,"path_taken":["M","M","?","M","?","R","E","?","T","?","M","?","R","?","R","BOSS","M","?","?","M","M"],"build_version":"2018-09-20","purchased_purges":0,"victory":false,"max_hp_per_floor":[71,71,71,71,71,71,71,71,71,71,71,71,71,71,71,71,71,71,71,71,71,71],"card_choices":[{"not_picked":["Reprogram","Darkness"],"picked":"Melter","floor":1},{"not_picked":["Rebound","Stack"],"picked":"Undo","floor":2},{"not_picked":["Stack","Conserve Battery"],"picked":"Sunder","floor":4},{"not_picked":["Chill","Loop"],"picked":"Sweeping Beam","floor":5},{"not_picked":["Stack","Compile Driver"],"picked":"Beam Cell","floor":7},{"not_picked":["Chill","Barrage"],"picked":"Conserve Battery","floor":8},{"not_picked":["Cold Snap","Gash"],"picked":"Reinforced Body","floor":11},{"not_picked":["Barrage","Recycle"],"picked":"Steam","floor":12},{"not_picked":["Rainbow","Reboot"],"picked":"Seek","floor":16},{"not_picked":["Sunder","Turbo"],"picked":"Steam","floor":18},{"not_picked":["Leap","Stack"],"picked":"Ball Lightning","floor":21}],"player_experience":687357,"relics_obtained":[{"floor":7,"key":"Sundial"},{"floor":9,"key":"Matryoshka"}],"event_choices":[{"event_name":"Shining Light","player_choice":"Entered Light","floor":3,"damage_taken":0},{"event_name":"The Lab","player_choice":"Got Potions","floor":10,"damage_taken":0},{"event_name":"The Cleric","player_choice":"Healed","floor":14,"damage_taken":0},{"event_name":"The Woman in Blue","player_choice":"Bought 2 Potions","floor":19,"damage_taken":0},{"event_name":"Nest","player_choice":"Joined the Cult","floor":20,"damage_taken":0}],"is_beta":false,"boss_relics":[{"not_picked":["Calling Bell","Tiny House"],"picked":"Fusion Hammer"}],"items_purged_floors":[],"is_endless":false,"potions_floor_spawned":[1,4,5,12],"killed_by":"Snake Plant","ascension_level":19}