{"gold_per_floor":[118,118,293,367,387,412,412,283,306,324,344,270,345,355,355,454,454,470,504,524,86,100,131,131,131,131,141,151,151,161,161],"floor_reached":31,"playtime":1234,"items_purged":["Doubt"],"score":409,"play_id":"60916bdb-ffbd-4b1f-9c06-bea7fd957cd9","local_time":"20190103013434","is_ascension_mode":true,"campfire_choices":[{"floor":15,"key":"REST"},{"floor":24,"key":"REST"}],"neow_cost":"NONE","seed_source_timestamp":1074115972302668,"circlet_count":0,"master_deck":["Strike_B","Strike_B","Strike_B","Strike_B","Defend_B","Defend_B","Defend_B","Defend_B","Zap","Dualcast","Coolheaded","Conserve Battery","Sunder","Leap","Leap","Coolheaded","Melter","Ball Lightning","Buffer","Auto Shields","Streamline","Blizzard+1","Dark Shackles","Steam+1","Decay","Steam+1","Cold Snap+1"],"relics":["Cracked Core","NeowsBlessing","Emotion Chip","Centennial Puzzle","Ancient Tea Set","Cursed Key","Red Mask","Regal Pillow","Sling","Happy Flower","Singing Bowl"],"potions_floor_usage":[19,19,19,20,22,23,27,30],"damage_taken":[{"damage":0,"enemies":"Small Slimes","floor":1,"turns":1},{"damage":0,"enemies":"Jaw Worm","floor":5,"turns":1},{"damage":0,"enemies":"Gremlin Nob","floor":6,"turns":1},{"damage":8,"enemies":"2 Louse","floor":10,"turns":2},{"damage":0,"enemies":"Blue Slaver","floor":11,"turns":5},{"damage":2,"enemies":"Large Slime","floor":14,"turns":4},{"damage":50,"enemies":"Slime Boss","floor":16,"turns":11},{"damage":11,"enemies":"Spheric Guardian","floor":18,"turns":5},{"damage":16,"enemies":"Masked Bandits","floor":19,"turns":7},{"damage":0,"enemies":"Shell Parasite","floor":20,"turns":5},{"damage":12,"enemies":"Chosen and Byrds","floor":22,"turns":8},{"damage":4,"enemies":"Slavers","floor":23,"turns":5},{"damage":15,"enemies":"3 Cultists","floor":27,"turns":7},{"damage":21,"enemies":"Snake Plant","floor":28,"turns":5},{"damage":14,"enemies":"Shelled Parasite and Fungi","floor":30,"turns":5},{"damage":2,"enemies":"Snecko","floor":31,"turns":5}],"seed_played":"-364626177135839172","potions_obtained":[{"floor":10,"key":"Dexterity Potion"},{"floor":16,"key":"EntropicBrew"},{"floor":18,"key":"SkillPotion"},{"floor":20,"key":"Explosive Potion"},{"floor":22,"key":"Strength Potion"}],"is_trial":false,"path_per_floor":["M","$","?","T","M","E","?","$","T","M","M","$","?","M","R","B",null,"M","?","M","$","M","E","R","?","T","M","M","?","M","M"],"character_chosen":"DEFECT","items_purchased":["Leap","Melter","Regal Pillow","Sling","Dark Shackles"],"campfire_rested":2,"item_purchase_floors":[8,12,21,21,21],"current_hp_per_floor":[68,68,68,68,68,68,56,56,56,48,48,48,37,35,57,7,58,47,31,31,31,19,15,52,52,52,37,16,16,4,2],"gold":161,"neow_bonus":"THREE_ENEMY_KILL","is_prod":false,"is_daily":false,"chose_seed":false,"campfire_upgraded":0,"win_rate":0,"timestamp":1546475674,"path_taken":["M","$","?","?","M","E","?","?","T","M","M","$","?","M","R","BOSS","M","?","M","$","M","E","R","?","T","M","M","?","M","M"],"build_version":"2018-12-20","purchased_purges":1,"victory":false,"max_hp_per_floor":[75,75,75,75,75,75,75,75,75,75,75,75,75,75,75,75,75,75,75,75,75,75,75,75,75,75,75,75,75,77,77],"card_choices":[{"not_picked":["Chaos","Reprogram"],"picked":"Coolheaded","floor":1},{"not_picked":["Leap","Rebound"],"picked":"Conserve Battery","floor":5},{"not_picked":["Reprogram","Chaos"],"picked":"Sunder","floor":6},{"not_picked":["Storm","Sweeping Beam"],"picked":"Leap","floor":10},{"not_picked":["Compile Driver","Reinforced Body"],"picked":"Coolheaded","floor":11},{"not_picked":["Redo","Genetic Algorithm"],"picked":"Ball Lightning","floor":14},{"not_picked":["Rainbow","Meteor Strike"],"picked":"Buffer","floor":16},{"not_picked":["Defragment","Streamline"],"picked":"Auto Shields","floor":18},{"not_picked":["Steam","Leap"],"picked":"Streamline","floor":19},{"not_picked":["Rebound","Genetic Algorithm"],"picked":"Blizzard+1","floor":20},{"not_picked":["Skim","Sweeping Beam"],"picked":"Steam+1","floor":22},{"not_picked":["Force Field","Steam","Compile Driver"],"picked":"SKIP","floor":23},{"not_picked":["Blizzard","Hologram"],"picked":"Steam+1","floor":27},{"not_picked":["Beam Cell+1","Stack+1"],"picked":"Cold Snap+1","floor":28},{"not_picked":["Coolheaded+1","Skim","Turbo"],"picked":"Singing Bowl","floor":30}],"player_experience":495784,"relics_obtained":[{"floor":6,"key":"Emotion Chip"},{"floor":9,"key":"Ancient Tea Set"},{"floor":19,"key":"Red Mask"},{"floor":23,"key":"Happy Flower"},{"floor":26,"key":"Singing Bowl"}],"event_choices":[{"damage_healed":0,"gold_gain":175,"player_choice":"AGREE","damage_taken":0,"max_hp_gain":0,"max_hp_loss":0,"event_name":"Liars Game","floor":3,"gold_loss":0,"cards_obtained":["Doubt"]},{"damage_healed":0,"gold_gain":0,"player_choice":"Success","damage_taken":12,"relics_obtained":["Centennial Puzzle"],"max_hp_gain":0,"max_hp_loss":0,"event_name":"Scrap Ooze","floor":7,"gold_loss":0},{"damage_healed":0,"gold_gain":75,"player_choice":"Gather Gold","damage_taken":11,"max_hp_gain":0,"max_hp_loss":0,"event_name":"World of Goop","floor":13,"gold_loss":0},{"damage_healed":0,"gold_gain":0,"player_choice":"Fought Bandits","damage_taken":0,"max_hp_gain":0,"max_hp_loss":0,"event_name":"Masked Bandits","floor":19,"gold_loss":0},{"damage_healed":0,"gold_gain":0,"player_choice":"Ignored","damage_taken":0,"max_hp_gain":0,"max_hp_loss":0,"event_name":"Beggar","floor":25,"gold_loss":0},{"damage_healed":0,"gold_gain":0,"player_choice":"Ignored","damage_taken":0,"max_hp_gain":0,"max_hp_loss":0,"event_name":"N\u0027loth","floor":29,"gold_loss":0}],"is_beta":false,"boss_relics":[{"not_picked":["Runic Dome","Astrolabe"],"picked":"Cursed Key"}],"items_purged_floors":[8],"is_endless":false,"potions_floor_spawned":[1,5,10,16,18,20,22],"killed_by":"Snecko","ascension_level":9}