{"gold_per_floor":[10,10,25,78,3,3,23,23,23,23,23,42,42,54,54,149,149,166,178,196,196,196,196,209,228,228,228,128,0,0,13,13,13],"floor_reached":33,"playtime":1327,"items_purged":["Defend_B","Strike_B"],"score":333,"play_id":"1941a06c-2dc9-4d7f-8bdf-5726cdfc78f5","local_time":"20180916012103","is_ascension_mode":true,"campfire_choices":[{"data":"1","floor":6,"key":"LIFT"},{"data":"2","floor":8,"key":"LIFT"},{"data":"3","floor":10,"key":"LIFT"},{"floor":13,"key":"REST"},{"data":"Static Discharge","floor":15,"key":"SMITH"},{"floor":23,"key":"REST"},{"floor":27,"key":"REST"},{"floor":30,"key":"REST"},{"floor":32,"key":"REST"}],"neow_cost":"NO_GOLD","seed_source_timestamp":44642143312549,"circlet_count":0,"master_deck":["Strike_B","Strike_B","Strike_B","Defend_B+1","Defend_B","Defend_B","Zap","Dualcast","Go for the Eyes+1","Beam Cell","Static Discharge+1","Go for the Eyes","Hyperbeam","Gash","Storm","White Noise","Rebound","Beam Cell","Gash","Gash","Core Surge","Panacea","Gash+1","Scrape+1","BootSequence"],"relics":["Cracked Core","Girya","Bronze Scales","Darkstone Periapt","Orrery","Enchiridion","Bag of Marbles"],"potions_floor_usage":[16,16,18,24,33,33,33],"damage_taken":[{"damage":1,"enemies":"Cultist","floor":1,"turns":3},{"damage":0,"enemies":"Small Slimes","floor":3,"turns":2},{"damage":1,"enemies":"Jaw Worm","floor":7,"turns":2},{"damage":7,"enemies":"3 Louse","floor":12,"turns":3},{"damage":0,"enemies":"Exordium Wildlife","floor":14,"turns":2},{"damage":34,"enemies":"The Guardian","floor":16,"turns":7},{"damage":0,"enemies":"Spheric Guardian","floor":18,"turns":2},{"damage":9,"enemies":"3 Byrds","floor":19,"turns":3},{"damage":28,"enemies":"Shelled Parasite and Fungi","floor":20,"turns":4},{"damage":12,"enemies":"3 Cultists","floor":24,"turns":4},{"damage":8,"enemies":"Cultist and Chosen","floor":25,"turns":4},{"damage":28,"enemies":"Shelled Parasite and Fungi","floor":31,"turns":3},{"damage":79,"enemies":"Automaton","floor":33,"turns":6}],"seed_played":"-6174206582157580755","potions_obtained":[{"floor":1,"key":"EssenceOfSteel"},{"floor":12,"key":"FearPotion"},{"floor":16,"key":"Fire Potion"},{"floor":19,"key":"Explosive Potion"},{"floor":20,"key":"Energy Potion"},{"floor":25,"key":"SpeedPotion"},{"floor":31,"key":"LiquidBronze"}],"is_trial":false,"path_per_floor":["M","?","M","T","$","R","M","R","T","R","$","M","R","M","R","B",null,"M","M","M","?","?","R","M","M","T","R","$","?","R","M","R"],"character_chosen":"DEFECT","items_purchased":[],"campfire_rested":5,"item_purchase_floors":[],"current_hp_per_floor":[67,52,52,52,52,52,51,51,51,51,51,44,66,66,66,32,64,71,62,34,18,18,40,28,20,20,42,42,42,64,36,58,0],"gold":13,"neow_bonus":"ONE_RARE_RELIC","is_prod":false,"is_daily":false,"chose_seed":false,"campfire_upgraded":1,"win_rate":0,"timestamp":1537053663,"path_taken":["M","?","M","?","$","R","M","R","T","R","$","M","R","M","R","BOSS","M","M","M","?","?","R","M","M","T","R","$","?","R","M","R","BOSS"],"build_version":"2018-09-06","purchased_purges":2,"victory":false,"max_hp_per_floor":[75,75,75,75,75,75,75,75,75,75,75,75,75,75,75,75,75,75,75,75,75,75,75,75,75,75,75,75,75,75,75,75,75],"card_choices":[{"not_picked":["Cold Snap","Tempest"],"picked":"Go for the Eyes","floor":1},{"not_picked":["Hologram","Streamline"],"picked":"Beam Cell","floor":3},{"not_picked":["Streamline","Blizzard"],"picked":"Static Discharge","floor":7},{"not_picked":["Coolheaded","Cold Snap","Amplify"],"picked":"SKIP","floor":12},{"not_picked":["Rebound","Leap"],"picked":"Go for the Eyes","floor":14},{"not_picked":["Amplify","Reboot"],"picked":"Hyperbeam","floor":16},{"not_picked":["Turbo","Steam Power"],"picked":"Gash","floor":17},{"not_picked":["Rip and Tear","Steam"],"picked":"Storm","floor":17},{"not_picked":["Sunder","Barrage"],"picked":"White Noise","floor":17},{"not_picked":["Conserve Battery","Scrape"],"picked":"Rebound","floor":17},{"not_picked":["Coolheaded","Core Surge"],"picked":"Beam Cell","floor":17},{"not_picked":["Stack","Steam+1"],"picked":"Gash","floor":18},{"not_picked":["Stack+1","Genetic Algorithm","Barrage"],"picked":"SKIP","floor":19},{"not_picked":["Skim","Heatsinks"],"picked":"Gash","floor":20},{"not_picked":["Chaos","Steam"],"picked":"Gash+1","floor":24},{"not_picked":["Cold Snap+1","Leap"],"picked":"Scrape+1","floor":25},{"not_picked":["Redo","Doom and Gloom"],"picked":"BootSequence","floor":31}],"player_experience":209833,"relics_obtained":[{"floor":4,"key":"Bronze Scales"},{"floor":9,"key":"Darkstone Periapt"},{"floor":21,"key":"Enchiridion"},{"floor":26,"key":"Bag of Marbles"}],"event_choices":[{"event_name":"Shining Light","player_choice":"Entered Light","floor":2,"damage_taken":0},{"event_name":"Cursed Tome","player_choice":"Obtained Book","floor":21,"damage_taken":0},{"event_name":"Match and Keep!","player_choice":"2 cards matched","floor":22,"damage_taken":0},{"event_name":"Masked Bandits","player_choice":"Paid Fearfully","floor":29,"damage_taken":0}],"is_beta":false,"boss_relics":[{"not_picked":["Runic Pyramid","Pandora\u0027s Box"],"picked":"Orrery"}],"items_purged_floors":[5,28],"is_endless":false,"potions_floor_spawned":[1,12,16,19,20,25,31],"killed_by":"Automaton","ascension_level":6}