{"gold_per_floor":[115,46,46,65,79,79,106,126,152,152,170,199,218,237,237,333,333,321,321,321,331,344,344,371,371,371,387,387,406,406,421,421,421],"floor_reached":33,"playtime":1332,"items_purged":[],"score":355,"play_id":"44a9b9df-1ea9-4668-8c0f-8da745fea127","local_time":"20180915044453","is_ascension_mode":true,"campfire_choices":[{"data":"Static Discharge","floor":6,"key":"SMITH"},{"data":"Biased Cognition","floor":15,"key":"SMITH"},{"floor":23,"key":"REST"},{"data":"Echo Form","floor":28,"key":"SMITH"},{"floor":32,"key":"REST"}],"neow_cost":"NONE","seed_source_timestamp":50805663478545,"circlet_count":0,"master_deck":["Strike_B","Strike_B","Strike_B","Strike_B","Defend_B","Defend_B","Defend_B","Defend_B","Zap","Dualcast","Go for the Eyes","Self Repair","Sweeping Beam","Static Discharge+1","Conserve Battery","Biased Cognition+1","Echo Form+1","Defragment","BootSequence","Storm+1","Creative AI","Force Field+1","Heatsinks"],"relics":["Cracked Core","PreservedInsect","Anchor","Orichalcum","Potion Belt","Odd Mushroom","Orrery","Regal Pillow","Blue Candle"],"potions_floor_usage":[7,8,12,12,16,16,24,24,30],"damage_taken":[{"damage":7,"enemies":"Small Slimes","floor":1,"turns":4},{"damage":0,"enemies":"2 Louse","floor":4,"turns":2},{"damage":1,"enemies":"Cultist","floor":5,"turns":3},{"damage":30,"enemies":"Lagavulin","floor":7,"turns":4},{"damage":3,"enemies":"3 Louse","floor":8,"turns":3},{"damage":7,"enemies":"Red Slaver","floor":11,"turns":4},{"damage":0,"enemies":"The Mushroom Lair","floor":12,"turns":3},{"damage":14,"enemies":"Large Slime","floor":13,"turns":3},{"damage":12,"enemies":"Exordium Wildlife","floor":14,"turns":3},{"damage":41,"enemies":"Slime Boss","floor":16,"turns":10},{"damage":16,"enemies":"2 Thieves","floor":18,"turns":4},{"damage":0,"enemies":"Chosen","floor":21,"turns":4},{"damage":12,"enemies":"Snecko","floor":22,"turns":4},{"damage":8,"enemies":"Book of Stabbing","floor":24,"turns":2},{"damage":26,"enemies":"3 Cultists","floor":27,"turns":3},{"damage":16,"enemies":"Centurion and Healer","floor":29,"turns":4},{"damage":18,"enemies":"Snake Plant","floor":30,"turns":3},{"damage":5,"enemies":"Snecko","floor":31,"turns":3},{"damage":42,"enemies":"Champ","floor":33,"turns":8}],"seed_played":"2133245980053505801","potions_obtained":[{"floor":4,"key":"EntropicBrew"},{"floor":8,"key":"FearPotion"},{"floor":11,"key":"Block Potion"},{"floor":13,"key":"GamblersBrew"},{"floor":18,"key":"PowerPotion"},{"floor":22,"key":"SkillPotion"}],"is_trial":false,"path_per_floor":["M","$","?","M","M","R","E","M","T","?","M","?","M","M","R","B",null,"M","?","?","M","M","R","E","?","T","M","R","M","M","M","R"],"character_chosen":"DEFECT","items_purchased":["Self Repair"],"campfire_rested":2,"item_purchase_floors":[2],"current_hp_per_floor":[61,61,54,54,60,60,37,41,41,75,75,75,68,63,63,22,62,53,53,53,53,41,63,55,55,55,36,36,27,9,4,41,0],"gold":421,"neow_bonus":"RANDOM_COMMON_RELIC","is_prod":false,"is_daily":false,"chose_seed":false,"campfire_upgraded":3,"win_rate":0,"timestamp":1536979493,"path_taken":["M","$","?","M","M","R","E","M","T","?","?","?","M","M","R","BOSS","M","?","?","M","?","R","E","?","T","M","R","M","M","M","R","BOSS"],"build_version":"2018-09-06","purchased_purges":0,"victory":false,"max_hp_per_floor":[75,75,75,75,75,75,75,75,75,75,75,75,75,75,75,75,75,75,75,75,75,75,75,75,75,75,75,75,75,75,75,75,75],"card_choices":[{"not_picked":["Steam","Leap"],"picked":"Go for the Eyes","floor":1},{"not_picked":["Turbo","Cold Snap"],"picked":"Sweeping Beam","floor":4},{"not_picked":["Gash","Leap"],"picked":"Static Discharge","floor":5},{"not_picked":["Turbo","Hello World"],"picked":"Conserve Battery","floor":7},{"not_picked":["Genetic Algorithm","Reprogram","Streamline"],"picked":"SKIP","floor":8},{"not_picked":["Fusion","Rip and Tear"],"picked":"Sunder","floor":11},{"not_picked":["Ball Lightning","Coolheaded"],"picked":"Biased Cognition","floor":13},{"not_picked":["Coolheaded","Steam Power","Blizzard"],"picked":"SKIP","floor":14},{"not_picked":["Buffer","Thunder Strike"],"picked":"Echo Form","floor":16},{"not_picked":["Compile Driver","Streamline"],"picked":"Defragment","floor":17},{"not_picked":["Steam","Recycle"],"picked":"BootSequence","floor":17},{"not_picked":["Redo","Hologram","Barrage"],"picked":"SKIP","floor":18},{"not_picked":["Leap","Hello World"],"picked":"Storm+1","floor":21},{"not_picked":["Darkness","Leap","Steam"],"picked":"SKIP","floor":22},{"not_picked":["Fusion","Sunder+1","Compile Driver+1"],"picked":"SKIP","floor":24},{"not_picked":["Go for the Eyes","Amplify"],"picked":"Force Field+1","floor":27},{"not_picked":["Rip and Tear","Auto Shields","Fusion"],"picked":"SKIP","floor":29},{"not_picked":["Compile Driver+1","Sunder"],"picked":"Heatsinks","floor":31}],"player_experience":174960,"relics_obtained":[{"floor":7,"key":"Orichalcum"},{"floor":9,"key":"Potion Belt"},{"floor":12,"key":"Odd Mushroom"},{"floor":24,"key":"Regal Pillow"},{"floor":26,"key":"Blue Candle"}],"event_choices":[{"event_name":"Scrap Ooze","player_choice":"success","floor":3,"damage_taken":7},{"event_name":"Wheel of Change","player_choice":"Full Heal","floor":10,"damage_taken":0},{"event_name":"Mushrooms","player_choice":"Fought Mushrooms","floor":12,"damage_taken":0},{"event_name":"Vampires","player_choice":"Ignored","floor":19,"damage_taken":0},{"event_name":"Ghosts","player_choice":"Ignored","floor":20,"damage_taken":0},{"event_name":"Transmorgrifier","player_choice":"Transform","floor":25,"damage_taken":0}],"is_beta":false,"boss_relics":[{"not_picked":["FrozenCore","Astrolabe"],"picked":"Orrery"}],"items_purged_floors":[],"is_endless":false,"potions_floor_spawned":[4,8,11,13,18,22,30],"killed_by":"Champ","ascension_level":6}