{"path_per_floor":["?","?","?","?","?","?","?","?","?","?","?","?","?","?","?","B",null,"?","?","?","?","?","?","?","?","?","?","?","?","?","?","?","B",null,"?","?","?"],"character_chosen":"THE_SILENT","items_purchased":[],"gold_per_floor":[114,129,144,50,65,65,95,110,110,125,140,155,170,185,185,285,285,300,300,315,330,345,345,375,375,375,375,375,390,405,420,420,520,520,535,550,565],"floor_reached":38,"campfire_rested":1,"playtime":3162,"current_hp_per_floor":[70,70,70,70,65,65,44,46,46,48,50,42,34,32,32,37,70,60,44,46,40,9,9,1,22,22,22,22,31,39,43,43,32,70,45,45,16],"items_purged":["Strike_G"],"gold":565,"score":360,"play_id":"9a361367-4c26-4664-9238-2d34449f6e4d","local_time":"20180308234017","daily_mods":[{"name":"Heirloom","description":"Start with 1 Rare relic.","modID":"Heirloom","img":{"data":{"file":{"file":{"path":"images\\ui\\run_mods\\heirloom.png"},"type":"Internal"},"width":64,"height":64,"format":"RGBA8888","useMipMaps":false,"isPrepared":false},"glTarget":3553,"glHandle":683,"minFilter":"Linear","magFilter":"Linear","uWrap":"ClampToEdge","vWrap":"ClampToEdge"},"positive":true},{"name":"Uncertain Future","description":"The map shows only ?.","modID":"Uncertain Future","img":{"data":{"file":{"file":{"path":"images\\ui\\run_mods\\uncertain_future.png"},"type":"Internal"},"width":64,"height":64,"format":"RGBA8888","useMipMaps":false,"isPrepared":false},"glTarget":3553,"glHandle":679,"minFilter":"Linear","magFilter":"Linear","uWrap":"ClampToEdge","vWrap":"ClampToEdge"},"positive":false},{"name":"Binary","description":"Card rewards contain only 2 cards.","modID":"Binary","img":{"data":{"file":{"file":{"path":"images\\ui\\run_mods\\binary.png"},"type":"Internal"},"width":64,"height":64,"format":"RGBA8888","useMipMaps":false,"isPrepared":false},"glTarget":3553,"glHandle":680,"minFilter":"Linear","magFilter":"Linear","uWrap":"ClampToEdge","vWrap":"ClampToEdge"},"positive":false},{"name":"Vintage","description":"The Merchant\u0027s prices are increased by 25%.","modID":"Vintage","img":{"data":{"file":{"file":{"path":"images\\ui\\run_mods\\vintage.png"},"type":"Internal"},"width":64,"height":64,"format":"RGBA8888","useMipMaps":false,"isPrepared":false},"glTarget":3553,"glHandle":677,"minFilter":"Linear","magFilter":"Linear","uWrap":"ClampToEdge","vWrap":"ClampToEdge"},"positive":false}],"is_prod":false,"is_daily":true,"is_ascension_mode":false,"campfire_upgraded":5,"timestamp":1520570417,"path_taken":["?","?","?","?","?","?","?","?","?","?","?","?","?","?","?","BOSS","?","?","?","?","?","?","?","?","?","?","?","?","?","?","?","BOSS","?","?","?","?"],"build_version":"2018-03-01-PROD1","purchased_purges":1,"victory":false,"master_deck":["Defend_G","Defend_G","Defend_G","Defend_G","Strike_G","Strike_G","Strike_G","Survivor","Neutralize+1","Dagger Spray","Blade Dance","Predator","Accuracy+1","Backflip","Phantasmal Killer","Flying Knee","Blade Dance+1","Doppelganger+1","Finisher+1","Phantasmal Killer+1","Phantasmal Killer+1","Noxious Fumes+1","Infinite Blades","Acrobatics+1","Backstab","Cloak And Dagger+1","Quick Slash+1","Adrenaline","Infinite Blades+1","Quick Slash+1","Caltrops+1"],"max_hp_per_floor":[70,70,70,70,70,70,70,70,70,70,70,70,70,70,70,70,70,70,70,70,70,70,70,70,70,70,70,70,70,70,70,70,70,70,70,70,70],"relics":["Ring of the Snake","Thread and Needle","Blood Vial","Ginger","Astrolabe","Nilry\u0027s Codex","Toolbox","Meat on the Bone","Black Star"],"card_choices":[{"not_picked":["Prepared"],"picked":"Dagger Spray"},{"not_picked":["Prepared"],"picked":"Blade Dance"},{"not_picked":["Bane"],"picked":"Predator"},{"not_picked":["Bane"],"picked":"Dodge and Roll"},{"not_picked":["Quick Slash"],"picked":"Accuracy"},{"not_picked":["Underhanded Strike"],"picked":"Backflip"},{"not_picked":["Underhanded Strike"],"picked":"Phantasmal Killer"},{"not_picked":["Caltrops"],"picked":"Flying Knee"},{"not_picked":["Quick Slash"],"picked":"Blade Dance"},{"not_picked":["Night Terror"],"picked":"Doppelganger"},{"not_picked":["Bouncing Flask"],"picked":"Noxious Fumes"},{"not_picked":["Slice"],"picked":"Infinite Blades"},{"not_picked":["Expertise"],"picked":"Acrobatics"},{"not_picked":["Skewer"],"picked":"Backstab"},{"not_picked":["Prepared"],"picked":"Cloak And Dagger"},{"not_picked":["Reflex"],"picked":"Quick Slash"},{"not_picked":["Tactician"],"picked":"Adrenaline"},{"not_picked":["Dagger Throw"],"picked":"Infinite Blades"},{"not_picked":["Slice"],"picked":"Quick Slash"},{"not_picked":["Calculated Gamble"],"picked":"Caltrops"}],"player_experience":163993,"potions_floor_usage":[11,16,16,20,21,24,30,37,37],"damage_taken":[{"damage":0,"enemies":"Cultist","floor":1,"turns":4},{"damage":0,"enemies":"2 Louse","floor":2,"turns":2},{"damage":0,"enemies":"Jaw Worm","floor":3,"turns":4},{"damage":5,"enemies":"Large Slime","floor":5,"turns":7},{"damage":21,"enemies":"Lagavulin","floor":7,"turns":9},{"damage":0,"enemies":"Exordium Thugs","floor":8,"turns":4},{"damage":0,"enemies":"2 Fungi Beasts","floor":10,"turns":3},{"damage":0,"enemies":"Exordium Wildlife","floor":11,"turns":5},{"damage":10,"enemies":"Gremlin Gang","floor":12,"turns":4},{"damage":10,"enemies":"Lots of Slimes","floor":13,"turns":3},{"damage":4,"enemies":"3 Louse","floor":14,"turns":2},{"damage":12,"enemies":"Hexaghost","floor":16,"turns":11},{"damage":10,"enemies":"Shell Parasite","floor":18,"turns":5},{"damage":0,"enemies":"3 Byrds","floor":20,"turns":4},{"damage":8,"enemies":"Sentry and Sphere","floor":21,"turns":5},{"damage":33,"enemies":"Centurion and Healer","floor":22,"turns":6},{"damage":10,"enemies":"Gremlin Leader","floor":24,"turns":5},{"damage":5,"enemies":"Cultist and Chosen","floor":29,"turns":4},{"damage":6,"enemies":"Snake Plant","floor":30,"turns":2},{"damage":10,"enemies":"Centurion and Healer","floor":31,"turns":3},{"damage":25,"enemies":"Champ","floor":33,"turns":9},{"damage":25,"enemies":"3 Darklings","floor":35,"turns":3},{"damage":2,"enemies":"Orb Walker","floor":36,"turns":3},{"damage":43,"enemies":"Sphere and 2 Shapes","floor":37,"turns":5},{"damage":18,"enemies":"4 Shapes","floor":38,"turns":4}],"event_choices":[{"event_name":"Cursed Tome","player_choice":"Obtained Book","floor":19,"damage_taken":0},{"event_name":"Drug Dealer","player_choice":"Ignored","floor":28,"damage_taken":0}],"boss_relics":[{"not_picked":["Runic Pyramid","Pandora\u0027s Box"],"picked":"Astrolabe"},{"not_picked":["The Specimen","White Beast Statue"],"picked":"Black Star"}],"potions_floor_spawned":[7,8,11,12,14,16,18,24,33,35],"seed_played":"6419525779391338913","killed_by":"4 Shapes","ascension_level":0,"is_trial":false}