{"path_per_floor":["M","M","$","M","M","E","M","M","T","R","M","R","?","$","R","B",null,"M","$","M","$","M","E","R","?","T","R","M","R","M","M","R","B",null,"M","?","?","?","$","R","M"],"character_chosen":"IRONCLAD","items_purchased":["Bird Faced Urn","Metallicize","Shrug It Off","Ice Cream","Strawberry","Whetstone","Regal Pillow"],"gold_per_floor":[144,189,114,159,204,294,339,384,384,384,429,429,604,84,84,384,384,429,4,49,49,94,184,184,184,259,259,304,304,349,394,394,694,694,739,739,739,739,139,139,184,184],"floor_reached":42,"campfire_rested":7,"playtime":1730,"item_purchase_floors":[14,14,14,19,39,39,39],"current_hp_per_floor":[80,80,80,72,60,29,27,18,18,42,48,48,48,48,72,61,80,60,60,53,53,53,13,37,21,21,45,32,56,47,38,62,50,80,55,50,40,40,47,87,36,0],"items_purged":["Strike_R","Doubt","Strike_R","Strike_R"],"gold":184,"score":495,"play_id":"80bad1d4-4cf2-44eb-a786-8b63cd87f2e2","local_time":"20180527185725","daily_mods":["Specialized","Midas","Lethality"],"is_prod":false,"is_daily":true,"chose_seed":false,"is_ascension_mode":false,"campfire_upgraded":0,"win_rate":0,"timestamp":1527472645,"campfire_choices":[{"floor":10,"key":"REST"},{"floor":12,"key":"DIG"},{"floor":15,"key":"REST"},{"floor":24,"key":"REST"},{"floor":27,"key":"REST"},{"floor":29,"key":"REST"},{"floor":32,"key":"REST"},{"floor":40,"key":"REST"}],"path_taken":["M","M","$","M","M","E","M","M","T","R","M","R","?","?","R","BOSS","M","$","M","$","M","E","R","?","T","R","M","R","M","?","R","BOSS","M","?","?","?","?","R","M","E"],"build_version":"2018-05-25","seed_source_timestamp":1206336435284203,"purchased_purges":4,"victory":false,"master_deck":["Strike_R","Strike_R+1","Defend_R","Defend_R","Defend_R","Defend_R","Bash","Juggernaut","Juggernaut","Juggernaut","Juggernaut","Juggernaut","Twin Strike","Thunderclap","Thunderclap+1","Flex","Second Wind","Flex","Inflame","Metallicize","Shrug It Off","Offering","Armaments","True Grit+1","Armaments+1","Armaments+1","Parasite","Feel No Pain+1","Headbutt+1","Inflame+1","Juggernaut+1","Sword Boomerang","Trip","Sadistic Nature+1","Madness","Madness","Shrug It Off"],"max_hp_per_floor":[80,80,80,80,80,80,80,80,80,80,80,80,80,80,80,80,80,80,80,80,80,80,80,80,80,80,80,80,80,80,80,80,80,80,80,80,80,80,87,87,87,87],"relics":["Burning Blood","Shovel","Paper Frog","Happy Flower","Bird Faced Urn","Cursed Key","Ice Cream","Lantern","Enchiridion","Frozen Egg 2","Black Star","Strawberry","Whetstone","Regal Pillow"],"card_choices":[{"not_picked":["Body Slam","Heavy Blade"],"picked":"Twin Strike","floor":1},{"not_picked":["Flex","Body Slam"],"picked":"Thunderclap","floor":2},{"not_picked":["Dual Wield","Flex"],"picked":"Thunderclap","floor":4},{"not_picked":["True Grit","Exhume"],"picked":"Flex","floor":5},{"not_picked":["Sentinel","Spot Weakness"],"picked":"Second Wind","floor":6},{"not_picked":["Burning Pact","True Grit"],"picked":"Flex","floor":7},{"not_picked":["Spot Weakness","Perfected Strike","Cleave"],"picked":"SKIP","floor":8},{"not_picked":["Corruption","Flex"],"picked":"Inflame","floor":11},{"not_picked":["Fiend Fire","Juggernaut"],"picked":"Offering","floor":16},{"not_picked":["Burning Pact","Entrench"],"picked":"Armaments","floor":18},{"not_picked":["Clash","Warcry"],"picked":"True Grit+1","floor":20},{"not_picked":["Thunderclap","Headbutt"],"picked":"Armaments+1","floor":22},{"not_picked":["Flex+1","Rage+1"],"picked":"Armaments+1","floor":23},{"not_picked":["Reaper","Wild Strike"],"picked":"Feel No Pain+1","floor":28},{"not_picked":["Whirlwind","Havoc+1"],"picked":"Headbutt+1","floor":30},{"not_picked":["Sentinel","Twin Strike"],"picked":"Inflame+1","floor":31},{"not_picked":["Exhume","Bludgeon"],"picked":"Juggernaut+1","floor":33},{"not_picked":["Wild Strike","Carnage+1"],"picked":"Sword Boomerang","floor":35},{"not_picked":["Dramatic Entrance","Jack Of All Trades"],"picked":"Trip","floor":36},{"not_picked":["Madness","Panacea"],"picked":"Sadistic Nature","floor":36},{"not_picked":["Sword Boomerang+1","Pommel Strike"],"picked":"Shrug It Off","floor":41}],"player_experience":122976,"potions_floor_usage":[5,16,16,31],"damage_taken":[{"damage":5,"enemies":"2 Louse","floor":1,"turns":2},{"damage":0,"enemies":"Small Slimes","floor":2,"turns":3},{"damage":14,"enemies":"Jaw Worm","floor":4,"turns":2},{"damage":18,"enemies":"Exordium Thugs","floor":5,"turns":4},{"damage":37,"enemies":"Lagavulin","floor":6,"turns":7},{"damage":8,"enemies":"3 Louse","floor":7,"turns":2},{"damage":15,"enemies":"Blue Slaver","floor":8,"turns":2},{"damage":0,"enemies":"Exordium Wildlife","floor":11,"turns":3},{"damage":27,"enemies":"Slime Boss","floor":16,"turns":9},{"damage":30,"enemies":"2 Thieves","floor":18,"turns":4},{"damage":19,"enemies":"Shell Parasite","floor":20,"turns":4},{"damage":18,"enemies":"Snecko","floor":22,"turns":4},{"damage":54,"enemies":"Slavers","floor":23,"turns":6},{"damage":29,"enemies":"Snake Plant","floor":28,"turns":4},{"damage":31,"enemies":"3 Cultists","floor":30,"turns":5},{"damage":25,"enemies":"Sentry and Sphere","floor":31,"turns":4},{"damage":38,"enemies":"Champ","floor":33,"turns":9},{"damage":37,"enemies":"3 Shapes","floor":35,"turns":4},{"damage":67,"enemies":"3 Darklings","floor":41,"turns":5},{"damage":44,"enemies":"2 Orb Walkers","floor":42,"turns":2}],"relics_obtained":[{"floor":6,"key":"Shovel"},{"floor":9,"key":"Paper Frog"},{"floor":12,"key":"Happy Flower"},{"floor":23,"key":"Lantern"},{"floor":25,"key":"Enchiridion"},{"floor":26,"key":"Frozen Egg 2"}],"event_choices":[{"event_name":"Liars Game","player_choice":"agreed","floor":13,"damage_taken":0},{"event_name":"Cursed Tome","player_choice":"Obtained Book","floor":25,"damage_taken":0},{"event_name":"SensoryStone","player_choice":"Memory 2","floor":36,"damage_taken":0},{"event_name":"Winding Halls","player_choice":"Embrace Madness","floor":37,"damage_taken":0},{"event_name":"The Moai Head","player_choice":"Ignored","floor":38,"damage_taken":0}],"boss_relics":[{"not_picked":["Tiny House","Orrery"],"picked":"Cursed Key"},{"not_picked":["Astrolabe","Velvet Choker"],"picked":"Black Star"}],"items_purged_floors":[3,14,19,39],"potions_floor_spawned":[1,5,7,11,16,20,23,28,31,33,41],"seed_played":"-5471505413937297899","killed_by":"2 Orb Walkers","ascension_level":0,"potions_obtained":[{"floor":1,"key":"EntropicBrew"},{"floor":5,"key":"Regen Potion"},{"floor":7,"key":"Strength Potion"},{"floor":11,"key":"Strength Potion"},{"floor":16,"key":"Explosive Potion"},{"floor":20,"key":"Fire Potion"},{"floor":23,"key":"Energy Potion"},{"floor":31,"key":"Ancient Potion"}],"is_trial":false}