{"gold_per_floor":[118,68,83,83,94,120,120,146,177,195,211,223,223,236,236,334,334,350,373,188,188,188,188,219,224,224,257,290,290,308,326,326,336],"floor_reached":33,"playtime":2196,"items_purged":[],"score":331,"play_id":"8b003af0-b87e-4afd-8fba-d38937150bb7","local_time":"20190216030930","is_ascension_mode":false,"campfire_choices":[{"data":"Slimebound:ServeAndProtect","floor":7,"key":"SMITH"},{"data":"Slimebound:SpikyOuterGoop","floor":15,"key":"SMITH"},{"data":"Slimebound:Chomp","floor":23,"key":"SMITH"},{"floor":29,"key":"RECALL"},{"data":"Pot Of Greed","floor":32,"key":"SMITH"}],"neow_cost":"NONE","seed_source_timestamp":141705556946376,"circlet_count":0,"master_deck":["Slimebound:Tackle","Slimebound:Split","Slimebound:ServeAndProtect+1","Slimebound:GrowthPunch","Slimebound:SpikyOuterGoop","Slimebound:LivingWall","Slimebound:SpikyOuterGoop+1","Slimebound:Chomp+1","Slimebound:MegaLick","Slimebound:Teamwork","Slimebound:PoisonLick","Slimebound:LeechEnergy","Slimebound:HauntingLick","Slimebound:Lick","Slimebound:SuperSplit","Slimebound:SlimeTap","Slimebound:GrowthPunch","Flame_colorless+1","Slimebound:GrowthPunch+1","Slimebound:CheckThePlaybook","Looting_colorless+1","Power_colorless+1","Slimebound:Lick+1","Protection_colorless+1","Slimebound:PoisonLick","Slimebound:Lick","Pot Of Greed","Pot Of Greed","Pot Of Greed+1","Slimebound:SelfFormingGoo+1"],"relics":["Slimebound:AbsorbEndCombatUpgraded","EnchantBook_Base","halation:LettersToHer","Mango","hubris:ToyBattleship","strawberrySpire:Sunfruit","Baka2","theJungle:Creamberry","hubris:Towel","Grinning Jar","Kunai","Singing Bowl"],"potions_floor_usage":[6,12,16,16,18,18,18,19,19,27,28,31,33],"damage_taken":[{"damage":9,"enemies":"Small Slimes","floor":1,"turns":3},{"damage":11,"enemies":"conspire:RoseBush","floor":3,"turns":3},{"damage":14,"enemies":"Jaw Worm","floor":5,"turns":2},{"damage":13,"enemies":"Lagavulin","floor":6,"turns":6},{"damage":13,"enemies":"Gremlin Nob","floor":8,"turns":3},{"damage":19,"enemies":"Looter","floor":9,"turns":4},{"damage":25,"enemies":"Looter","floor":10,"turns":3},{"damage":9,"enemies":"2 Fungi Beasts","floor":11,"turns":2},{"damage":21,"enemies":"Exordium Thugs","floor":12,"turns":3},{"damage":23,"enemies":"Exordium Wildlife","floor":14,"turns":4},{"damage":18,"enemies":"Slime Boss","floor":16,"turns":5},{"damage":50,"enemies":"theJungle:5_Spyders","floor":18,"turns":11},{"damage":15,"enemies":"Shell Parasite","floor":19,"turns":4},{"damage":40,"enemies":"theJungle:Lyon","floor":24,"turns":4},{"damage":21,"enemies":"theJungle:JungleHuntersEncounter","floor":25,"turns":3},{"damage":60,"enemies":"theJungle:2_Phrogs","floor":27,"turns":7},{"damage":26,"enemies":"theJungle:Snecko_Cultist_And_Trap","floor":28,"turns":3},{"damage":20,"enemies":"theJungle:Snecko_Cultist_And_Trap","floor":30,"turns":4},{"damage":6,"enemies":"theJungle:Lyon","floor":31,"turns":2},{"damage":87,"enemies":"theJungle:TotemBoss","floor":33,"turns":10}],"seed_played":"-5967131538225183601","potions_obtained":[{"floor":3,"key":"SkillPotion"},{"floor":5,"key":"Block Potion"},{"floor":11,"key":"EntropicBrew"},{"floor":12,"key":"conspire:EchoDraught"},{"floor":14,"key":"SpeedPotion"},{"floor":16,"key":"PowerPotion"},{"floor":25,"key":"Poison Potion"},{"floor":27,"key":"Swift Potion"},{"floor":30,"key":"Slimebound:SlimedPotion"},{"floor":31,"key":"Death Potion"}],"is_trial":false,"path_per_floor":["M","?","M","?","M","E","R","E","MIM","M","M","M","R","M","R","B",null,"M","M","?","?","?","R","M","M","T","E","MIM","R","M","M","R","B"],"character_chosen":"SLIMEBOUND","items_purchased":[],"campfire_rested":0,"item_purchase_floors":[],"current_hp_per_floor":[70,70,70,70,64,70,70,79,82,73,79,84,84,84,84,84,84,68,81,84,84,84,84,58,59,62,33,35,38,52,65,68,0],"gold":336,"neow_bonus":"ONE_RANDOM_RARE_CARD","is_prod":false,"is_daily":false,"chose_seed":false,"campfire_upgraded":4,"win_rate":0,"timestamp":1550304570,"path_taken":["M","?","M","?","M","E","R","E","MIM","M","M","M","R","M","R","BOSS","M","M","?","?","?","R","M","?","T","E","?","R","M","M","R","BOSS"],"build_version":"2019-01-23","purchased_purges":0,"victory":false,"max_hp_per_floor":[70,70,70,70,70,70,70,84,84,84,84,84,84,84,84,84,84,84,84,84,84,84,84,84,84,84,84,84,84,86,86,86,86],"card_choices":[{"not_picked":["Slimebound:SlimeSpikes","Slimebound:GoopSpray"],"picked":"Slimebound:PoisonLick","floor":1},{"not_picked":["Slimebound:RollThrough","Slimebound:SplitLeeching"],"picked":"Slimebound:LeechEnergy","floor":3},{"not_picked":["Slimebound:SlimeBrawl","Slimebound:SplitLeeching"],"picked":"Slimebound:HauntingLick","floor":5},{"not_picked":["Sharpness_colorless+1","Fortune_colorness+1"],"picked":"Protection_colorless+1","floor":6},{"not_picked":["Slimebound:GoopTackle","Slimebound:TendrilStrike"],"picked":"Slimebound:Lick","floor":6},{"not_picked":["Slimebound:Replication","Slimebound:SplitAcid"],"picked":"Slimebound:SuperSplit","floor":8},{"not_picked":["Slimebound:SplitBruiser","Slimebound:SplitAcid"],"picked":"Slimebound:SlimeTap","floor":9},{"not_picked":["Slimebound:SplitBruiser","Slimebound:SplitAcid","Slimebound:TongueLash"],"picked":"SKIP","floor":10},{"not_picked":["Slimebound:ItLooksTasty","Slimebound:Grow","Slimebound:FlameTackle"],"picked":"SKIP","floor":10},{"not_picked":["Slimebound:Repurpose","Slimebound:SlimeSpikes","Slimebound:PressTheAttack"],"picked":"SKIP","floor":10},{"not_picked":["Slimebound:Prepare","Slimebound:DisruptingSlam","Slimebound:SplitBruiser"],"picked":"SKIP","floor":10},{"not_picked":["FireProtection_colorless+1","Protection_colorless+1"],"picked":"Sharpness_colorless+1","floor":11},{"not_picked":["Slimebound:SplitLeeching","Slimebound:SlimeBrawl"],"picked":"Slimebound:GrowthPunch","floor":11},{"not_picked":["Efficiency_colorless+1","Power_colorless+1"],"picked":"Flame_colorless+1","floor":12},{"not_picked":["Slimebound:BestDefense","Slimebound:GoopSpray","Slimebound:VenomTackle"],"picked":"SKIP","floor":12},{"not_picked":["Slimebound:Equalize","Slimebound:SplitMire","Slimebound:SlimeSpikes"],"picked":"SKIP","floor":14},{"not_picked":["Slimebound:DouseInSlime","Slimebound:MassFeed"],"picked":"Slimebound:CheckThePlaybook","floor":16},{"not_picked":["Sharpness_colorless+2","SilkTouch_colorless+1"],"picked":"Looting_colorless+1","floor":18},{"not_picked":["Slimebound:PressTheAttack","Slimebound:GoopTackle+1","Slimebound:LeechingTouch"],"picked":"SKIP","floor":18},{"not_picked":["Fortune_colorness+1","Sharpness_colorless+1"],"picked":"Power_colorless+1","floor":19},{"not_picked":["Slimebound:SpikyOuterGoop","Slimebound:RollThrough+1"],"picked":"Slimebound:Lick+1","floor":19},{"not_picked":["FireProtection_colorless+1","Unbreaking_colorless+1"],"picked":"Protection_colorless+1","floor":24},{"not_picked":["Slimebound:Prepare+1","Slimebound:ViciousTackle"],"picked":"Slimebound:PoisonLick","floor":24},{"not_picked":["Slimebound:FormOfPuddle+1","Slimebound:Repurpose+1"],"picked":"Slimebound:Lick","floor":25},{"not_picked":["Slimebound:Equalize+1","Slimebound:ServeAndProtect+1"],"picked":"Slimebound:SelfFormingGoo+1","floor":27},{"not_picked":["Slimebound:FirmFortitude+1","Slimebound:PrepareCrush+1","Slimebound:SplitBruiser"],"picked":"Singing Bowl","floor":30},{"not_picked":["Slimebound:DisruptingSlam+1","Slimebound:SlimeSpikes+1","Slimebound:ComboTackle"],"picked":"SKIP","floor":31}],"player_experience":712350,"relics_obtained":[{"floor":1,"key":"Baka"},{"floor":6,"key":"halation:LettersToHer"},{"floor":8,"key":"Mango"},{"floor":9,"key":"hubris:ToyBattleship"},{"floor":9,"key":"halation:LettersToHer"},{"floor":13,"key":"strawberrySpire:Sunfruit"},{"floor":14,"key":"Baka2"},{"floor":26,"key":"halation:LettersToHer"},{"floor":26,"key":"Grinning Jar"},{"floor":27,"key":"Kunai"},{"floor":28,"key":"halation:LettersToHer"},{"floor":28,"key":"Singing Bowl"},{"floor":31,"key":"halation:LettersToHer"}],"event_choices":[{"cards_removed":["Slimebound:CorrosiveSpit"],"damage_healed":0,"gold_gain":0,"player_choice":"Card Removal","damage_taken":0,"max_hp_gain":0,"max_hp_loss":0,"event_name":"The Cleric","floor":2,"gold_loss":50}],"is_beta":false,"boss_relics":[{"not_picked":["Black Star","aspiration:FutureDiary"],"picked":"Slimebound:AbsorbEndCombatUpgraded"}],"items_purged_floors":[],"is_endless":false,"potions_floor_spawned":[3,5,11,12,14,16,25,27,30,31],"killed_by":"theJungle:TotemBoss","ascension_level":0}