{"path_per_floor":["M","M","?","M","M","E","R","M","T","?","M","M","E","?","R","B",null,"M","?","M","?","?","E","$","R","T","M","R","M","E","?","R","B",null,"M","?","?","M","$","R","?","M","T","M"],"character_chosen":"THE_SILENT","items_purchased":["Snake Skull","Crippling Poison","Dash","The Specimen","Bane","Noxious Fumes"],"gold_per_floor":[118,138,138,155,169,200,200,219,219,279,293,310,345,315,315,410,410,428,428,444,444,444,470,204,204,273,287,287,307,339,264,264,363,363,374,374,419,429,0,0,0,18,18,31,31],"floor_reached":45,"campfire_rested":6,"playtime":29899,"current_hp_per_floor":[69,69,69,68,65,41,62,61,61,61,61,53,40,40,61,62,70,48,41,26,26,26,17,17,31,31,15,29,18,17,17,31,3,49,44,38,33,11,11,25,25,4,4,5,0],"items_purged":[],"gold":31,"score":515,"play_id":"3d23cb44-8300-40e5-908b-b2e3d6597dea","local_time":"20180509230441","is_prod":false,"is_daily":false,"chose_seed":false,"is_ascension_mode":false,"campfire_upgraded":0,"timestamp":1525903481,"path_taken":["M","M","?","M","M","E","R","M","T","?","?","M","E","?","R","BOSS","M","?","M","?","?","E","$","R","T","M","R","M","E","?","R","BOSS","M","?","?","M","$","R","?","?","T","M","M"],"build_version":"2018-05-03","seed_source_timestamp":0,"purchased_purges":0,"victory":false,"master_deck":["Defend_G","Defend_G","Defend_G","Defend_G","Defend_G","Survivor","Neutralize","Noxious Fumes","Poisoned Stab","Noxious Fumes","Quick Slash","Underhanded Strike","Bouncing Flask","Flying Knee","Deadly Poison","Crippling Poison","Dagger Spray","Underhanded Strike","Wraith Form v2","Dodge and Roll+1","Slice+1","Bite","Bite","Bite","Bite","Bite","Dodge and Roll","Crippling Poison","Dash","Terror+1","Crippling Poison","Prepared","Poisoned Stab+1","Burst","Acrobatics+1","Madness","Madness","Flying Knee+1","Acrobatics","Bane+1","Noxious Fumes","Prepared+1","Master of Strategy","Bane+1","Writhe","Bane+1"],"max_hp_per_floor":[70,70,70,70,70,70,70,70,70,70,70,70,70,70,70,70,70,70,70,70,49,49,49,49,49,49,49,49,49,49,49,49,49,49,49,49,49,49,49,49,49,49,49,49,49],"relics":["Velvet Choker","Pen Nib","Dream Catcher","Pantograph","Lizard Tail","Nloth\u0027s Gift","Calipers","Snake Skull","Molten Egg 2","Tough Bandages","Cursed Key","Ice Cream","The Specimen","Smiling Mask"],"card_choices":[{"not_picked":["Infinite Blades","Slice"],"picked":"Noxious Fumes","floor":1.0},{"not_picked":["Slice","Eviscerate"],"picked":"Poisoned Stab","floor":2.0},{"not_picked":["Cloak And Dagger","Sucker Punch"],"picked":"Noxious Fumes","floor":4.0},{"not_picked":["Backflip","Deflect"],"picked":"Quick Slash","floor":5.0},{"not_picked":["Glass Knife","Outmaneuver"],"picked":"Underhanded Strike","floor":6.0},{"not_picked":["Prepared","Skewer"],"picked":"Bouncing Flask","floor":7.0},{"not_picked":["Blur","Skewer"],"picked":"Flying Knee","floor":8.0},{"not_picked":["Bouncing Flask","Heel Hook"],"picked":"Deadly Poison","floor":11.0},{"not_picked":["Poisoned Stab","Backstab"],"picked":"Crippling Poison","floor":12.0},{"not_picked":["Cloak And Dagger","Acrobatics"],"picked":"Dagger Spray","floor":13.0},{"not_picked":["Distraction","PiercingWail"],"picked":"Underhanded Strike","floor":15.0},{"not_picked":["Phantasmal Killer","Night Terror"],"picked":"Wraith Form v2","floor":16.0},{"not_picked":["Predator","Flying Knee"],"picked":"Dodge and Roll","floor":18},{"not_picked":["Dodge and Roll","Choke"],"picked":"Slice","floor":20},{"not_picked":["Wraith Form v2","Venomology"],"picked":"Dodge and Roll","floor":23},{"not_picked":["Dagger Throw","Deadly Poison"],"picked":"Terror","floor":25},{"not_picked":["Outmaneuver","Underhanded Strike"],"picked":"Crippling Poison","floor":28},{"not_picked":["Burst","Dagger Throw"],"picked":"Prepared","floor":30},{"not_picked":["Infinite Blades","Cloak And Dagger"],"picked":"Poisoned Stab","floor":32},{"not_picked":["Doppelganger","Corpse Explosion"],"picked":"Burst","floor":33},{"not_picked":["Night Terror","Outmaneuver"],"picked":"Acrobatics","floor":35},{"not_picked":["Deadly Poison","PiercingWail"],"picked":"Flying Knee","floor":37},{"not_picked":["Backflip","Dodge and Roll"],"picked":"Acrobatics","floor":38},{"not_picked":["Underhanded Strike","Blade Dance"],"picked":"Prepared","floor":40},{"not_picked":["Dark Shackles","Thinking Ahead"],"picked":"Master of Strategy","floor":41},{"not_picked":["Accuracy","Masterful Stab"],"picked":"Bane","floor":42},{"not_picked":["Outmaneuver","Terror"],"picked":"Bane","floor":44}],"player_experience":77251,"potions_floor_usage":[18,20,30,30,37],"damage_taken":[{"damage":1.0,"enemies":"Jaw Worm","floor":1.0,"turns":4.0},{"damage":0.0,"enemies":"Small Slimes","floor":2.0,"turns":3.0},{"damage":1.0,"enemies":"2 Louse","floor":4.0,"turns":3.0},{"damage":3.0,"enemies":"Large Slime","floor":5.0,"turns":6.0},{"damage":24.0,"enemies":"Lagavulin","floor":6.0,"turns":6.0},{"damage":1.0,"enemies":"3 Louse","floor":8.0,"turns":3.0},{"damage":0.0,"enemies":"2 Fungi Beasts","floor":11.0,"turns":2.0},{"damage":8.0,"enemies":"Blue Slaver","floor":12.0,"turns":3.0},{"damage":13.0,"enemies":"Gremlin Nob","floor":13.0,"turns":3.0},{"damage":8.0,"enemies":"Slime Boss","floor":16.0,"turns":8.0},{"damage":22,"enemies":"2 Thieves","floor":18,"turns":4},{"damage":15,"enemies":"Chosen","floor":20,"turns":6},{"damage":43,"enemies":"Book of Stabbing","floor":23,"turns":6},{"damage":18,"enemies":"Snecko","floor":27,"turns":4},{"damage":17,"enemies":"3 Cultists","floor":29,"turns":5},{"damage":18,"enemies":"Slavers","floor":30,"turns":5},{"damage":58,"enemies":"Automaton","floor":33,"turns":10},{"damage":5,"enemies":"Orb Walker","floor":35,"turns":3},{"damage":23,"enemies":"Mysterious Sphere","floor":37,"turns":4},{"damage":28,"enemies":"3 Darklings","floor":38,"turns":6},{"damage":23,"enemies":"4 Shapes","floor":42,"turns":4},{"damage":1,"enemies":"Sphere and 2 Shapes","floor":44,"turns":4},{"damage":8,"enemies":"3 Darklings","floor":45,"turns":2}],"event_choices":[{"event_name":"Big Fish","player_choice":"Box","floor":3.0,"damage_taken":0.0},{"event_name":"Golden Wing","player_choice":"Gained Gold","floor":10.0,"damage_taken":0.0},{"event_name":"The Woman in Blue","player_choice":"Bought 2 Potions","floor":14.0,"damage_taken":0.0},{"event_name":"Knowing Skull","player_choice":"","floor":19,"damage_taken":0},{"event_name":"Vampires","player_choice":"Became a vampire","floor":21,"damage_taken":0},{"event_name":"N\u0027loth","player_choice":"Traded a Dead Branch","floor":22,"damage_taken":0},{"event_name":"Beggar","player_choice":"Gave Gold","floor":31,"damage_taken":0},{"event_name":"Winding Halls","player_choice":"Embrace Madness","floor":36,"damage_taken":0},{"event_name":"Mysterious Sphere","player_choice":"Fight","floor":37,"damage_taken":0},{"event_name":"SensoryStone","player_choice":"Memory 1","floor":41,"damage_taken":0}],"boss_relics":[{"not_picked":["Calling Bell","Sozu"],"picked":"Lizard Tail"},{"not_picked":["Orrery","Snecko Eye"],"picked":"Cursed Key"}],"potions_floor_spawned":[1,4,6,12,16,23,29,35,38],"seed_played":"-7504498651331548498","killed_by":"3 Darklings","ascension_level":0,"is_trial":false}