{"path_per_floor":["M","$","M","M","M","R","E","M","T","R","?","?","M","T","R","B",null,"M","M","M","?","?","R"],"character_chosen":"THE_SILENT","items_purchased":["Caltrops","Escape Plan"],"gold_per_floor":[114,8,23,37,56,56,82,95,95,95,95,95,115,115,115,245,245,264,282,306,306,306,306],"floor_reached":24,"campfire_rested":3,"playtime":2336,"current_hp_per_floor":[54,54,54,54,48,48,33,22,22,40,40,25,18,18,36,19,63,61,38,17,17,11,29],"items_purged":[],"gold":306,"score":198,"play_id":"71ba0a3a-dbfc-45ca-a70f-0a168b3032f4","is_prod":false,"is_daily":false,"is_ascension_mode":false,"campfire_upgraded":1,"path_taken":["M","$","?","M","M","R","E","M","T","R","?","?","M","?","R","BOSS","M","M","M","?","?","R","E"],"build_version":"2018-02-12-PROD1","purchased_purges":0,"victory":false,"master_deck":["Defend_G","Defend_G","Defend_G","Defend_G","Strike_G","Strike_G","Strike_G","Survivor","Neutralize","Slice","Caltrops+1","Escape Plan","Choke","Caltrops","Dagger Throw","Bouncing Flask","Finisher","Well Laid Plans","Slice","Tools of the Trade","Backstab","Outmaneuver","Heel Hook"],"max_hp_per_floor":[63,63,63,63,63,63,63,63,63,63,63,63,63,63,63,63,63,63,63,63,63,63,63],"relics":["Ring of the Snake","Bag of Preparation","Ginger","Golden Idol","Torii","Runic Pyramid"],"card_choices":[{"not_picked":["Malaise","PiercingWail"],"picked":"Slice"},{"not_picked":["Sucker Punch","Outmaneuver"],"picked":"Choke"},{"not_picked":["Masterful Stab","Heel Hook"],"picked":"Caltrops"},{"not_picked":["Dagger Spray","Quick Slash"],"picked":"Dagger Throw"},{"not_picked":["Slice","Dodge and Roll"],"picked":"Bouncing Flask"},{"not_picked":["Terror","Dagger Spray"],"picked":"Finisher"},{"not_picked":["Poisoned Stab","Sucker Punch"],"picked":"Slice"},{"not_picked":["Venomology","Night Terror"],"picked":"Tools of the Trade"},{"not_picked":["Skewer","Flying Knee"],"picked":"Backstab"},{"not_picked":["PiercingWail","Deadly Poison"],"picked":"Outmaneuver"},{"not_picked":["Flying Knee","Deflect"],"picked":"Heel Hook"}],"player_experience":14383,"potions_floor_usage":[20,24,24],"damage_taken":[{"damage":9.0,"enemies":"Blue Slaver","floor":1.0,"turns":7.0},{"damage":0.0,"enemies":"Cultist","floor":3.0,"turns":4.0},{"damage":0.0,"enemies":"Small Slimes","floor":4.0,"turns":2.0},{"damage":6.0,"enemies":"3 Louse","floor":5.0,"turns":3.0},{"damage":15.0,"enemies":"Lagavulin","floor":7.0,"turns":5.0},{"damage":11.0,"enemies":"Lots of Slimes","floor":8.0,"turns":3.0},{"damage":7.0,"enemies":"Looter","floor":13.0,"turns":3.0},{"damage":17.0,"enemies":"Slime Boss","floor":16.0,"turns":9.0},{"damage":2.0,"enemies":"Shell Parasite","floor":18.0,"turns":4.0},{"damage":23,"enemies":"3 Cultists","floor":19,"turns":5},{"damage":21,"enemies":"Snake Plant","floor":20,"turns":3},{"damage":29,"enemies":"Slavers","floor":24,"turns":4}],"event_choices":[{"event_name":"Match and Keep!","player_choice":"1 cards matched","floor":11.0,"damage_taken":0.0},{"event_name":"Golden Idol","player_choice":"Take Damage","floor":12.0,"damage_taken":0.0},{"event_name":"Back to Basics","player_choice":"Elegance","floor":21,"damage_taken":0},{"event_name":"Wheel of Change","player_choice":"Damage","floor":22,"damage_taken":0}],"boss_relics":[],"potions_floor_spawned":[1,4,5,8,16,19,20],"seed_played":"989621141245284721","killed_by":"Slavers","ascension_level":0,"is_trial":false}