{"gold_per_floor":[131,143,143,167,225,264,39,39,118,118,118,136,136,311,311,311],"floor_reached":16,"playtime":688,"items_purged":["Regret"],"score":110,"play_id":"010799c0-a2f9-4757-8877-631e5cc19c31","local_time":"20190326201952","is_ascension_mode":true,"campfire_choices":[{"floor":8,"key":"REST"},{"data":"Neutralize","floor":11,"key":"SMITH"},{"floor":15,"key":"REST"}],"neow_cost":"CURSE","seed_source_timestamp":81640200828392,"circlet_count":0,"master_deck":["Defend_G","Defend_G","Defend_G","Defend_G","Defend_G","Strike_G","Strike_G","Strike_G","Strike_G","Strike_G","Survivor","Neutralize+1","Jack Of All Trades","HandOfGreed","Poisoned Stab","Prepared","Injury","Prepared","Doubt"],"relics":["Ring of the Snake","Golden Idol","Tingsha","Bag of Marbles","Question Card","Snake Skull"],"potions_floor_usage":[6,16,16,16,16],"damage_taken":[{"damage":5,"enemies":"Small Slimes","floor":1,"turns":3},{"damage":0,"enemies":"Jaw Worm","floor":2,"turns":2},{"damage":3,"enemies":"Cultist","floor":4,"turns":4},{"damage":30,"enemies":"Large Slime","floor":5,"turns":7},{"damage":16,"enemies":"Lagavulin","floor":6,"turns":6},{"damage":14,"enemies":"Looter","floor":12,"turns":4},{"damage":31,"enemies":"Hexaghost","floor":16,"turns":11}],"seed_played":"-1641223980488044120","potions_obtained":[{"floor":2,"key":"FearPotion"},{"floor":6,"key":"Dexterity Potion"},{"floor":10,"key":"Block Potion"},{"floor":10,"key":"EntropicBrew"}],"is_trial":false,"path_per_floor":["M","M","?","M","M","E","$","R","T","?","R","M","?","?","R","B"],"character_chosen":"THE_SILENT","items_purchased":["Bag of Marbles"],"campfire_rested":2,"item_purchase_floors":[7],"current_hp_per_floor":[65,65,65,62,32,16,16,37,37,37,37,23,5,5,26,0],"gold":311,"neow_bonus":"RANDOM_COLORLESS_2","is_prod":false,"is_daily":false,"chose_seed":false,"campfire_upgraded":1,"win_rate":0,"timestamp":1553645992,"path_taken":["M","M","?","M","M","E","$","R","T","?","R","?","?","?","R","BOSS"],"build_version":"2019-01-23","purchased_purges":1,"victory":false,"max_hp_per_floor":[70,70,70,70,70,70,70,70,70,70,70,70,70,70,70,70],"card_choices":[{"not_picked":["PiercingWail","Expertise"],"picked":"Poisoned Stab","floor":1},{"not_picked":["Blade Dance","Reflex"],"picked":"Prepared","floor":2},{"not_picked":["Cloak And Dagger","Noxious Fumes"],"picked":"Prepared","floor":4},{"not_picked":["Setup","Heel Hook","Dagger Spray"],"picked":"SKIP","floor":5},{"not_picked":["Venomology","Prepared","Dodge and Roll"],"picked":"SKIP","floor":6},{"not_picked":["Skewer","Sucker Punch","Flying Knee","Deadly Poison"],"picked":"SKIP","floor":12}],"player_experience":758520,"relics_obtained":[{"floor":6,"key":"Tingsha"},{"floor":9,"key":"Question Card"}],"event_choices":[{"damage_healed":0,"gold_gain":0,"player_choice":"Take Wound","damage_taken":0,"relics_obtained":["Golden Idol"],"max_hp_gain":0,"max_hp_loss":0,"event_name":"Golden Idol","floor":3,"gold_loss":0,"cards_obtained":["Injury"]},{"damage_healed":0,"gold_gain":0,"player_choice":"Got Potions","damage_taken":0,"max_hp_gain":0,"max_hp_loss":0,"event_name":"Lab","floor":10,"gold_loss":0},{"damage_healed":0,"gold_gain":0,"player_choice":"Success","damage_taken":18,"relics_obtained":["Snake Skull"],"max_hp_gain":0,"max_hp_loss":0,"event_name":"Scrap Ooze","floor":13,"gold_loss":0},{"damage_healed":0,"gold_gain":175,"player_choice":"AGREE","damage_taken":0,"max_hp_gain":0,"max_hp_loss":0,"event_name":"Liars Game","floor":14,"gold_loss":0,"cards_obtained":["Doubt"]}],"is_beta":false,"boss_relics":[],"items_purged_floors":[7],"is_endless":false,"potions_floor_spawned":[2,6,12],"killed_by":"Hexaghost","ascension_level":2}