{"gold_per_floor":[15,15,33,52,71,71,98,98,98,112,112,132,157,167,167,263,263,273,273,16,68,68,68,99,198,223,132,147,173,2,2],"floor_reached":31,"playtime":1600,"items_purged":[],"score":393,"play_id":"26da7df2-e673-4cda-a322-e0f3280ac1f9","local_time":"20180915075055","is_ascension_mode":true,"campfire_choices":[{"data":"White Noise","floor":6,"key":"SMITH"},{"floor":8,"key":"REST"},{"data":"Defragment","floor":11,"key":"SMITH"},{"floor":15,"key":"REST"},{"data":"White Noise","floor":23,"key":"SMITH"}],"neow_cost":"NO_GOLD","seed_source_timestamp":61700219896887,"circlet_count":0,"master_deck":["Zap","Dualcast","FTL","Consume","Leap","White Noise+1","Defragment+1","Hello World","Coolheaded","Conserve Battery","Sunder","Echo Form+1","Sweeping Beam+1","Hologram","Rebound","Streamline+1","Redo","White Noise+1","Glacier","Hologram+1","Panache","Capacitor","Self Repair","Hologram+1","White Noise+1","Defragment"],"relics":["Cracked Core","Boot","Anchor","Pear","Pandora\u0027s Box","Dream Catcher","Whetstone","Art of War","Smiling Mask"],"potions_floor_usage":[7,7,7,13,14,16,29,29,31],"damage_taken":[{"damage":0,"enemies":"Cultist","floor":1,"turns":3},{"damage":2,"enemies":"Jaw Worm","floor":3,"turns":3},{"damage":8,"enemies":"2 Louse","floor":4,"turns":3},{"damage":5,"enemies":"Red Slaver","floor":5,"turns":3},{"damage":30,"enemies":"3 Sentries","floor":7,"turns":5},{"damage":8,"enemies":"Exordium Thugs","floor":10,"turns":4},{"damage":1,"enemies":"Large Slime","floor":12,"turns":5},{"damage":13,"enemies":"Lagavulin","floor":13,"turns":9},{"damage":0,"enemies":"Blue Slaver","floor":14,"turns":4},{"damage":48,"enemies":"The Guardian","floor":16,"turns":11},{"damage":8,"enemies":"Shell Parasite","floor":18,"turns":4},{"damage":34,"enemies":"Book of Stabbing","floor":24,"turns":6},{"damage":3,"enemies":"Spheric Guardian","floor":28,"turns":4},{"damage":37,"enemies":"Slavers","floor":29,"turns":5},{"damage":50,"enemies":"Gremlin Leader","floor":31,"turns":4}],"seed_played":"-8111377811202311765","potions_obtained":[{"floor":1,"key":"LiquidBronze"},{"floor":2,"key":"FocusPotion"},{"floor":2,"key":"Block Potion"},{"floor":10,"key":"Block Potion"},{"floor":12,"key":"Energy Potion"},{"floor":14,"key":"Weak Potion"},{"floor":24,"key":"SteroidPotion"},{"floor":29,"key":"Poison Potion"}],"is_trial":false,"path_per_floor":["M","?","M","M","M","R","E","R","T","M","R","M","E","M","R","B",null,"M","?","$","T","?","R","E","?","T","$","M","E","$"],"character_chosen":"DEFECT","items_purchased":["Panache","Capacitor","Self Repair","Block Potion","FairyPotion","Defragment"],"campfire_rested":2,"item_purchase_floors":[20,20,27,27,30,30],"current_hp_per_floor":[82,82,80,72,67,67,37,63,63,55,55,54,51,51,80,32,82,81,81,81,81,81,81,47,47,47,47,58,28,28,0],"gold":2,"neow_bonus":"TWENTY_PERCENT_HP_BONUS","is_prod":false,"is_daily":false,"chose_seed":false,"campfire_upgraded":3,"win_rate":0,"timestamp":1536990655,"path_taken":["M","?","M","M","M","R","E","R","T","?","R","M","E","M","R","BOSS","M","?","$","?","?","R","E","?","T","$","M","E","?","E"],"build_version":"2018-09-06","purchased_purges":0,"victory":false,"max_hp_per_floor":[89,89,89,89,89,89,89,89,89,89,89,89,99,99,99,99,99,99,99,99,99,99,99,99,99,99,99,99,99,99,99],"card_choices":[{"not_picked":["Stack","Beam Cell"],"picked":"FTL","floor":1},{"not_picked":["Streamline","Scrape"],"picked":"Consume","floor":3},{"not_picked":["Undo","Genetic Algorithm"],"picked":"Leap","floor":4},{"not_picked":["Go for the Eyes","Static Discharge"],"picked":"White Noise","floor":5},{"not_picked":["All For One","Force Field"],"picked":"Defragment","floor":7},{"not_picked":["Consume","Compile Driver"],"picked":"Hello World","floor":10},{"not_picked":["Leap","Cold Snap"],"picked":"Coolheaded","floor":12},{"not_picked":["Redo","Steam"],"picked":"Conserve Battery","floor":13},{"not_picked":["Stack","Steam"],"picked":"Sunder","floor":14},{"not_picked":["Creative AI","Amplify"],"picked":"Echo Form","floor":16},{"not_picked":["BootSequence","Steam+1"],"picked":"Hologram+1","floor":18},{"not_picked":["Compile Driver","Recycle+1","Reinforced Body"],"picked":"SKIP","floor":24},{"not_picked":["Rebound","Compile Driver"],"picked":"Hologram+1","floor":28},{"not_picked":["Heatsinks","Compile Driver+1"],"picked":"White Noise+1","floor":29}],"player_experience":185022,"relics_obtained":[{"floor":7,"key":"Boot"},{"floor":9,"key":"Anchor"},{"floor":13,"key":"Pear"},{"floor":21,"key":"Dream Catcher"},{"floor":24,"key":"Whetstone"},{"floor":26,"key":"Art of War"},{"floor":29,"key":"Smiling Mask"}],"event_choices":[{"event_name":"The Lab","player_choice":"Got Potions","floor":2,"damage_taken":0},{"event_name":"Accursed Blacksmith","player_choice":"Forge","floor":19,"damage_taken":0},{"event_name":"Back to Basics","player_choice":"Elegance","floor":22,"damage_taken":0},{"event_name":"Nest","player_choice":"Stole From Cult","floor":25,"damage_taken":0}],"is_beta":false,"boss_relics":[{"not_picked":["Ectoplasm","Tiny House"],"picked":"Pandora\u0027s Box"}],"items_purged_floors":[],"is_endless":false,"potions_floor_spawned":[1,4,10,12,14,24,29],"killed_by":"Gremlin Leader","ascension_level":6}