{"path_per_floor":["M","?","?","$","M","E","R","E","T","R","T","M","E","?","R","B",null,"M","?","?","M","M","R","E","R","T","R","T","?","$","E","R","B",null,"M","M","$","M","?","E","R","M","T","E","R","M","?","M","R","B"],"character_chosen":"DEFECT","items_purchased":["Cables","Leap","Defragment","Master of Strategy"],"gold_per_floor":[110,285,285,5,5,36,36,69,69,69,69,82,111,61,61,163,193,208,123,123,140,151,151,184,184,184,184,207,207,129,158,158,256,256,270,281,74,93,93,118,118,132,155,189,189,208,208,222,222,222],"floor_reached":51,"campfire_rested":0,"playtime":2319,"item_purchase_floors":[4,4,30,37],"current_hp_per_floor":[75,75,68,68,68,68,68,55,69,69,69,69,69,69,69,40,94,94,94,94,94,93,93,84,84,84,84,84,65,65,75,75,58,99,101,99,99,101,88,60,60,66,66,71,71,89,89,105,105,69],"items_purged":[],"gold":222,"score":1002,"play_id":"a7cc767e-205e-4922-b9ac-d6b5611f690d","local_time":"20180531192609","is_prod":false,"is_daily":false,"chose_seed":false,"is_ascension_mode":true,"campfire_upgraded":8,"win_rate":0,"timestamp":1527809169,"campfire_choices":[{"data":"Zap","floor":7,"key":"SMITH"},{"data":"Biased Cognition","floor":10,"key":"SMITH"},{"data":"Strike_B","floor":15,"key":"PURGE"},{"data":"Defend_B","floor":23,"key":"PURGE"},{"data":"Echo Form","floor":25,"key":"SMITH"},{"data":"Dualcast","floor":27,"key":"SMITH"},{"data":"Defragment","floor":32,"key":"SMITH"},{"data":"Master of Strategy","floor":41,"key":"SMITH"},{"data":"Machine Learning","floor":45,"key":"SMITH"},{"data":"Madness","floor":49,"key":"SMITH"}],"path_taken":["M","?","?","$","M","E","R","E","T","R","?","?","E","?","R","BOSS","M","?","?","?","M","R","E","R","T","R","?","?","?","E","R","BOSS","M","M","$","M","?","E","R","M","T","E","R","?","?","M","R","BOSS"],"build_version":"2018-05-30v2","seed_source_timestamp":278525874078338,"purchased_purges":0,"victory":true,"master_deck":["Strike_B+1","Defend_B+1","Zap+1","Dualcast+1","Compile Driver+1","Leap","Gash","Biased Cognition+1","Glacier","Doom and Gloom+1","Gash","Echo Form+1","Chill+1","Compile Driver+1","Leap","Hello World","Defragment+1","Force Field+1","Machine Learning+1","Buffer+1","Go for the Eyes+1","Double Energy+1","Redo+1","Master of Strategy+1","Force Field+1","Madness+1","Madness","White Noise+1","Static Discharge+1","White Noise+1"],"max_hp_per_floor":[75,75,75,75,75,75,75,75,89,89,89,89,89,89,89,89,94,94,94,94,94,94,94,94,94,94,94,94,99,99,99,99,99,99,101,101,101,101,101,103,103,103,103,103,103,105,105,105,105,105],"relics":["Cracked Core","NeowsBlessing","Cables","Peace Pipe","Mercury Hourglass","Mango","Smiling Mask","Bottled Tornado","Tiny House","War Paint","Bird Faced Urn","Orichalcum","Whetstone","Singing Bowl","Astrolabe","Pen Nib","Dream Catcher","Mummified Hand"],"card_choices":[{"not_picked":["Cold Snap","Hologram"],"picked":"Compile Driver","floor":1},{"not_picked":["Beam Cell","Cold Snap"],"picked":"Gash","floor":5},{"not_picked":["Sweeping Beam","Rebound"],"picked":"Biased Cognition","floor":6},{"not_picked":["Undo","Redo"],"picked":"Glacier","floor":8},{"not_picked":["Turbo","Sweeping Beam"],"picked":"Doom and Gloom","floor":12},{"not_picked":["Steam","Beam Cell"],"picked":"Gash","floor":13},{"not_picked":["Buffer","Electrodynamics"],"picked":"Echo Form","floor":16},{"not_picked":["Sweeping Beam","Streamline"],"picked":"Chill","floor":17},{"not_picked":["Turbo","Static Discharge"],"picked":"Compile Driver+1","floor":18},{"not_picked":["Rebound","Barrage"],"picked":"Leap","floor":21},{"not_picked":["Rebound","Leap","Streamline"],"picked":"SKIP","floor":22},{"not_picked":["Hologram+1","Echo Form"],"picked":"Hello World","floor":24},{"not_picked":["Redo+1","Recycle"],"picked":"Force Field+1","floor":31},{"not_picked":["Echo Form","Thunder Strike"],"picked":"Machine Learning","floor":33},{"not_picked":["Hologram","Coolheaded+1","Steam"],"picked":"Singing Bowl","floor":35},{"not_picked":["Streamline","Rebound+1"],"picked":"Redo+1","floor":36},{"not_picked":["Streamline","Redo"],"picked":"Force Field+1","floor":38},{"not_picked":["Amplify","Genetic Algorithm+1","Heatsinks"],"picked":"Singing Bowl","floor":40},{"not_picked":["Reprogram+1","Beam Cell"],"picked":"White Noise+1","floor":42},{"not_picked":["Rebound+1","Double Energy+1"],"picked":"Static Discharge+1","floor":44},{"not_picked":["Sweeping Beam+1","Cold Snap","White Noise"],"picked":"Singing Bowl","floor":46},{"not_picked":["Consume+1","Sweeping Beam+1"],"picked":"White Noise+1","floor":48}],"player_experience":225489,"potions_floor_usage":[31,33,40,50,50,50],"damage_taken":[{"damage":0,"enemies":"Small Slimes","floor":1,"turns":1},{"damage":0,"enemies":"2 Louse","floor":5,"turns":1},{"damage":0,"enemies":"Gremlin Nob","floor":6,"turns":1},{"damage":13,"enemies":"3 Sentries","floor":8,"turns":4},{"damage":0,"enemies":"Jaw Worm","floor":12,"turns":2},{"damage":0,"enemies":"Gremlin Nob","floor":13,"turns":5},{"damage":29,"enemies":"Slime Boss","floor":16,"turns":6},{"damage":0,"enemies":"3 Byrds","floor":18,"turns":4},{"damage":0,"enemies":"Chosen","floor":21,"turns":3},{"damage":1,"enemies":"Centurion and Healer","floor":22,"turns":5},{"damage":9,"enemies":"Book of Stabbing","floor":24,"turns":4},{"damage":0,"enemies":"Slavers","floor":31,"turns":5},{"damage":25,"enemies":"Champ","floor":33,"turns":8},{"damage":0,"enemies":"3 Darklings","floor":35,"turns":5},{"damage":2,"enemies":"Orb Walker","floor":36,"turns":3},{"damage":1,"enemies":"Spire Growth","floor":38,"turns":5},{"damage":40,"enemies":"2 Orb Walkers","floor":40,"turns":6},{"damage":4,"enemies":"Maw","floor":42,"turns":5},{"damage":9,"enemies":"Nemesis","floor":44,"turns":9},{"damage":0,"enemies":"Flame Bruiser 2 Orb","floor":46,"turns":5},{"damage":0,"enemies":"3 Darklings","floor":48,"turns":5},{"damage":46,"enemies":"Time Eater","floor":50,"turns":9}],"relics_obtained":[{"floor":6,"key":"Peace Pipe"},{"floor":8,"key":"Mercury Hourglass"},{"floor":9,"key":"Mango"},{"floor":11,"key":"Smiling Mask"},{"floor":13,"key":"Bottled Tornado"},{"floor":24,"key":"Bird Faced Urn"},{"floor":26,"key":"Orichalcum"},{"floor":28,"key":"Whetstone"},{"floor":31,"key":"Singing Bowl"},{"floor":40,"key":"Pen Nib"},{"floor":43,"key":"Dream Catcher"},{"floor":44,"key":"Mummified Hand"}],"event_choices":[{"event_name":"Liars Game","player_choice":"agreed","floor":2,"damage_taken":0},{"event_name":"Golden Wing","player_choice":"Card Removal","floor":3,"damage_taken":0},{"event_name":"The Cleric","player_choice":"Card Removal","floor":14,"damage_taken":0},{"event_name":"Addict","player_choice":"Obtained Relic","floor":19,"damage_taken":0},{"event_name":"Vampires","player_choice":"Ignored","floor":20,"damage_taken":0},{"event_name":"Forgotten Altar","player_choice":"Shed Blood","floor":29,"damage_taken":0},{"event_name":"Winding Halls","player_choice":"Embrace Madness","floor":39,"damage_taken":0},{"event_name":"Transmorgrifier","player_choice":"Skipped","floor":47,"damage_taken":0}],"boss_relics":[{"not_picked":["Pandora\u0027s Box","Runic Dome"],"picked":"Tiny House"},{"not_picked":["Eternal Feather","Orrery"],"picked":"Astrolabe"}],"items_purged_floors":[],"potions_floor_spawned":[12,13,21,22,33,40,42,46,48],"seed_played":"-2252350510177939126","ascension_level":3,"potions_obtained":[{"floor":12,"key":"Dexterity Potion"},{"floor":13,"key":"SpeedPotion"},{"floor":17,"key":"PowerPotion"},{"floor":21,"key":"GamblersBrew"},{"floor":33,"key":"SkillPotion"},{"floor":40,"key":"Strength Potion"},{"floor":42,"key":"FocusPotion"}],"is_trial":false}