{"gold_per_floor":[112,112,124,34,54,54,68,81,108,121,271,271,91,16,16,93,93,111,11,11,27,27,27,44,44,44,44,61,90,90],"floor_reached":30,"playtime":1274,"items_purged":["Doubt","Strike_B"],"score":456,"play_id":"51d3d128-7638-419a-b115-4f33f18d6bd3","local_time":"20180925013020","is_ascension_mode":true,"campfire_choices":[{"floor":6,"key":"REST"},{"floor":12,"key":"REST"},{"data":"Static Discharge","floor":15,"key":"SMITH"},{"floor":23,"key":"REST"},{"floor":25,"key":"REST"},{"data":"Static Discharge","floor":27,"key":"SMITH"}],"neow_cost":"","seed_source_timestamp":822861114825513,"circlet_count":0,"master_deck":["Strike_B","Strike_B","Defend_B","Defend_B","Defend_B","Defend_B","Zap+1","Dualcast","AscendersBane","Beam Cell","Static Discharge+1","Self Repair","Ball Lightning","Ball Lightning","Auto Shields","Static Discharge+1","Conserve Battery","Echo Form","Glacier","Rip and Tear","Lockon","Static Discharge","Self Repair"],"relics":["Cracked Core","Pen Nib","Orrery","Dodecahedron","Oddly Smooth Stone"],"potions_floor_usage":[24,28,29,29],"damage_taken":[{"damage":4,"enemies":"Small Slimes","floor":1,"turns":3},{"damage":6,"enemies":"Cultist","floor":3,"turns":3},{"damage":2,"enemies":"Jaw Worm","floor":5,"turns":3},{"damage":19,"enemies":"Exordium Thugs","floor":7,"turns":4},{"damage":8,"enemies":"Large Slime","floor":8,"turns":5},{"damage":7,"enemies":"Looter","floor":10,"turns":3},{"damage":49,"enemies":"Slime Boss","floor":16,"turns":6},{"damage":6,"enemies":"Spheric Guardian","floor":18,"turns":3},{"damage":18,"enemies":"Chosen","floor":21,"turns":4},{"damage":17,"enemies":"Snake Plant","floor":24,"turns":2},{"damage":36,"enemies":"Snecko","floor":28,"turns":4},{"damage":34,"enemies":"Gremlin Leader","floor":29,"turns":4},{"damage":12,"enemies":"Chosen and Byrds","floor":30,"turns":3}],"seed_played":"6089272039333116678","potions_obtained":[{"floor":3,"key":"LiquidBronze"},{"floor":7,"key":"Strength Potion"},{"floor":24,"key":"Regen Potion"},{"floor":28,"key":"SteroidPotion"}],"is_trial":false,"path_per_floor":["M","?","M","$","M","R","M","M","T","M","?","R","$","?","R","B",null,"M","$","?","M","?","R","M","R","T","R","M","E"],"character_chosen":"DEFECT","items_purchased":["Self Repair","Static Discharge","Conserve Battery"],"campfire_rested":4,"item_purchase_floors":[4,13,13],"current_hp_per_floor":[60,60,54,54,52,71,59,58,58,51,51,71,71,71,71,29,61,55,55,55,44,37,58,41,62,62,62,40,6,0],"gold":90,"neow_bonus":"","is_prod":false,"is_daily":false,"chose_seed":false,"campfire_upgraded":2,"win_rate":0,"timestamp":1537831820,"path_taken":["M","?","M","$","M","R","M","M","T","?","?","R","$","?","R","BOSS","M","$","?","?","?","R","M","R","T","R","M","E","M"],"build_version":"2018-09-20","purchased_purges":2,"victory":false,"max_hp_per_floor":[71,71,71,71,71,71,71,71,71,71,71,71,71,71,71,71,71,71,71,71,71,71,71,71,71,71,71,71,71,71],"card_choices":[{"not_picked":["Leap","Stack"],"picked":"Beam Cell","floor":1},{"not_picked":["Sweeping Beam","Streamline"],"picked":"Static Discharge","floor":3},{"not_picked":["Coolheaded","Conserve Battery"],"picked":"Ball Lightning","floor":5},{"not_picked":["Leap","Compile Driver"],"picked":"Ball Lightning","floor":7},{"not_picked":["Scrape","Skim","Barrage"],"picked":"SKIP","floor":8},{"not_picked":["Turbo","Capacitor"],"picked":"Auto Shields","floor":10},{"not_picked":["All For One","Creative AI"],"picked":"Echo Form","floor":16},{"not_picked":["Barrage","Hello World"],"picked":"Glacier","floor":17},{"not_picked":["Go for the Eyes","Gash"],"picked":"Rip and Tear","floor":17},{"not_picked":["Machine Learning","Go for the Eyes","Reprogram"],"picked":"SKIP","floor":18},{"not_picked":["Hologram","Barrage"],"picked":"Lockon","floor":21},{"not_picked":["Rebound","Capacitor"],"picked":"Static Discharge","floor":24},{"not_picked":["Barrage","Sweeping Beam","Coolheaded"],"picked":"SKIP","floor":28},{"not_picked":["Creative AI","Chill"],"picked":"Self Repair","floor":29}],"player_experience":656668,"relics_obtained":[{"floor":9,"key":"Pen Nib"},{"floor":26,"key":"Dodecahedron"},{"floor":29,"key":"Oddly Smooth Stone"}],"event_choices":[{"event_name":"Upgrade Shrine","player_choice":"Upgraded","floor":2,"damage_taken":0},{"event_name":"Liars Game","player_choice":"agreed","floor":11,"damage_taken":0},{"event_name":"The Cleric","player_choice":"Card Removal","floor":14,"damage_taken":0},{"event_name":"Cursed Tome","player_choice":"Ignored","floor":20,"damage_taken":0},{"event_name":"Knowing Skull","player_choice":"","floor":22,"damage_taken":0}],"is_beta":false,"boss_relics":[{"not_picked":["Busted Crown","Calling Bell"],"picked":"Orrery"}],"items_purged_floors":[13,19],"is_endless":false,"potions_floor_spawned":[3,7,10,16,21,24,28],"killed_by":"Chosen and Byrds","ascension_level":18}