{"gold_per_floor":[110,38,56,6,281,313,313,326,352,367,78,3,16,26,26,129,129,139,52,64,64,80,80,93,93],"floor_reached":25,"playtime":1445,"items_purged":["Regret"],"score":230,"play_id":"c4762c9d-5a41-4c8d-a3b3-1cbb1bcc6278","local_time":"20190120030646","is_ascension_mode":false,"campfire_choices":[{"data":"Undo","floor":7.0,"key":"SMITH"},{"data":"Stack","floor":15.0,"key":"SMITH"},{"floor":23.0,"key":"REST"}],"neow_cost":"NONE","seed_source_timestamp":0,"circlet_count":0,"master_deck":["Strike_B+1","Strike_B+1","Defend_B","Defend_B","Zap","Dualcast","Go for the Eyes","Stack+1","Undo+1","White Noise","Machine Learning","Beam Cell","Trip","Hologram","BootSequence","Buffer","BootSequence+1","Double Energy+1","Capacitor+1","Lockon+1","Bandage Up"],"special_seed":0,"relics":["Cracked Core","NeowsBlessing","Centennial Puzzle","Omamori","Whetstone","Astrolabe","Nilry\u0027s Codex"],"potions_floor_usage":[25],"damage_taken":[{"damage":0.0,"enemies":"Cultist","floor":1.0,"turns":1.0},{"damage":0.0,"enemies":"Jaw Worm","floor":3.0,"turns":1.0},{"damage":0.0,"enemies":"Gremlin Nob","floor":6.0,"turns":1.0},{"damage":11.0,"enemies":"Small Slimes","floor":8.0,"turns":3.0},{"damage":17.0,"enemies":"3 Louse","floor":10.0,"turns":4.0},{"damage":6.0,"enemies":"Exordium Wildlife","floor":13.0,"turns":4.0},{"damage":16.0,"enemies":"Lots of Slimes","floor":14.0,"turns":6.0},{"damage":15.0,"enemies":"Slime Boss","floor":16.0,"turns":9.0},{"damage":26.0,"enemies":"2 Thieves","floor":18.0,"turns":5.0},{"damage":15.0,"enemies":"Shell Parasite","floor":20.0,"turns":7.0},{"damage":22.0,"enemies":"Snecko","floor":22.0,"turns":7.0},{"damage":16,"enemies":"Centurion and Healer","floor":24,"turns":9},{"damage":22,"enemies":"Slavers","floor":25,"turns":3}],"seed_played":"-2380295366050366197","potions_obtained":[{"floor":1.0,"key":"AttackPotion"},{"floor":3.0,"key":"SpeedPotion"},{"floor":8.0,"key":"Fire Potion"},{"floor":13.0,"key":"Poison Potion"},{"floor":20.0,"key":"Ancient Potion"},{"floor":24,"key":"SkillPotion"}],"is_trial":false,"path_per_floor":["M","$","M","?","?","E","R","M","T","M","$","$","M","M","R","B",null,"M","$","M","?","M","R","M","E"],"character_chosen":"DEFECT","items_purchased":["Go for the Eyes","Stack","Whetstone","Beam Cell","Trip","Bandage Up"],"campfire_rested":1,"item_purchase_floors":[2,2,11,11,11,19],"current_hp_per_floor":[75,75,75,75,75,75,75,64,64,47,47,47,41,25,25,10,75,49,49,38,22,4,26,14,0],"gold":93,"neow_bonus":"THREE_ENEMY_KILL","is_prod":false,"is_daily":false,"chose_seed":false,"campfire_upgraded":2,"win_rate":0,"timestamp":1547971606,"path_taken":["M","$","M","?","?","E","R","M","T","?","?","$","M","M","R","BOSS","M","$","?","?","M","R","M","E"],"build_version":"2019-01-17v2","purchased_purges":1,"victory":false,"max_hp_per_floor":[75,75,75,75,75,75,75,75,75,75,75,75,75,75,75,75,75,75,75,75,75,75,75,75,75],"card_choices":[{"not_picked":["Melter","Rebound","Ball Lightning"],"picked":"SKIP","floor":1.0},{"not_picked":["Redo","Melter"],"picked":"Undo","floor":3.0},{"not_picked":["Sweeping Beam","Tempest","Compile Driver"],"picked":"SKIP","floor":6.0},{"not_picked":["Steam","Auto Shields"],"picked":"White Noise","floor":8.0},{"not_picked":["Barrage","Ball Lightning"],"picked":"Machine Learning","floor":10.0},{"not_picked":["Melter","Rebound"],"picked":"Hologram","floor":13.0},{"not_picked":["Leap","Steam"],"picked":"BootSequence","floor":14.0},{"not_picked":["Reboot","Core Surge"],"picked":"Buffer","floor":16.0},{"not_picked":["Aggregate","Turbo"],"picked":"Lockon+1","floor":18.0},{"not_picked":["Redo","Gash","Compile Driver"],"picked":"SKIP","floor":20.0},{"not_picked":["Rebound","Lockon","Barrage+1"],"picked":"SKIP","floor":22.0},{"not_picked":["Ball Lightning+1","Capacitor+1","Turbo"],"picked":"SKIP","floor":24}],"player_experience":547096,"relics_obtained":[{"floor":6.0,"key":"Centennial Puzzle"},{"floor":9.0,"key":"Omamori"},{"floor":21.0,"key":"Nilry\u0027s Codex"}],"event_choices":[{"cards_removed":["Strike_B"],"damage_healed":0.0,"max_hp_gain":0.0,"max_hp_loss":0.0,"gold_gain":0.0,"event_name":"The Cleric","player_choice":"Card Removal","floor":4.0,"gold_loss":50.0,"damage_taken":0.0},{"damage_healed":0.0,"max_hp_gain":0.0,"max_hp_loss":0.0,"gold_gain":275.0,"event_name":"Golden Shrine","player_choice":"Desecrate","floor":5.0,"gold_loss":0.0,"damage_taken":0.0,"cards_obtained":["Regret"]},{"damage_healed":0.0,"max_hp_gain":0.0,"max_hp_loss":0.0,"gold_gain":0.0,"event_name":"Cursed Tome","player_choice":"Obtained Book","floor":21.0,"gold_loss":0.0,"damage_taken":16.0}],"is_beta":false,"boss_relics":[{"not_picked":["Empty Cage","Sozu"],"picked":"Astrolabe"}],"items_purged_floors":[12],"is_endless":false,"potions_floor_spawned":[1,3,8,13,14,20,24],"killed_by":"Slavers","ascension_level":0}