{"path_per_floor":["M","M","?","M","?","E","R","M","T","M","E","?","R","E","R","B",null,"M","M","?","$","M"],"character_chosen":"DEFECT","items_purchased":["Matryoshka","FTL","Go for the Eyes"],"gold_per_floor":[111,128,128,140,90,123,123,140,140,155,185,185,185,213,213,314,314,328,348,348,57,77,77],"floor_reached":23,"campfire_rested":2,"playtime":704,"item_purchase_floors":[21,21,21],"current_hp_per_floor":[66,65,65,62,62,34,34,23,23,22,4,4,26,16,38,23,62,46,39,25,25,1,0],"items_purged":[],"gold":77,"score":274,"play_id":"42608623-a89a-4e09-9418-d8a4f33bf86d","local_time":"20180602211731","is_prod":false,"is_daily":false,"chose_seed":false,"is_ascension_mode":true,"campfire_upgraded":1,"win_rate":0,"timestamp":1527988651,"campfire_choices":[{"data":"Zap","floor":7,"key":"SMITH"},{"floor":13,"key":"REST"},{"floor":15,"key":"REST"}],"path_taken":["M","M","?","M","?","E","R","M","T","M","E","?","R","E","R","BOSS","M","M","?","$","M","E"],"build_version":"2018-05-30v2","seed_source_timestamp":40487576410504,"purchased_purges":0,"victory":false,"master_deck":["Strike_B","Strike_B","Strike_B","Strike_B","Defend_B","Defend_B","Zap+1","Dualcast","Leap","Leap","Gash","Sunder","Coolheaded","Redo+1","Auto Shields+1","Multi-Cast+1","All For One","FTL","Turbo+1","FTL","Go for the Eyes","White Noise+1"],"max_hp_per_floor":[75,75,75,75,75,75,75,75,75,75,75,75,75,75,75,75,75,75,75,80,80,80,80],"relics":["Cracked Core","Boot","Peace Pipe","Toxic Egg 2","The Courier","Sundial","Black Star","Matryoshka"],"card_choices":[{"not_picked":["Hologram","Turbo"],"picked":"Leap","floor":1},{"not_picked":["Stack","Hologram"],"picked":"Leap","floor":2},{"not_picked":["Barrage","Leap"],"picked":"Gash","floor":4},{"not_picked":["Rebound","Hologram"],"picked":"Sunder","floor":6},{"not_picked":["Barrage","Turbo"],"picked":"Coolheaded","floor":8},{"not_picked":["Sweeping Beam","Coolheaded+1"],"picked":"Redo+1","floor":10},{"not_picked":["Sunder","Compile Driver"],"picked":"Auto Shields+1","floor":11},{"not_picked":["Rebound","Streamline"],"picked":"Multi-Cast+1","floor":14},{"not_picked":["Creative AI","Biased Cognition"],"picked":"All For One","floor":16},{"not_picked":["Scrape","Reprogram+1"],"picked":"FTL","floor":18},{"not_picked":["Steam+1","Cold Snap+1"],"picked":"Turbo+1","floor":19},{"not_picked":["Barrage","Skim+1"],"picked":"White Noise+1","floor":22}],"player_experience":269400,"potions_floor_usage":[6,11,14,23,23],"damage_taken":[{"damage":2,"enemies":"Jaw Worm","floor":1,"turns":3},{"damage":1,"enemies":"Cultist","floor":2,"turns":4},{"damage":3,"enemies":"Small Slimes","floor":4,"turns":3},{"damage":28,"enemies":"Gremlin Nob","floor":6,"turns":4},{"damage":11,"enemies":"Looter","floor":8,"turns":2},{"damage":1,"enemies":"Blue Slaver","floor":10,"turns":3},{"damage":18,"enemies":"Lagavulin","floor":11,"turns":7},{"damage":10,"enemies":"Gremlin Nob","floor":14,"turns":3},{"damage":15,"enemies":"Slime Boss","floor":16,"turns":10},{"damage":16,"enemies":"Chosen","floor":18,"turns":5},{"damage":7,"enemies":"2 Thieves","floor":19,"turns":3},{"damage":24,"enemies":"Centurion and Healer","floor":22,"turns":5},{"damage":24,"enemies":"Book of Stabbing","floor":23,"turns":1}],"relics_obtained":[{"floor":6,"key":"Peace Pipe"},{"floor":9,"key":"Toxic Egg 2"},{"floor":11,"key":"The Courier"},{"floor":14,"key":"Sundial"}],"event_choices":[{"event_name":"Bonfire Elementals","player_choice":"BASIC","floor":3,"damage_taken":0},{"event_name":"The Cleric","player_choice":"Card Removal","floor":5,"damage_taken":0},{"event_name":"Liars Game","player_choice":"disagreed","floor":12,"damage_taken":0},{"event_name":"Forgotten Altar","player_choice":"Shed Blood","floor":20,"damage_taken":0}],"boss_relics":[{"not_picked":["Tiny House","Inserter"],"picked":"Black Star"}],"items_purged_floors":[],"potions_floor_spawned":[4,6,8,16,18],"seed_played":"201958432294760293","killed_by":"Book of Stabbing","ascension_level":6,"potions_obtained":[{"floor":4,"key":"GamblersBrew"},{"floor":6,"key":"Strength Potion"},{"floor":8,"key":"Poison Potion"},{"floor":16,"key":"SpeedPotion"},{"floor":18,"key":"Explosive Potion"}],"is_trial":false}