{"gold_per_floor":[109,109,128,138,29,56,56,56,56,74,107,124,24,35,35,131,131,131,131,131,131,131,131,131,131,131,131,131,131,131,131,131,131],"floor_reached":33,"playtime":2085,"items_purged":["Strike_R","Strike_R"],"score":333,"play_id":"1fa4001b-0cc1-4221-a4ba-b2e13a4cc494","local_time":"20190326223555","is_ascension_mode":true,"campfire_choices":[{"floor":7,"key":"REST"},{"floor":15,"key":"REST"},{"floor":23,"key":"REST"},{"floor":25,"key":"REST"},{"floor":32,"key":"REST"}],"neow_cost":"NONE","seed_source_timestamp":36867979598043,"circlet_count":0,"master_deck":["Strike_R","Strike_R","Strike_R","Defend_R","Defend_R","Defend_R","Defend_R","Bash","Shockwave","Infernal Blade","Carnage","Thunderclap","Rampage","Fiend Fire","Shockwave","Double Tap","Sword Boomerang+1","Cleave","Clothesline+1","Perfected Strike","Clothesline","Disarm+1","Dual Wield+1","Writhe"],"relics":["Snecko Eye","NlothsMask","Dodecahedron","Oddly Smooth Stone","Ectoplasm","The Courier","Toxic Egg 2","Happy Flower","Shovel","Tiny Chest"],"potions_floor_usage":[6,11,22,24,27,33],"damage_taken":[{"damage":0,"enemies":"Small Slimes","floor":1,"turns":3},{"damage":0,"enemies":"Cultist","floor":3,"turns":2},{"damage":0,"enemies":"2 Louse","floor":4,"turns":2},{"damage":16,"enemies":"Lagavulin","floor":6,"turns":4},{"damage":7,"enemies":"Lots of Slimes","floor":10,"turns":2},{"damage":15,"enemies":"3 Sentries","floor":11,"turns":5},{"damage":4,"enemies":"Looter","floor":12,"turns":2},{"damage":4,"enemies":"Gremlin Gang","floor":14,"turns":3},{"damage":37,"enemies":"The Guardian","floor":16,"turns":8},{"damage":1,"enemies":"Spheric Guardian","floor":18,"turns":3},{"damage":8,"enemies":"Shell Parasite","floor":20,"turns":3},{"damage":15,"enemies":"Snake Plant","floor":21,"turns":3},{"damage":13,"enemies":"Shelled Parasite and Fungi","floor":22,"turns":3},{"damage":18,"enemies":"Gremlin Leader","floor":24,"turns":4},{"damage":32,"enemies":"Slavers","floor":27,"turns":4},{"damage":13,"enemies":"Centurion and Healer","floor":28,"turns":3},{"damage":33,"enemies":"Book of Stabbing","floor":30,"turns":5},{"damage":57,"enemies":"Champ","floor":33,"turns":7}],"seed_played":"-5525176562354466346","potions_obtained":[{"floor":3,"key":"LiquidBronze"},{"floor":6,"key":"Strength Potion"},{"floor":8,"key":"Regen Potion"},{"floor":8,"key":"Fire Potion"},{"floor":11,"key":"SpeedPotion"},{"floor":21,"key":"Regen Potion"},{"floor":28,"key":"Energy Potion"}],"is_trial":false,"path_per_floor":["M","?","M","M","$","E","R","?","T","M","E","M","$","M","R","B",null,"M","?","M","M","M","R","E","R","T","E","M","?","E","?","R","B"],"character_chosen":"IRONCLAD","items_purchased":["Carnage"],"campfire_rested":5,"item_purchase_floors":[5],"current_hp_per_floor":[80,80,80,80,80,64,80,80,80,73,72,68,68,64,80,43,80,79,79,71,56,52,76,58,80,80,48,35,61,28,28,52,0],"gold":131,"neow_bonus":"BOSS_RELIC","is_prod":false,"is_daily":false,"chose_seed":false,"campfire_upgraded":0,"win_rate":0,"timestamp":1553639755,"path_taken":["M","?","?","M","$","E","R","?","T","M","E","?","$","M","R","BOSS","M","?","?","?","M","R","E","R","T","E","M","?","E","?","R","BOSS"],"build_version":"2019-01-23","purchased_purges":2,"victory":false,"max_hp_per_floor":[80,80,80,80,80,80,80,80,80,80,80,80,80,80,80,80,80,80,80,80,80,80,80,80,80,80,80,80,80,80,80,80,80],"card_choices":[{"not_picked":["Thunderclap","Pommel Strike"],"picked":"Shockwave","floor":1},{"not_picked":["Pommel Strike","Twin Strike","Hemokinesis"],"picked":"SKIP","floor":3},{"not_picked":["Entrench","True Grit"],"picked":"Infernal Blade","floor":4},{"not_picked":["Whirlwind","Bloodletting"],"picked":"Thunderclap","floor":6},{"not_picked":["Shrug It Off","Sentinel","Rampage"],"picked":"SKIP","floor":10},{"not_picked":["Shrug It Off","Sentinel"],"picked":"Rampage","floor":10},{"not_picked":["Intimidate","Ghostly Armor"],"picked":"Fiend Fire","floor":11},{"not_picked":["Reckless Charge","True Grit"],"picked":"Shockwave","floor":12},{"not_picked":["Twin Strike","Intimidate","Warcry"],"picked":"SKIP","floor":14},{"not_picked":["Juggernaut","Impervious"],"picked":"Double Tap","floor":16},{"not_picked":["Thunderclap","Burning Pact"],"picked":"Sword Boomerang+1","floor":18},{"not_picked":["Sword Boomerang","Pommel Strike","Battle Trance"],"picked":"SKIP","floor":20},{"not_picked":["Feel No Pain","Combust"],"picked":"Cleave","floor":21},{"not_picked":["Warcry","Exhume"],"picked":"Clothesline+1","floor":22},{"not_picked":["Thunderclap","Pommel Strike"],"picked":"Perfected Strike","floor":24},{"not_picked":["Ghostly Armor+1","Sever Soul"],"picked":"Clothesline","floor":27},{"not_picked":["Hemokinesis+1","Heavy Blade+1"],"picked":"Disarm+1","floor":28},{"not_picked":["Sword Boomerang","Shrug It Off+1"],"picked":"Dual Wield+1","floor":30}],"player_experience":224191,"relics_obtained":[{"floor":6,"key":"Dodecahedron"},{"floor":11,"key":"Oddly Smooth Stone"},{"floor":24,"key":"The Courier"},{"floor":26,"key":"Toxic Egg 2"},{"floor":27,"key":"Happy Flower"},{"floor":30,"key":"Shovel"}],"event_choices":[{"damage_healed":0,"gold_gain":0,"player_choice":"Trade","damage_taken":0,"relics_obtained":["NlothsMask"],"max_hp_gain":0,"max_hp_loss":0,"event_name":"FaceTrader","floor":2,"gold_loss":0},{"damage_healed":0,"gold_gain":0,"player_choice":"Got Potions","damage_taken":0,"max_hp_gain":0,"max_hp_loss":0,"event_name":"Lab","floor":8,"gold_loss":0},{"damage_healed":0,"gold_gain":0,"player_choice":"Bought 0 Potions","damage_taken":0,"max_hp_gain":0,"max_hp_loss":0,"event_name":"The Woman in Blue","floor":19,"gold_loss":0},{"damage_healed":26,"gold_gain":0,"player_choice":"Heal","damage_taken":0,"max_hp_gain":0,"max_hp_loss":0,"event_name":"The Library","floor":29,"gold_loss":0},{"damage_healed":0,"gold_gain":0,"player_choice":"Opened","damage_taken":0,"relics_obtained":["Tiny Chest"],"max_hp_gain":0,"max_hp_loss":0,"event_name":"The Mausoleum","floor":31,"gold_loss":0,"cards_obtained":["Writhe"]}],"is_beta":false,"boss_relics":[{"not_picked":["Busted Crown","Calling Bell"],"picked":"Ectoplasm"}],"items_purged_floors":[5,13],"is_endless":false,"potions_floor_spawned":[3,6,10,11,16,18,21,28],"killed_by":"Champ","ascension_level":1}