{"gold_per_floor":[118,85,85,85,105,105,117,117,117,135,145,145,171,181,181,181],"floor_reached":16,"playtime":577,"items_purged":[],"score":153,"play_id":"45579233-ed9a-47e0-a8ba-c1177d9f4914","local_time":"20180917051726","is_ascension_mode":true,"campfire_choices":[{"data":"Dualcast","floor":6,"key":"SMITH"},{"data":"Zap","floor":8,"key":"SMITH"},{"floor":12,"key":"REST"},{"floor":15,"key":"REST"}],"neow_cost":"NONE","seed_source_timestamp":145975805742882,"circlet_count":0,"master_deck":["Strike_B","Strike_B","Strike_B","Strike_B","Defend_B","Defend_B","Defend_B","Defend_B","Zap+1","Dualcast+1","AscendersBane","Rainbow","Sunder","Undo","Steam","Streamline","Reprogram+1"],"relics":["Cracked Core","Kunai","Toxic Egg 2"],"potions_floor_usage":[11,13,13,13,16],"damage_taken":[{"damage":6,"enemies":"Jaw Worm","floor":1,"turns":4},{"damage":1,"enemies":"Cultist","floor":5,"turns":3},{"damage":0,"enemies":"2 Louse","floor":7,"turns":2},{"damage":11,"enemies":"Looter","floor":10,"turns":2},{"damage":15,"enemies":"Exordium Thugs","floor":11,"turns":4},{"damage":19,"enemies":"Gremlin Nob","floor":13,"turns":4},{"damage":3,"enemies":"Red Slaver","floor":14,"turns":3},{"damage":64,"enemies":"Hexaghost","floor":16,"turns":10}],"seed_played":"-8430889266765892044","potions_obtained":[{"floor":4,"key":"Ancient Potion"},{"floor":4,"key":"EssenceOfSteel"},{"floor":4,"key":"SkillPotion"},{"floor":10,"key":"EssenceOfSteel"},{"floor":11,"key":"Swift Potion"},{"floor":14,"key":"Swift Potion"}],"is_trial":false,"path_per_floor":["M","?","?","?","M","R","M","R","T","M","M","R","E","M","R"],"character_chosen":"DEFECT","items_purchased":[],"campfire_rested":2,"item_purchase_floors":[],"current_hp_per_floor":[62,62,62,62,61,61,61,61,61,50,35,57,38,35,57,0],"gold":181,"neow_bonus":"ONE_RANDOM_RARE_CARD","is_prod":false,"is_daily":false,"chose_seed":false,"campfire_upgraded":2,"win_rate":0,"timestamp":1537154246,"path_taken":["M","?","?","?","M","R","M","R","T","M","?","R","E","M","R","BOSS"],"build_version":"2018-09-06","purchased_purges":0,"victory":false,"max_hp_per_floor":[75,75,75,75,75,75,75,75,75,75,75,75,75,75,75,75],"card_choices":[{"not_picked":["Coolheaded","Rebound","Stack"],"picked":"SKIP","floor":1},{"not_picked":["Hologram","Turbo"],"picked":"Sunder","floor":5},{"not_picked":["Hologram","Gash"],"picked":"Undo","floor":7},{"not_picked":["Turbo","Reprogram"],"picked":"Steam","floor":10},{"not_picked":["Go for the Eyes","Coolheaded"],"picked":"Streamline","floor":11},{"not_picked":["Streamline","Leap","Hello World"],"picked":"SKIP","floor":13},{"not_picked":["Rebound","Gash"],"picked":"Reprogram+1","floor":14}],"player_experience":277682,"relics_obtained":[{"floor":9,"key":"Kunai"},{"floor":13,"key":"Toxic Egg 2"}],"event_choices":[{"event_name":"World of Goop","player_choice":"Left","floor":2,"damage_taken":0},{"event_name":"Liars Game","player_choice":"disagreed","floor":3,"damage_taken":0},{"event_name":"The Lab","player_choice":"Got Potions","floor":4,"damage_taken":0}],"is_beta":false,"boss_relics":[],"items_purged_floors":[],"is_endless":false,"potions_floor_spawned":[10,11,14],"killed_by":"Hexaghost","ascension_level":10}