{"gold_per_floor":[119,134,152,164,16,16,47,69,142,142,42,42,53,68,68,142,142,158,158,158,358,368,394,394,27,50,50,63,83,83,100,100,175,175,194,194,194,47,47,47,47,60,60,60],"floor_reached":44,"playtime":2136,"items_purged":["Strike_B","Strike_B","Strike_B"],"score":728,"play_id":"1337e76a-b60a-4b95-980f-38b906b601a3","local_time":"20180922003301","is_ascension_mode":true,"campfire_choices":[{"data":"Zap","floor":6,"key":"SMITH"},{"floor":12,"key":"REST"},{"data":"Static Discharge","floor":15,"key":"SMITH"},{"floor":24,"key":"REST"},{"data":"Static Discharge","floor":27,"key":"SMITH"},{"floor":32,"key":"REST"},{"floor":41,"key":"REST"}],"neow_cost":"NONE","seed_source_timestamp":559357157241063,"circlet_count":0,"master_deck":["Defend_B","Defend_B","Defend_B","Defend_B","Zap+1","Dualcast","AscendersBane","Compile Driver","Compile Driver","Compile Driver","Conserve Battery","Auto Shields","Ball Lightning","Reinforced Body","Static Discharge+1","Buffer","Compile Driver","BootSequence","Static Discharge+1","White Noise","Leap+1","Redo+1","Writhe","Coolheaded+1","Panache","Cold Snap+1"],"relics":["Cracked Core","Bag of Preparation","Dead Branch","Odd Mushroom","Mercury Hourglass","Sozu","Juzu Bracelet","Symbiotic Virus","Anchor","Lizard Tail","Peace Pipe","Regal Pillow","Bottled Tornado","Pear"],"potions_floor_usage":[7,13,22,23],"damage_taken":[{"damage":5,"enemies":"Small Slimes","floor":1,"turns":3},{"damage":0,"enemies":"2 Louse","floor":2,"turns":3},{"damage":2,"enemies":"Jaw Worm","floor":3,"turns":3},{"damage":7,"enemies":"Looter","floor":4,"turns":3},{"damage":10,"enemies":"3 Sentries","floor":7,"turns":5},{"damage":10,"enemies":"The Mushroom Lair","floor":8,"turns":4},{"damage":0,"enemies":"Lots of Slimes","floor":13,"turns":1},{"damage":0,"enemies":"Exordium Wildlife","floor":14,"turns":3},{"damage":16,"enemies":"Hexaghost","floor":16,"turns":9},{"damage":1,"enemies":"Spheric Guardian","floor":18,"turns":3},{"damage":0,"enemies":"Chosen","floor":22,"turns":4},{"damage":21,"enemies":"Slavers","floor":23,"turns":4},{"damage":22,"enemies":"Sentry and Sphere","floor":28,"turns":3},{"damage":13,"enemies":"Snecko","floor":29,"turns":3},{"damage":14,"enemies":"3 Cultists","floor":31,"turns":5},{"damage":35,"enemies":"Collector","floor":33,"turns":6},{"damage":0,"enemies":"Orb Walker","floor":35,"turns":3},{"damage":42,"enemies":"Mind Bloom Boss Battle","floor":37,"turns":2},{"damage":0,"enemies":"3 Shapes","floor":42,"turns":4},{"damage":147,"enemies":"Giant Head","floor":44,"turns":9}],"seed_played":"381186991626044332","potions_obtained":[{"floor":4,"key":"FocusPotion"},{"floor":8,"key":"AttackPotion"},{"floor":10,"key":"Swift Potion"},{"floor":10,"key":"Explosive Potion"},{"floor":13,"key":"EntropicBrew"}],"is_trial":false,"path_per_floor":["M","M","M","M","$","R","E","?","T","?","$","R","M","M","R","B",null,"M","?","?","?","M","E","R","$","T","R","M","M","?","M","R","B",null,"M","?","?","$","T","?","R","M","T"],"character_chosen":"DEFECT","items_purchased":["Auto Shields","Symbiotic Virus","Regal Pillow"],"campfire_rested":4,"item_purchase_floors":[5,25,38],"current_hp_per_floor":[63,63,61,54,54,54,44,34,34,34,34,56,56,56,56,40,66,65,65,65,65,65,44,66,66,66,66,44,31,31,17,39,4,57,57,75,33,33,33,33,70,70,80,0],"gold":60,"neow_bonus":"RANDOM_COMMON_RELIC","is_prod":false,"is_daily":false,"chose_seed":false,"campfire_upgraded":3,"win_rate":0,"timestamp":1537569181,"path_taken":["M","M","M","M","$","R","E","?","T","?","?","R","M","M","R","BOSS","M","?","?","?","M","E","R","?","T","R","M","M","?","M","R","BOSS","M","?","?","$","?","?","R","M","T","E"],"build_version":"2018-09-20","purchased_purges":3,"victory":false,"max_hp_per_floor":[75,75,75,75,75,75,75,75,75,75,75,75,75,75,75,75,75,75,75,75,75,75,75,75,75,75,75,75,75,75,75,75,75,75,75,75,75,75,75,75,75,75,85,85],"card_choices":[{"not_picked":["Sweeping Beam","Leap"],"picked":"Compile Driver","floor":1},{"not_picked":["Sweeping Beam","Doom and Gloom"],"picked":"Compile Driver","floor":2},{"not_picked":["Steam","Cold Snap"],"picked":"Compile Driver","floor":3},{"not_picked":["Chaos","Hologram"],"picked":"Conserve Battery","floor":4},{"not_picked":["Leap","Genetic Algorithm"],"picked":"Ball Lightning","floor":7},{"not_picked":["Streamline","Darkness"],"picked":"Reinforced Body","floor":8},{"not_picked":["Turbo","Capacitor"],"picked":"Static Discharge","floor":13},{"not_picked":["Conserve Battery","Force Field","Blizzard"],"picked":"SKIP","floor":14},{"not_picked":["Machine Learning","Creative AI"],"picked":"Buffer","floor":16},{"not_picked":["Go for the Eyes","Reprogram"],"picked":"Compile Driver","floor":18},{"not_picked":["Barrage","Blizzard"],"picked":"BootSequence","floor":22},{"not_picked":["Force Field","Tempest"],"picked":"Static Discharge","floor":23},{"not_picked":["Heatsinks","Barrage"],"picked":"White Noise","floor":28},{"not_picked":["Hologram","Sweeping Beam","Redo"],"picked":"SKIP","floor":29},{"not_picked":["Stack","Blizzard"],"picked":"Leap+1","floor":31},{"not_picked":["Chaos","Cold Snap+1"],"picked":"Redo+1","floor":35},{"not_picked":["Conserve Battery","Turbo"],"picked":"Coolheaded+1","floor":37},{"not_picked":["Secret Weapon","Chrysalis"],"picked":"Panache","floor":40},{"not_picked":["Leap","Hologram"],"picked":"Cold Snap+1","floor":42}],"player_experience":499758,"relics_obtained":[{"floor":7,"key":"Dead Branch"},{"floor":8,"key":"Odd Mushroom"},{"floor":9,"key":"Mercury Hourglass"},{"floor":23,"key":"Juzu Bracelet"},{"floor":26,"key":"Anchor"},{"floor":37,"key":"Peace Pipe"},{"floor":39,"key":"Bottled Tornado"},{"floor":43,"key":"Pear"}],"event_choices":[{"event_name":"Mushrooms","player_choice":"Fought Mushrooms","floor":8,"damage_taken":0},{"event_name":"The Lab","player_choice":"Got Potions","floor":10,"damage_taken":0},{"event_name":"Ghosts","player_choice":"Ignored","floor":19,"damage_taken":0},{"event_name":"Vampires","player_choice":"Ignored","floor":20,"damage_taken":0},{"event_name":"Wheel of Change","player_choice":"Gold","floor":21,"damage_taken":0},{"event_name":"Purifier","player_choice":"One Purge","floor":30,"damage_taken":0},{"event_name":"Winding Halls","player_choice":"Writhe","floor":36,"damage_taken":0},{"event_name":"MindBloom","player_choice":"Fight","floor":37,"damage_taken":0},{"event_name":"SensoryStone","player_choice":"Memory 1","floor":40,"damage_taken":0}],"is_beta":false,"boss_relics":[{"not_picked":["Black Star","Runic Pyramid"],"picked":"Sozu"},{"not_picked":["Fusion Hammer","Runic Dome"],"picked":"Lizard Tail"}],"items_purged_floors":[5,11,25],"is_endless":false,"potions_floor_spawned":[4,8,13,18,28,31,33,35,42],"killed_by":"Giant Head","ascension_level":13}