{"gold_per_floor":[110,124,139,139,154,179,179,354,400,412,362,374,217,217],"floor_reached":14,"playtime":906,"items_purged":["Strike_G"],"score":110,"play_id":"8e15a75e-b0d9-43a9-81e3-07cda59d56ef","local_time":"20181122071526","is_ascension_mode":true,"campfire_choices":[{"floor":7,"key":"REST"}],"neow_cost":"NONE","seed_source_timestamp":0,"circlet_count":0,"master_deck":["Defend_G","Defend_G","Defend_G","Defend_G","Defend_G","Strike_G","Strike_G","Survivor","Neutralize","Adrenaline","Expertise","Backstab","Crippling Poison","Backflip","Footwork","Doubt","Noxious Fumes","Dark Shackles"],"special_seed":0,"relics":["Ring of the Snake","Shuriken","Potion Belt","Pen Nib"],"potions_floor_usage":[14,14,14,14],"damage_taken":[{"damage":1.0,"enemies":"Jaw Worm","floor":1.0,"turns":4.0},{"damage":0.0,"enemies":"2 Louse","floor":2.0,"turns":3.0},{"damage":12.0,"enemies":"Small Slimes","floor":3.0,"turns":3.0},{"damage":3.0,"enemies":"Looter","floor":5.0,"turns":3.0},{"damage":29.0,"enemies":"3 Sentries","floor":6.0,"turns":13.0},{"damage":3,"enemies":"Red Slaver","floor":10,"turns":6},{"damage":7,"enemies":"3 Louse","floor":12,"turns":4},{"damage":40,"enemies":"Gremlin Nob","floor":14,"turns":6}],"seed_played":"4173652109055674306","potions_obtained":[{"floor":1.0,"key":"FearPotion"},{"floor":3.0,"key":"FearPotion"},{"floor":5.0,"key":"Block Potion"},{"floor":12,"key":"Block Potion"}],"is_trial":false,"path_per_floor":["M","M","M","?","M","E","E","R","?","T","M","?","M","$","?"],"character_chosen":"THE_SILENT","items_purchased":["Dark Shackles"],"campfire_rested":1,"item_purchase_floors":[13],"current_hp_per_floor":[69,69,57,50,47,18,39,39,39,36,36,29,29,0],"gold":217,"neow_bonus":"ONE_RANDOM_RARE_CARD","is_prod":false,"is_daily":false,"chose_seed":false,"campfire_upgraded":0,"win_rate":0,"timestamp":1542892526,"path_taken":["M","M","M","?","M","E","R","?","T","M","?","M","$","?"],"build_version":"2018-11-15","purchased_purges":1,"victory":false,"max_hp_per_floor":[70,70,70,70,70,70,70,70,70,70,70,70,70,70],"card_choices":[{"not_picked":["Masterful Stab","Outmaneuver"],"picked":"Expertise","floor":1.0},{"not_picked":["PiercingWail","Dagger Spray"],"picked":"Backstab","floor":2.0},{"not_picked":["Caltrops","Escape Plan"],"picked":"Crippling Poison","floor":3.0},{"not_picked":["Quick Slash","Flying Knee"],"picked":"Backflip","floor":5.0},{"not_picked":["Eviscerate","Bouncing Flask"],"picked":"Footwork","floor":6},{"not_picked":["Backflip","Flechettes"],"picked":"Noxious Fumes","floor":10},{"not_picked":["Distraction","Setup","Flying Knee"],"picked":"SKIP","floor":12}],"player_experience":210423,"relics_obtained":[{"floor":6,"key":"Shuriken"},{"floor":9,"key":"Potion Belt"}],"event_choices":[{"cards_removed":["Strike_G"],"damage_healed":0.0,"max_hp_gain":0.0,"max_hp_loss":0.0,"gold_gain":0.0,"event_name":"Golden Wing","player_choice":"Card Removal","floor":4.0,"gold_loss":0.0,"damage_taken":7.0},{"damage_healed":0,"gold_gain":175,"player_choice":"AGREE","damage_taken":0,"max_hp_gain":0,"max_hp_loss":0,"event_name":"Liars Game","floor":8,"gold_loss":0,"cards_obtained":["Doubt"]},{"cards_removed":["Strike_G"],"damage_healed":0,"gold_gain":0,"player_choice":"Card Removal","damage_taken":0,"max_hp_gain":0,"max_hp_loss":0,"event_name":"The Cleric","floor":11,"gold_loss":50},{"damage_healed":0,"gold_gain":0,"player_choice":"Searched \u00273\u0027 times","damage_taken":0,"relics_obtained":["Pen Nib"],"max_hp_gain":0,"max_hp_loss":0,"event_name":"Dead Adventurer","floor":14,"gold_loss":0}],"is_beta":false,"boss_relics":[],"items_purged_floors":[13],"is_endless":false,"potions_floor_spawned":[1,3,5,12],"killed_by":"Gremlin Nob","ascension_level":4}