{"gold_per_floor":[115,126,81,81,97,97,152,164,164,164,13,13],"floor_reached":12,"playtime":547,"items_purged":[],"score":68,"play_id":"47ffb8d7-9791-454c-9977-3667c9567eff","local_time":"20190205001714","is_ascension_mode":false,"campfire_choices":[{"data":"Neutralize","floor":6,"key":"SMITH"},{"data":"Blur","floor":10,"key":"SMITH"}],"neow_cost":"NONE","seed_source_timestamp":18556598748716,"circlet_count":0,"master_deck":["Defend_G","Defend_G","Defend_G","Defend_G","Defend_G","Strike_G","Strike_G","Strike_G","Strike_G","Strike_G","Survivor","Neutralize+1","Venomology","Backflip","Flying Knee","Flying Knee","Flying Knee","Outmaneuver","Blur+1"],"relics":["Ring of the Snake","Blue Candle","Smiling Mask","Molten Egg 2","Oddly Smooth Stone"],"potions_floor_usage":[2,7,7,12,12,12],"damage_taken":[{"damage":4,"enemies":"Cultist","floor":1,"turns":4},{"damage":5,"enemies":"Small Slimes","floor":2,"turns":3},{"damage":7,"enemies":"2 Louse","floor":5,"turns":2},{"damage":20,"enemies":"Lagavulin Event","floor":7,"turns":5},{"damage":9,"enemies":"Blue Slaver","floor":8,"turns":4},{"damage":22,"enemies":"Gremlin Nob","floor":12,"turns":4}],"seed_played":"1821177053226033995","potions_obtained":[{"floor":1,"key":"Explosive Potion"},{"floor":7,"key":"PowerPotion"}],"is_trial":false,"path_per_floor":["M","M","$","?","M","R","?","M","T","R","$","E"],"character_chosen":"THE_SILENT","items_purchased":["Flying Knee","Oddly Smooth Stone"],"campfire_rested":0,"item_purchase_floors":[3,11],"current_hp_per_floor":[66,61,61,58,51,51,31,22,22,22,22,0],"gold":13,"neow_bonus":"ONE_RANDOM_RARE_CARD","is_prod":false,"is_daily":false,"chose_seed":false,"campfire_upgraded":2,"win_rate":0,"timestamp":1549343834,"path_taken":["M","?","?","?","M","R","?","M","T","R","?","E"],"build_version":"2019-01-23","purchased_purges":0,"victory":false,"max_hp_per_floor":[70,70,70,70,70,70,70,70,70,70,70,70],"card_choices":[{"not_picked":["Leg Sweep","Dash"],"picked":"Backflip","floor":1},{"not_picked":["Eviscerate","Sucker Punch"],"picked":"Flying Knee","floor":2},{"not_picked":["Escape Plan","Dodge and Roll"],"picked":"Flying Knee","floor":5},{"not_picked":["Deflect","Slice"],"picked":"Outmaneuver","floor":7},{"not_picked":["Blade Dance","Poisoned Stab"],"picked":"Blur","floor":8}],"player_experience":619529,"relics_obtained":[{"floor":7,"key":"Smiling Mask"},{"floor":9,"key":"Molten Egg 2"}],"event_choices":[{"damage_healed":0,"gold_gain":0,"player_choice":"Success","damage_taken":3,"relics_obtained":["Blue Candle"],"max_hp_gain":0,"max_hp_loss":0,"event_name":"Scrap Ooze","floor":4,"gold_loss":0},{"damage_healed":0,"gold_gain":0,"player_choice":"Searched \u00272\u0027 times","damage_taken":0,"max_hp_gain":0,"max_hp_loss":0,"event_name":"Dead Adventurer","floor":7,"gold_loss":0}],"is_beta":false,"boss_relics":[],"items_purged_floors":[],"is_endless":false,"potions_floor_spawned":[1,7],"killed_by":"Gremlin Nob","ascension_level":0}