{"gold_per_floor":[12,12,30,30,30,61,61,87,157,50,67,67,77,97,97,202,202,212,263,263,276,290,290,303,318,318,318],"floor_reached":27,"playtime":1356,"items_purged":[],"score":385,"play_id":"413bbe8c-ab26-4d78-bcee-82baab583403","local_time":"20180918193329","is_ascension_mode":true,"campfire_choices":[{"floor":7,"key":"REST"},{"floor":12,"key":"REST"},{"floor":15,"key":"REST"},{"floor":23,"key":"REST"}],"neow_cost":"NO_GOLD","seed_source_timestamp":282961220449874,"circlet_count":0,"master_deck":["Strike_B","Strike_B","Strike_B","Strike_B","Defend_B","Defend_B","Defend_B","Defend_B","Zap","Dualcast","AscendersBane","Conserve Battery","Hologram","Storm","Consume","Storm","Storm","Leap","Machine Learning","RitualDagger","Force Field","Conserve Battery"],"relics":["Cracked Core","Mango","Art of War","Regal Pillow","Meat on the Bone","Lizard Tail","Potion Belt","Frozen Egg 2"],"potions_floor_usage":[8,11,16,21,25,27],"damage_taken":[{"damage":2,"enemies":"Jaw Worm","floor":1,"turns":5},{"damage":0,"enemies":"2 Louse","floor":3,"turns":2},{"damage":45,"enemies":"Gremlin Nob","floor":6,"turns":5},{"damage":35,"enemies":"3 Sentries","floor":8,"turns":8},{"damage":0,"enemies":"Cultist","floor":11,"turns":4},{"damage":47,"enemies":"Lots of Slimes","floor":13,"turns":5},{"damage":7,"enemies":"Red Slaver","floor":14,"turns":3},{"damage":87,"enemies":"Hexaghost","floor":16,"turns":12},{"damage":49,"enemies":"Spheric Guardian","floor":18,"turns":6},{"damage":19,"enemies":"Chosen","floor":21,"turns":5},{"damage":48,"enemies":"Snake Plant","floor":22,"turns":4},{"damage":41,"enemies":"Snecko","floor":24,"turns":6},{"damage":38,"enemies":"Shelled Parasite and Fungi","floor":25,"turns":8},{"damage":34,"enemies":"Cultist and Chosen","floor":27,"turns":4}],"seed_played":"3364976808298863735","potions_obtained":[{"floor":6,"key":"Swift Potion"},{"floor":8,"key":"Block Potion"},{"floor":14,"key":"Poison Potion"},{"floor":18,"key":"Block Potion"},{"floor":24,"key":"FocusPotion"},{"floor":25,"key":"EssenceOfSteel"}],"is_trial":false,"path_per_floor":["M","$","M","?","?","E","R","E","T","$","M","R","M","M","R","B",null,"M","T","?","M","M","R","M","M","T"],"character_chosen":"DEFECT","items_purchased":["Storm","Consume"],"campfire_rested":4,"item_purchase_floors":[10,10],"current_hp_per_floor":[80,80,80,85,94,49,77,42,42,42,54,94,59,52,94,19,75,38,38,32,25,43,86,57,31,31,0],"gold":318,"neow_bonus":"ONE_RARE_RELIC","is_prod":false,"is_daily":false,"chose_seed":false,"campfire_upgraded":0,"win_rate":0,"timestamp":1537292009,"path_taken":["M","$","M","?","?","E","R","E","T","$","M","R","M","M","R","BOSS","M","?","?","M","M","R","M","?","T","M"],"build_version":"2018-09-06","purchased_purges":0,"victory":false,"max_hp_per_floor":[89,89,89,94,94,94,94,94,94,94,94,94,94,94,94,94,94,94,94,94,94,94,94,94,94,94,94],"card_choices":[{"not_picked":["Heatsinks","Leap"],"picked":"Conserve Battery","floor":1},{"not_picked":["Steam","Reprogram","Go for the Eyes"],"picked":"SKIP","floor":3},{"not_picked":["Steam Power","Rebound"],"picked":"Hologram","floor":6},{"not_picked":["Streamline","Heatsinks","All For One"],"picked":"SKIP","floor":8},{"not_picked":["Rebound","Consume"],"picked":"Storm","floor":11},{"not_picked":["Steam","Compile Driver"],"picked":"Storm","floor":13},{"not_picked":["Steam","Turbo"],"picked":"Leap","floor":14},{"not_picked":["Amplify","Meteor Strike"],"picked":"Machine Learning","floor":16},{"not_picked":["Compile Driver","Turbo","Leap"],"picked":"SKIP","floor":18},{"not_picked":["Steam Power","Genetic Algorithm","Tempest"],"picked":"SKIP","floor":21},{"not_picked":["Skim","Compile Driver","Coolheaded"],"picked":"SKIP","floor":22},{"not_picked":["Sunder","Auto Shields"],"picked":"Force Field","floor":24},{"not_picked":["Thunder Strike","Leap"],"picked":"Conserve Battery","floor":25}],"player_experience":360289,"relics_obtained":[{"floor":6,"key":"Art of War"},{"floor":8,"key":"Regal Pillow"},{"floor":9,"key":"Meat on the Bone"},{"floor":19,"key":"Potion Belt"},{"floor":26,"key":"Frozen Egg 2"}],"event_choices":[{"event_name":"Big Fish","player_choice":"Donut","floor":4,"damage_taken":0},{"event_name":"Wheel of Change","player_choice":"Full Heal","floor":5,"damage_taken":0},{"event_name":"Nest","player_choice":"Joined the Cult","floor":20,"damage_taken":0}],"is_beta":false,"boss_relics":[{"not_picked":["Snecko Eye","Astrolabe"],"picked":"Lizard Tail"}],"items_purged_floors":[],"is_endless":false,"potions_floor_spawned":[6,8,14,18,24,25],"killed_by":"Cultist and Chosen","ascension_level":12}