{"gold_per_floor":[114,126,139,149,163,163,189,201,201,201,235,247,233,258,258,332,332,318,318,0,15,25,25,25],"floor_reached":24,"playtime":2324,"items_purged":["Strike_B"],"score":377,"play_id":"802f7e6f-5bbe-4098-ac38-6d2c6a2606e6","local_time":"20181230164452","is_ascension_mode":true,"campfire_choices":[{"floor":6,"key":"REST"},{"floor":15,"key":"REST"},{"floor":23,"key":"REST"}],"neow_cost":"PERCENT_DAMAGE","seed_source_timestamp":734908515370589,"circlet_count":0,"master_deck":["AscendersBane","Strike_B","Strike_B","Defend_B","Defend_B","Defend_B","Defend_B","Zap","Dualcast","Core Surge","Coolheaded","Leap","Buffer","Streamline","Go for the Eyes","Cold Snap","Barrage","Self Repair","Rip and Tear","Echo Form","Loop","Coolheaded","Consume","Hologram","Stack","BootSequence","Glacier"],"relics":["Cracked Core","Gambling Chip","Vajra","Blue Candle","Orrery","MutagenicStrength","Matryoshka"],"potions_floor_usage":[11,11,14,24],"damage_taken":[{"damage":0,"enemies":"Cultist","floor":1,"turns":3},{"damage":7,"enemies":"Jaw Worm","floor":2,"turns":3},{"damage":7,"enemies":"Small Slimes","floor":3,"turns":3},{"damage":2,"enemies":"Red Slaver","floor":4,"turns":4},{"damage":10,"enemies":"Large Slime","floor":5,"turns":6},{"damage":20,"enemies":"3 Sentries","floor":7,"turns":8},{"damage":0,"enemies":"Exordium Wildlife","floor":8,"turns":2},{"damage":3,"enemies":"Gremlin Nob","floor":11,"turns":5},{"damage":0,"enemies":"Blue Slaver","floor":12,"turns":3},{"damage":0,"enemies":"Exordium Thugs","floor":13,"turns":4},{"damage":7,"enemies":"Lagavulin","floor":14,"turns":7},{"damage":31,"enemies":"The Guardian","floor":16,"turns":13},{"damage":15,"enemies":"2 Thieves","floor":18,"turns":4},{"damage":23,"enemies":"Chosen","floor":21,"turns":7},{"damage":28,"enemies":"Shelled Parasite and Fungi","floor":22,"turns":10},{"damage":44,"enemies":"Gremlin Leader","floor":24,"turns":3}],"seed_played":"3941670037695862550","potions_obtained":[{"floor":2,"key":"Block Potion"},{"floor":3,"key":"Block Potion"},{"floor":8,"key":"FocusPotion"},{"floor":12,"key":"Poison Potion"},{"floor":22,"key":"PowerPotion"}],"is_trial":false,"path_per_floor":["M","M","M","M","M","R","E","M","T","?","E","M","M","E","R","B",null,"M","?","$","M","M","R","E"],"character_chosen":"DEFECT","items_purchased":["Matryoshka"],"campfire_rested":3,"item_purchase_floors":[20],"current_hp_per_floor":[46,39,32,30,20,41,21,21,21,21,18,18,25,25,46,22,59,51,51,51,35,14,35,0],"gold":25,"neow_bonus":"THREE_RARE_CARDS","is_prod":false,"is_daily":false,"chose_seed":false,"campfire_upgraded":0,"win_rate":0,"timestamp":1546209892,"path_taken":["M","M","M","M","M","R","E","M","T","?","E","?","M","E","R","BOSS","M","?","$","M","M","R","E"],"build_version":"2018-12-20","purchased_purges":1,"victory":false,"max_hp_per_floor":[71,71,71,71,71,71,71,71,71,71,71,71,71,71,71,71,71,71,71,71,71,71,71,71],"card_choices":[{"not_picked":["Machine Learning","Rainbow"],"picked":"Core Surge","floor":0},{"not_picked":["Rebound","Leap"],"picked":"Coolheaded","floor":1},{"not_picked":["Reprogram","Doom and Gloom"],"picked":"Leap","floor":2},{"not_picked":["Coolheaded","Streamline"],"picked":"Buffer","floor":3},{"not_picked":["Rebound","Steam"],"picked":"Streamline","floor":4},{"not_picked":["Rebound","Reprogram"],"picked":"Go for the Eyes","floor":5},{"not_picked":["Leap","Heatsinks","Double Energy"],"picked":"SKIP","floor":7},{"not_picked":["Sunder","Streamline"],"picked":"Cold Snap","floor":8},{"not_picked":["Coolheaded","Rebound"],"picked":"Barrage","floor":11},{"not_picked":["All For One","Ball Lightning"],"picked":"Self Repair","floor":12},{"not_picked":["Chaos","Barrage","Redo"],"picked":"SKIP","floor":13},{"not_picked":["Self Repair","Rainbow"],"picked":"Rip and Tear","floor":14},{"not_picked":["Multi-Cast","Rainbow"],"picked":"Echo Form","floor":16},{"not_picked":["Compile Driver","Redo"],"picked":"Loop","floor":17},{"not_picked":["Compile Driver","Steam"],"picked":"Coolheaded","floor":17},{"not_picked":["Gash","Rebound"],"picked":"Consume","floor":17},{"not_picked":["Hello World","Compile Driver"],"picked":"Hologram","floor":17},{"not_picked":["Compile Driver","Hologram"],"picked":"Stack","floor":17},{"not_picked":["Rebound","All For One","Coolheaded"],"picked":"SKIP","floor":18},{"not_picked":["Barrage","Turbo"],"picked":"BootSequence","floor":21},{"not_picked":["Lockon","Turbo"],"picked":"Glacier","floor":22}],"player_experience":346676,"relics_obtained":[{"floor":7,"key":"Gambling Chip"},{"floor":11,"key":"Vajra"},{"floor":14,"key":"Blue Candle"}],"event_choices":[{"cards_removed":["Strike_B"],"damage_healed":0,"gold_gain":0,"player_choice":"Purged","damage_taken":0,"max_hp_gain":0,"max_hp_loss":0,"event_name":"Purifier","floor":10,"gold_loss":0},{"damage_healed":0,"gold_gain":0,"player_choice":"Inject Mutagens","damage_taken":0,"relics_obtained":["MutagenicStrength"],"max_hp_gain":0,"max_hp_loss":0,"event_name":"Drug Dealer","floor":19,"gold_loss":0}],"is_beta":false,"boss_relics":[{"not_picked":["Black Star","Inserter"],"picked":"Orrery"}],"items_purged_floors":[20],"is_endless":false,"potions_floor_spawned":[2,3,7,8,12,22],"killed_by":"Gremlin Leader","ascension_level":14}