{"gold_per_floor":[111,124,143,162,162,162,180,180,234,332,349,367,367,262],"floor_reached":14,"playtime":1026,"items_purged":[],"score":84,"play_id":"4b3d8188-a6a0-49a3-8719-e2776430f565","local_time":"20190321132902","is_ascension_mode":false,"campfire_choices":[{"data":"Slimebound:SelfFormingGoo","floor":6,"key":"SMITH"},{"data":"Slimebound:CorrosiveSpit","floor":13,"key":"SMITH"}],"neow_cost":"TEN_PERCENT_HP_LOSS","seed_source_timestamp":75350814966118,"circlet_count":0,"master_deck":["Slimebound:Strike_Slimebound","Slimebound:Strike_Slimebound","Slimebound:Strike_Slimebound","Slimebound:Tackle","Slimebound:Defend_Slimebound","Slimebound:Defend_Slimebound","Slimebound:Defend_Slimebound","Slimebound:Defend_Slimebound","Slimebound:Split","Slimebound:CorrosiveSpit+1","EpicFetus","Slimebound:HauntingLick","Slimebound:HauntingLick","Slimebound:SamplingLick","Slimebound:SelfFormingGoo+1","Slimebound:RainOfGoop"],"relics":["Slimebound:AbsorbEndCombat","HushsDoor","ReplayTheSpireMod:Multitool","D6","hubris:Icosahedron","Orichalcum"],"potions_floor_usage":[4,14],"damage_taken":[{"damage":5,"enemies":"Cultist","floor":1,"turns":3},{"damage":9,"enemies":"Small Slimes","floor":2,"turns":3},{"damage":19,"enemies":"infinitespire:Voidling","floor":3,"turns":3},{"damage":8,"enemies":"Lots of Slimes","floor":4,"turns":3},{"damage":14,"enemies":"2 Fungi Beasts","floor":7,"turns":4},{"damage":10,"enemies":"Red Slaver","floor":11,"turns":3},{"damage":5,"enemies":"Looter","floor":12,"turns":3},{"damage":61,"enemies":"Hiden Room Battle","floor":14,"turns":2}],"seed_played":"44992039712073813","potions_obtained":[{"floor":1,"key":"SkillPotion"},{"floor":2,"key":"Explosive Potion"},{"floor":3,"key":"Elixir"}],"is_trial":false,"path_per_floor":["M","M","M","M","?","R","M","?","T","R","M","M","R","?"],"character_chosen":"SLIMEBOUND","items_purchased":[],"campfire_rested":0,"item_purchase_floors":[],"current_hp_per_floor":[63,63,53,57,57,57,55,55,55,55,57,61,61,0],"gold":262,"neow_bonus":"ONE_RARE_RELIC","is_prod":false,"is_daily":false,"chose_seed":false,"campfire_upgraded":2,"win_rate":0,"timestamp":1553189342,"path_taken":["M","M","?","M","?","R","M","?","T","R","M","?","R","?"],"build_version":"2019-01-23","purchased_purges":0,"victory":false,"max_hp_per_floor":[63,63,63,63,63,63,63,63,63,63,63,63,63,63],"card_choices":[{"not_picked":[],"picked":"EpicFetus","floor":0},{"not_picked":["Slimebound:PressTheAttack","Slimebound:Lick"],"picked":"Slimebound:HauntingLick","floor":1},{"not_picked":["Slimebound:MassRepurpose","Slimebound:SplitLeeching"],"picked":"Slimebound:HauntingLick","floor":2},{"not_picked":["Slimebound:Grow","Slimebound:LeechLife"],"picked":"Slimebound:SamplingLick","floor":3},{"not_picked":["Slimebound:FormOfPuddle","Slimebound:GoopTackle"],"picked":"Slimebound:SelfFormingGoo","floor":4},{"not_picked":["Slimebound:SplitAcid","Slimebound:DisruptingSlam","Slimebound:FirmFortitude"],"picked":"SKIP","floor":7},{"not_picked":["Slimebound:ServeAndProtect","Slimebound:LeechingTouch"],"picked":"Slimebound:RainOfGoop","floor":11},{"not_picked":["Slimebound:VenomTackle","Slimebound:SplitMire","Slimebound:Overexert"],"picked":"SKIP","floor":12}],"player_experience":787454,"relics_obtained":[{"floor":9,"key":"Orichalcum"}],"event_choices":[{"damage_healed":0,"gold_gain":0,"player_choice":"Fight","damage_taken":0,"max_hp_gain":0,"max_hp_loss":0,"event_name":"HidenRoomEvent","floor":14,"gold_loss":0}],"is_beta":false,"boss_relics":[],"items_purged_floors":[],"is_endless":false,"potions_floor_spawned":[1,2,3],"killed_by":"Hiden Room Battle","ascension_level":0}