{"gold_per_floor":[114,114,125,95,109,109,136,136,205,231,241,252,252,270,270,270],"floor_reached":16,"playtime":684,"items_purged":[],"score":157,"play_id":"c8234647-6986-41d9-a7fb-3c443476d60b","local_time":"20181125000826","is_ascension_mode":true,"campfire_choices":[{"data":"Caltrops","floor":6,"key":"SMITH"},{"data":"Dodge and Roll","floor":8,"key":"SMITH"},{"floor":15,"key":"REST"}],"neow_cost":"NONE","seed_source_timestamp":688603890947404,"circlet_count":0,"master_deck":["Defend_G","Defend_G","Defend_G","Defend_G","Strike_G","Strike_G","Strike_G","Strike_G","Strike_G","Survivor","Neutralize+1","Impatience","Well Laid Plans","Caltrops+1","Dodge and Roll+1","Backstab"],"special_seed":0,"relics":["Ring of the Snake","Lantern","Ornamental Fan","Sundial"],"potions_floor_usage":[7,16,16],"damage_taken":[{"damage":4.0,"enemies":"Small Slimes","floor":1.0,"turns":4.0},{"damage":0.0,"enemies":"Cultist","floor":3.0,"turns":3.0},{"damage":0.0,"enemies":"Jaw Worm","floor":5.0,"turns":6.0},{"damage":24,"enemies":"Lagavulin","floor":7,"turns":13},{"damage":34,"enemies":"Gremlin Nob","floor":10,"turns":6},{"damage":2,"enemies":"Lots of Slimes","floor":11,"turns":4},{"damage":0,"enemies":"Red Slaver","floor":12,"turns":4},{"damage":1,"enemies":"Blue Slaver","floor":14,"turns":3},{"damage":32,"enemies":"Slime Boss","floor":16,"turns":9}],"seed_played":"-6752975195588413121","potions_obtained":[{"floor":1.0,"key":"Explosive Potion"},{"floor":4.0,"key":"GamblersBrew"},{"floor":4.0,"key":"Fruit Juice"},{"floor":10,"key":"Block Potion"}],"is_trial":false,"path_per_floor":["M","?","M","?","M","M","R","E","R","T","E","M","M","?","M","R","B"],"character_chosen":"THE_SILENT","items_purchased":[],"campfire_rested":1,"item_purchase_floors":[],"current_hp_per_floor":[59,59,59,64,64,64,40,40,40,6,4,4,4,3,25,0],"gold":270,"neow_bonus":"RANDOM_COLORLESS","is_prod":false,"is_daily":false,"chose_seed":false,"campfire_upgraded":2,"win_rate":0,"timestamp":1543122506,"path_taken":["M","?","M","?","M","R","E","R","T","E","M","?","?","M","R","BOSS"],"build_version":"2018-11-15","purchased_purges":0,"victory":false,"max_hp_per_floor":[70,70,70,75,75,75,75,75,75,75,75,75,75,75,75,75],"card_choices":[{"not_picked":["Dodge and Roll","Reflex"],"picked":"Well Laid Plans","floor":1.0},{"not_picked":["Flying Knee","Acrobatics"],"picked":"Caltrops","floor":3.0},{"not_picked":["Catalyst","Choke"],"picked":"Dodge and Roll","floor":5},{"not_picked":["Crippling Poison","Cloak And Dagger"],"picked":"Backstab","floor":7},{"not_picked":["Backflip","Catalyst","PiercingWail"],"picked":"SKIP","floor":10},{"not_picked":["Prepared","Riddle With Holes","Venomology"],"picked":"SKIP","floor":11},{"not_picked":["Outmaneuver","Deadly Poison","Poisoned Stab"],"picked":"SKIP","floor":12},{"not_picked":["Grand Finale","Blur","Riddle With Holes"],"picked":"SKIP","floor":14}],"player_experience":454268,"relics_obtained":[{"floor":7,"key":"Lantern"},{"floor":9,"key":"Ornamental Fan"},{"floor":10,"key":"Sundial"}],"event_choices":[{"damage_healed":0.0,"max_hp_gain":0.0,"max_hp_loss":0.0,"gold_gain":0.0,"event_name":"Living Wall","player_choice":"Grow","floor":2.0,"gold_loss":0.0,"damage_taken":0.0,"cards_upgraded":["Neutralize"]},{"damage_healed":0.0,"max_hp_gain":0.0,"max_hp_loss":0.0,"gold_gain":0.0,"event_name":"The Woman in Blue","player_choice":"Bought 2 Potions","floor":4.0,"gold_loss":0.0,"damage_taken":0.0},{"cards_removed":["Defend_G"],"damage_healed":0,"gold_gain":0,"player_choice":"Purged","damage_taken":0,"max_hp_gain":0,"max_hp_loss":0,"event_name":"Purifier","floor":13,"gold_loss":0}],"is_beta":true,"boss_relics":[],"items_purged_floors":[],"is_endless":false,"potions_floor_spawned":[1,10],"killed_by":"Slime Boss","ascension_level":8}