{"path_per_floor":["M","?","?","M","M","R","E","R","T","M","$","R","$","M","R","B",null,"M","?","?","?","M","E","M","R","T"],"character_chosen":"DEFECT","items_purchased":["Apotheosis","Static Discharge","Defragment"],"gold_per_floor":[114,114,114,130,150,150,181,181,254,270,41,41,7,23,23,120,120,137,165,165,165,165,193,211,211,263,263],"floor_reached":27,"campfire_rested":0,"playtime":795,"item_purchase_floors":[11,11,13],"current_hp_per_floor":[72,72,65,57,50,50,25,25,25,25,25,25,25,19,19,11,75,75,73,73,73,69,48,31,31,31,0],"items_purged":[],"gold":263,"score":277,"play_id":"91fe730e-a354-4218-8e1d-922dfd11a362","local_time":"20180601163107","is_prod":false,"is_daily":false,"chose_seed":false,"is_ascension_mode":true,"campfire_upgraded":5,"win_rate":0,"timestamp":1527885067,"campfire_choices":[{"data":"Redo","floor":6,"key":"SMITH"},{"data":"Dualcast","floor":8,"key":"SMITH"},{"data":"Apotheosis","floor":12,"key":"SMITH"},{"data":"Defragment","floor":15,"key":"SMITH"},{"data":"Reboot","floor":25,"key":"SMITH"}],"path_taken":["M","?","?","M","M","R","E","R","T","?","$","R","$","M","R","BOSS","M","?","?","?","M","E","M","R","T","E"],"build_version":"2018-05-30v2","seed_source_timestamp":355956673697165,"purchased_purges":0,"victory":false,"master_deck":["Strike_B","Strike_B+1","Defend_B","Defend_B","Defend_B","Defend_B","Zap+1","Dualcast+1","Redo+1","Redo","BootSequence","Redo","Double Energy","Apotheosis+1","Static Discharge","Defragment+1","Storm","Reboot+1","Streamline+1","Storm","Thunder Strike","Hello World"],"max_hp_per_floor":[75,75,75,75,75,75,75,75,75,75,75,75,75,75,75,75,75,75,75,75,75,75,75,75,75,75,75],"relics":["Cracked Core","Vajra","Ornamental Fan","Sozu","Red Mask","Meat on the Bone","Regal Pillow","Whetstone"],"card_choices":[{"not_picked":["Cold Snap","Hologram"],"picked":"Redo","floor":1},{"not_picked":["Cold Snap","Compile Driver"],"picked":"Redo","floor":4},{"not_picked":["Compile Driver","Redo"],"picked":"BootSequence","floor":5},{"not_picked":["Reinforced Body","Coolheaded"],"picked":"Redo","floor":7},{"not_picked":["Turbo","Skim"],"picked":"Double Energy","floor":10},{"not_picked":["Coolheaded","Streamline"],"picked":"Storm","floor":14},{"not_picked":["Fission","Echo Form"],"picked":"Reboot","floor":16},{"not_picked":["Aggregate","Stack"],"picked":"Streamline","floor":18},{"not_picked":["Reinforced Body","Rebound"],"picked":"Storm","floor":19},{"not_picked":["Go for the Eyes","Sweeping Beam"],"picked":"Thunder Strike","floor":23},{"not_picked":["Streamline","Undo+1"],"picked":"Hello World","floor":24}],"player_experience":243870,"potions_floor_usage":[16,22],"damage_taken":[{"damage":3,"enemies":"Small Slimes","floor":1,"turns":3},{"damage":8,"enemies":"2 Louse","floor":4,"turns":2},{"damage":7,"enemies":"Jaw Worm","floor":5,"turns":2},{"damage":25,"enemies":"3 Sentries","floor":7,"turns":7},{"damage":0,"enemies":"Large Slime","floor":10,"turns":4},{"damage":6,"enemies":"Exordium Thugs","floor":14,"turns":3},{"damage":8,"enemies":"Slime Boss","floor":16,"turns":7},{"damage":0,"enemies":"Spheric Guardian","floor":18,"turns":3},{"damage":2,"enemies":"Masked Bandits","floor":19,"turns":2},{"damage":4,"enemies":"Chosen","floor":22,"turns":3},{"damage":33,"enemies":"Slavers","floor":23,"turns":4},{"damage":29,"enemies":"Slaver and Parasite","floor":24,"turns":3},{"damage":59,"enemies":"Gremlin Leader","floor":27,"turns":5}],"relics_obtained":[{"floor":7,"key":"Vajra"},{"floor":9,"key":"Ornamental Fan"},{"floor":19,"key":"Red Mask"},{"floor":23,"key":"Regal Pillow"},{"floor":26,"key":"Whetstone"}],"event_choices":[{"event_name":"Living Wall","player_choice":"Grow","floor":2,"damage_taken":0},{"event_name":"Golden Wing","player_choice":"Card Removal","floor":3,"damage_taken":0},{"event_name":"Masked Bandits","player_choice":"Fought over 137 gold","floor":19,"damage_taken":0},{"event_name":"Wheel of Change","player_choice":"Card Removal","floor":20,"damage_taken":0},{"event_name":"The Mausoleum","player_choice":"Yes","floor":21,"damage_taken":0}],"boss_relics":[{"not_picked":["Runic Pyramid","Ectoplasm"],"picked":"Sozu"}],"items_purged_floors":[],"potions_floor_spawned":[1,4,16,19,24],"seed_played":"-134458977147392655","killed_by":"Gremlin Leader","ascension_level":4,"potions_obtained":[{"floor":1,"key":"Fire Potion"},{"floor":4,"key":"FairyPotion"},{"floor":16,"key":"SmokeBomb"}],"is_trial":false}