{"path_per_floor":["M","M","M","?","M","E","?","R","T","R","M","M","$","M","R","B",null,"M","?","?","M","M"],"character_chosen":"THE_SILENT","items_purchased":["Lee\u0027s Waffle"],"gold_per_floor":[118,134,151,151,161,196,226,226,226,226,245,259,67,84,84,180,180,105,105,105,105,105,105],"floor_reached":23,"campfire_rested":1,"playtime":1747,"current_hp_per_floor":[65,65,65,65,65,59,59,59,59,70,64,46,77,60,60,30,77,37,37,37,22,22,0],"items_purged":[],"gold":105,"score":195,"play_id":"74d2e4b5-12a6-4f67-a8eb-799deddb2f3a","local_time":"20180408173917","is_prod":false,"is_daily":false,"is_ascension_mode":false,"campfire_upgraded":2,"timestamp":1523205557,"path_taken":["M","M","M","?","M","E","?","R","T","R","?","M","$","?","R","BOSS","M","?","?","?","M","E"],"build_version":"2018-04-05v2","purchased_purges":0,"victory":false,"master_deck":["Defend_G","Defend_G","Defend_G","Defend_G","Strike_G","Strike_G","Strike_G","Strike_G","Strike_G","Survivor","Neutralize","Backflip","Masterful Stab","Endless Agony","Caltrops+1","Prepared+1","Endless Agony","Poisoned Stab","Endless Agony","A Thousand Cuts","Deadly Poison+1","Predator+1","Eviscerate"],"max_hp_per_floor":[70,70,70,70,70,70,70,70,70,70,70,70,77,77,77,77,77,77,77,77,77,77,77],"relics":["Ring of the Snake","Snake Skull","Ginger","Lee\u0027s Waffle","Ectoplasm"],"card_choices":[{"not_picked":["Deflect","Outmaneuver"],"picked":"Backflip","floor":1},{"not_picked":["Calculated Gamble","Sucker Punch"],"picked":"Masterful Stab","floor":2},{"not_picked":["Dagger Throw","Backflip"],"picked":"Endless Agony","floor":3},{"not_picked":["Dagger Spray","Skewer"],"picked":"Caltrops","floor":5},{"not_picked":["Glass Knife","Distraction"],"picked":"Prepared","floor":6},{"not_picked":["Sucker Punch","Outmaneuver"],"picked":"Endless Agony","floor":11},{"not_picked":["Slice","Acrobatics"],"picked":"Poisoned Stab","floor":12},{"not_picked":["Outmaneuver","Deflect"],"picked":"Endless Agony","floor":14},{"not_picked":["Wraith Form","Phantasmal Killer"],"picked":"A Thousand Cuts","floor":16},{"not_picked":["Finisher","Blur"],"picked":"Deadly Poison","floor":18},{"not_picked":["Flying Knee","Caltrops"],"picked":"Predator","floor":21},{"not_picked":["Deflect","Flechettes"],"picked":"Eviscerate","floor":22}],"player_experience":30962,"potions_floor_usage":[16,16,16],"damage_taken":[{"damage":5,"enemies":"2 Louse","floor":1,"turns":4},{"damage":0,"enemies":"Cultist","floor":2,"turns":5},{"damage":0,"enemies":"Small Slimes","floor":3,"turns":5},{"damage":0,"enemies":"Looter","floor":5,"turns":4},{"damage":6,"enemies":"3 Sentries","floor":6,"turns":11},{"damage":6,"enemies":"Exordium Thugs","floor":11,"turns":4},{"damage":18,"enemies":"Lots of Slimes","floor":12,"turns":3},{"damage":17,"enemies":"3 Louse","floor":14,"turns":2},{"damage":45,"enemies":"The Guardian","floor":16,"turns":9},{"damage":40,"enemies":"2 Thieves","floor":18,"turns":4},{"damage":15,"enemies":"Chosen","floor":21,"turns":4},{"damage":0,"enemies":"Centurion and Healer","floor":22,"turns":5},{"damage":30,"enemies":"Gremlin Leader","floor":23,"turns":3}],"event_choices":[{"event_name":"Wheel of Change","player_choice":"Card Removal","floor":4,"damage_taken":0},{"event_name":"Dead Adventurer","player_choice":"Searched \u00272\u0027 times","floor":7,"damage_taken":0},{"event_name":"Drug Dealer","player_choice":"Ignored","floor":19,"damage_taken":0},{"event_name":"Vampires","player_choice":"Ignored","floor":20,"damage_taken":0}],"boss_relics":[{"not_picked":["Snecko Eye","Runic Dome"],"picked":"Ectoplasm"}],"potions_floor_spawned":[5,6,11,12],"seed_played":"-5164581828494173471","killed_by":"Gremlin Leader","ascension_level":0,"is_trial":false}