{"gold_per_floor":[112,112,122,141,167,167,24,24,77,77,109,127,127,51,51,51],"floor_reached":16,"playtime":234,"items_purged":[],"score":142,"play_id":"f43fcf1a-a4e9-4094-bc50-abeeffc4bc67","local_time":"20190102014145","is_ascension_mode":true,"campfire_choices":[{"data":"Zap","floor":6,"key":"SMITH"},{"floor":8,"key":"REST"},{"data":"Thunder Strike","floor":10,"key":"SMITH"},{"floor":15,"key":"REST"}],"neow_cost":"NONE","seed_source_timestamp":989148128680775,"circlet_count":0,"master_deck":["Strike_B","Strike_B","Strike_B+1","Strike_B+1","Defend_B","Defend_B","Defend_B","Defend_B","Zap+1","Dualcast","Conserve Battery","Barrage","Stack","Thunder Strike+1","Melter","Conserve Battery","Blizzard"],"relics":["Cracked Core","Ancient Tea Set","PreservedInsect","Boot","Blood Vial","Darkstone Periapt"],"potions_floor_usage":[],"damage_taken":[{"damage":1,"enemies":"2 Louse","floor":1,"turns":2},{"damage":7,"enemies":"Jaw Worm","floor":3,"turns":3},{"damage":0,"enemies":"Cultist","floor":4,"turns":2},{"damage":24,"enemies":"Lagavulin","floor":11,"turns":5},{"damage":13,"enemies":"2 Fungi Beasts","floor":12,"turns":3},{"damage":0,"enemies":"Hexaghost","floor":16,"turns":1}],"seed_played":"-246733534075425509","potions_obtained":[{"floor":3,"key":"Strength Potion"},{"floor":4,"key":"SteroidPotion"}],"is_trial":false,"path_per_floor":["M","?","M","M","T","R","$","R","T","R","E","M","?","$","R","B"],"character_chosen":"DEFECT","items_purchased":["Thunder Strike","Blizzard"],"campfire_rested":2,"item_purchase_floors":[7,14],"current_hp_per_floor":[67,52,45,45,45,45,45,67,67,67,43,32,25,25,47,49],"gold":51,"neow_bonus":"RANDOM_COMMON_RELIC","is_prod":false,"is_daily":false,"chose_seed":false,"campfire_upgraded":2,"win_rate":0,"timestamp":1546389705,"path_taken":["M","?","M","M","?","R","$","R","T","R","E","?","?","$","R","BOSS"],"build_version":"2018-12-20","purchased_purges":0,"victory":false,"max_hp_per_floor":[75,75,75,75,75,75,75,75,75,75,75,75,75,75,75,75],"card_choices":[{"not_picked":["Redo","Scrape"],"picked":"Conserve Battery","floor":1},{"not_picked":["Steam","Storm"],"picked":"Barrage","floor":3},{"not_picked":["Lockon","Turbo"],"picked":"Stack","floor":4},{"not_picked":["Beam Cell","Core Surge"],"picked":"Melter","floor":11},{"not_picked":["Doom and Gloom","Barrage"],"picked":"Conserve Battery","floor":12}],"player_experience":495550,"relics_obtained":[{"floor":5,"key":"PreservedInsect"},{"floor":9,"key":"Boot"},{"floor":11,"key":"Blood Vial"}],"event_choices":[{"damage_healed":0,"gold_gain":0,"player_choice":"Entered Light","damage_taken":15,"max_hp_gain":0,"max_hp_loss":0,"event_name":"Shining Light","floor":2,"gold_loss":0,"cards_upgraded":["Strike_B","Strike_B"]},{"damage_healed":0,"gold_gain":0,"player_choice":"Success","damage_taken":7,"relics_obtained":["Darkstone Periapt"],"max_hp_gain":0,"max_hp_loss":0,"event_name":"Scrap Ooze","floor":13,"gold_loss":0}],"is_beta":false,"boss_relics":[],"items_purged_floors":[],"is_endless":false,"potions_floor_spawned":[3,4],"killed_by":"Hexaghost","ascension_level":9}