{"gold_per_floor":[111,36,54,54,54,54,77,41,41,69,84,84,84,114,114,215,215,233,214,14,34,53,53,53],"floor_reached":24,"playtime":792,"items_purged":["Defend_G"],"score":321,"play_id":"d7b1397a-33c3-450e-968f-9e859902ced5","local_time":"20181126233738","is_ascension_mode":true,"campfire_choices":[{"data":"Neutralize","floor":6.0,"key":"SMITH"},{"data":"Footwork","floor":12.0,"key":"SMITH"},{"data":"Envenom","floor":15.0,"key":"SMITH"},{"data":"Noxious Fumes","floor":23,"key":"SMITH"}],"neow_cost":"NONE","seed_source_timestamp":859439349030964,"circlet_count":0,"master_deck":["Defend_G","Defend_G","Defend_G","Defend_G","Strike_G","Strike_G+1","Strike_G+1","Strike_G","Strike_G","Survivor","Neutralize+1","Deflect","Cloak And Dagger","Blade Dance","Escape Plan","Footwork+1","Envenom+1","Doppelganger","Noxious Fumes+1","Cloak And Dagger","Leg Sweep"],"special_seed":0,"relics":["Ring of the Snake","NeowsBlessing","Pantograph","Odd Mushroom","Thread and Needle","Dream Catcher","Orichalcum","Bottled Lightning","Runic Dome","Snake Skull"],"potions_floor_usage":[24],"damage_taken":[{"damage":0.0,"enemies":"Jaw Worm","floor":1.0,"turns":1.0},{"damage":0.0,"enemies":"2 Louse","floor":3.0,"turns":1.0},{"damage":0.0,"enemies":"The Mushroom Lair","floor":7.0,"turns":1.0},{"damage":0.0,"enemies":"3 Sentries","floor":10.0,"turns":10.0},{"damage":0.0,"enemies":"Cultist","floor":11.0,"turns":3.0},{"damage":1.0,"enemies":"Lagavulin","floor":14.0,"turns":12.0},{"damage":17.0,"enemies":"Hexaghost","floor":16.0,"turns":11.0},{"damage":26,"enemies":"Spheric Guardian","floor":18,"turns":6},{"damage":6,"enemies":"2 Thieves","floor":19,"turns":4},{"damage":18,"enemies":"Snake Plant","floor":21,"turns":4},{"damage":6,"enemies":"Snecko","floor":22,"turns":6},{"damage":17,"enemies":"Slavers","floor":24,"turns":3}],"seed_played":"-3791750585931463990","potions_obtained":[{"floor":7.0,"key":"SteroidPotion"},{"floor":11.0,"key":"SpeedPotion"},{"floor":18,"key":"FearPotion"},{"floor":22,"key":"Ancient Potion"}],"is_trial":false,"path_per_floor":["M","$","M","?","?","R","?","$","T","E","M","R","T","E","R","B",null,"M","M","$","M","M","R","E"],"character_chosen":"THE_SILENT","items_purchased":["Escape Plan","Snake Skull","Cloak And Dagger"],"campfire_rested":0,"item_purchase_floors":[8,20,20],"current_hp_per_floor":[63,63,63,56,42,42,42,42,42,42,42,42,42,41,41,49,65,39,33,33,15,9,9,0],"gold":53,"neow_bonus":"THREE_ENEMY_KILL","is_prod":false,"is_daily":false,"chose_seed":false,"campfire_upgraded":4,"win_rate":0,"timestamp":1543293458,"path_taken":["M","$","M","?","?","R","?","$","T","E","M","R","?","E","R","BOSS","M","M","$","?","M","R","E"],"build_version":"2018-11-15","purchased_purges":1,"victory":false,"max_hp_per_floor":[70,70,70,70,70,70,70,70,70,70,70,70,70,70,70,70,70,70,70,70,70,70,70,70],"card_choices":[{"not_picked":["Prepared","Acrobatics"],"picked":"Deflect","floor":1.0},{"not_picked":["Sucker Punch","Acrobatics"],"picked":"Cloak And Dagger","floor":3.0},{"not_picked":["Envenom","Poisoned Stab"],"picked":"Blade Dance","floor":7.0},{"not_picked":["Slice","Quick Slash"],"picked":"Footwork","floor":10.0},{"not_picked":["Bane","Deflect","Deadly Poison"],"picked":"SKIP","floor":11.0},{"not_picked":["Bane","Underhanded Strike"],"picked":"Envenom","floor":14.0},{"not_picked":["Bullet Time","Die Die Die"],"picked":"Doppelganger","floor":16.0},{"not_picked":["Dagger Spray","Setup"],"picked":"Noxious Fumes","floor":18},{"not_picked":["Deadly Poison+1","PiercingWail+1","Bouncing Flask"],"picked":"SKIP","floor":19},{"not_picked":["Prepared","Dodge and Roll"],"picked":"Leg Sweep","floor":21},{"not_picked":["Outmaneuver","Quick Slash","Flying Knee+1"],"picked":"SKIP","floor":22}],"player_experience":460270,"relics_obtained":[{"floor":7.0,"key":"Odd Mushroom"},{"floor":9.0,"key":"Thread and Needle"},{"floor":10.0,"key":"Dream Catcher"},{"floor":13.0,"key":"Orichalcum"},{"floor":14.0,"key":"Bottled Lightning"}],"event_choices":[{"damage_healed":0.0,"max_hp_gain":0.0,"max_hp_loss":0.0,"gold_gain":0.0,"event_name":"Scrap Ooze","player_choice":"Success","floor":4.0,"gold_loss":0.0,"damage_taken":7.0,"relics_obtained":["Pantograph"]},{"damage_healed":0.0,"max_hp_gain":0.0,"max_hp_loss":0.0,"gold_gain":0.0,"event_name":"Shining Light","player_choice":"Entered Light","floor":5.0,"gold_loss":0.0,"damage_taken":14.0,"cards_upgraded":["Strike_G","Strike_G"]},{"damage_healed":0.0,"max_hp_gain":0.0,"max_hp_loss":0.0,"gold_gain":0.0,"event_name":"Mushrooms","player_choice":"Fought Mushrooms","floor":7.0,"gold_loss":0.0,"damage_taken":0.0}],"is_beta":true,"boss_relics":[{"not_picked":["Busted Crown","Calling Bell"],"picked":"Runic Dome"}],"items_purged_floors":[2],"is_endless":false,"potions_floor_spawned":[7,11,18,22],"killed_by":"Slavers","ascension_level":8}