{"gold_per_floor":[110,129,32,32,44,73,73,73],"floor_reached":8,"playtime":363,"items_purged":["Writhe"],"score":78,"play_id":"0ff675c1-5af2-4807-b1ba-9d1457c75517","local_time":"20181106220157","is_ascension_mode":true,"campfire_choices":[],"neow_cost":"CURSE","seed_source_timestamp":205448827183484,"circlet_count":0,"master_deck":["Strike_B","Strike_B","Strike_B","Defend_B","Defend_B","Defend_B","Defend_B","Zap","Dualcast","Biased Cognition","Chill","Coolheaded","Gash","Rip and Tear","Streamline","Leap","Pain"],"relics":["Cracked Core","Smiling Mask","WarpedTongs"],"potions_floor_usage":[],"damage_taken":[{"damage":2,"enemies":"2 Louse","floor":1,"turns":3},{"damage":0,"enemies":"Cultist","floor":2,"turns":4},{"damage":12,"enemies":"Jaw Worm","floor":5,"turns":2},{"damage":18,"enemies":"Lagavulin","floor":6,"turns":7},{"damage":60,"enemies":"Gremlin Nob","floor":8,"turns":4}],"seed_played":"-5850126611203951896","potions_obtained":[{"floor":1,"key":"Explosive Potion"}],"is_trial":false,"path_per_floor":["M","M","$","?","M","E","?","E"],"character_chosen":"DEFECT","items_purchased":["Gash"],"campfire_rested":0,"item_purchase_floors":[3],"current_hp_per_floor":[66,66,66,66,54,36,36,0],"gold":73,"neow_bonus":"THREE_RARE_CARDS","is_prod":false,"is_daily":false,"chose_seed":false,"campfire_upgraded":0,"win_rate":0,"timestamp":1541559717,"path_taken":["M","M","$","?","?","E","?","E"],"build_version":"2018-11-01","purchased_purges":1,"victory":false,"max_hp_per_floor":[75,75,75,75,75,75,75,75],"card_choices":[{"not_picked":["All For One","Seek"],"picked":"Biased Cognition","floor":0},{"not_picked":["Rip and Tear","Turbo"],"picked":"Chill","floor":1},{"not_picked":["Turbo","Sweeping Beam"],"picked":"Coolheaded","floor":2},{"not_picked":["Leap","Hologram"],"picked":"Streamline","floor":5},{"not_picked":["Rebound","Storm"],"picked":"Leap","floor":6}],"player_experience":184625,"relics_obtained":[{"floor":6,"key":"Smiling Mask"}],"event_choices":[{"damage_healed":0,"gold_gain":0,"cards_transformed":["Strike_B"],"player_choice":"Transformed","damage_taken":0,"max_hp_gain":0,"max_hp_loss":0,"event_name":"Transmorgrifier","floor":4,"gold_loss":0,"cards_obtained":["Rip and Tear"]},{"damage_healed":0,"gold_gain":0,"player_choice":"Rummage","damage_taken":0,"relics_obtained":["WarpedTongs"],"max_hp_gain":0,"max_hp_loss":0,"event_name":"Accursed Blacksmith","floor":7,"gold_loss":0,"cards_obtained":["Pain"]}],"is_beta":false,"boss_relics":[],"items_purged_floors":[3],"is_endless":false,"potions_floor_spawned":[1],"killed_by":"Gremlin Nob","ascension_level":8}