{"gold_per_floor":[118,131,29,29,40,55,55,71,71,83,83,93,93,103,103,199,199,209,209,226,141,156,156,170,29,82,82,82,93,106,106,106,204,204,219,236,12,12,28,28,42,42,67,78,38,38,0,0,0,0],"floor_reached":51,"playtime":4324,"items_purged":[],"score":643,"play_id":"ffb4aa57-5ed5-4bc6-8aa4-502f21546d6f","local_time":"20180627004901","is_ascension_mode":false,"campfire_choices":[{"data":"1","floor":7,"key":"LIFT"},{"floor":11,"key":"REST"},{"floor":15,"key":"REST"},{"floor":23,"key":"REST"},{"floor":28,"key":"REST"},{"floor":32,"key":"REST"},{"floor":40,"key":"REST"},{"floor":42,"key":"REST"},{"floor":46,"key":"REST"},{"data":"Noxious Fumes","floor":49,"key":"SMITH"}],"neow_cost":"TEN_PERCENT_HP_LOSS","seed_source_timestamp":1099716607664410,"circlet_count":0,"master_deck":["Defend_G","Defend_G","Defend_G","Defend_G","Defend_G","Strike_G","Strike_G","Strike_G","Strike_G","Strike_G","Survivor","Neutralize","Noxious Fumes+1","Flying Knee","Noxious Fumes","Choke","Distraction","Well Laid Plans","Crippling Poison","Endless Agony","Blur","Deadly Poison","Corpse Explosion","Slice","Noxious Fumes","Catalyst+1","Flying Knee","Distraction","Panacea","Leg Sweep","Leg Sweep","Venomology","Deflect+1","Slice","Catalyst","Well Laid Plans","Endless Agony","Poisoned Stab+1","Flying Knee+1","Backflip","Infinite Blades","Catalyst+1"],"relics":["Ring of the Snake","Girya","Bottled Lightning","Mummified Hand","Runic Pyramid","Gremlin Horn","Oddly Smooth Stone","Ornamental Fan","Lizard Tail","Bronze Scales","Red Mask"],"potions_floor_usage":[6,12,12,16,18,29,29,33,36,39,41,41,50],"damage_taken":[{"damage":0,"enemies":"Jaw Worm","floor":1,"turns":5},{"damage":5,"enemies":"Cultist","floor":2,"turns":4},{"damage":10,"enemies":"Small Slimes","floor":5,"turns":4},{"damage":5,"enemies":"Looter","floor":6,"turns":4},{"damage":10,"enemies":"2 Fungi Beasts","floor":8,"turns":4},{"damage":8,"enemies":"3 Louse","floor":10,"turns":2},{"damage":19,"enemies":"Exordium Thugs","floor":12,"turns":5},{"damage":9,"enemies":"Blue Slaver","floor":14,"turns":3},{"damage":19,"enemies":"Hexaghost","floor":16,"turns":9},{"damage":21,"enemies":"2 Thieves","floor":18,"turns":5},{"damage":17,"enemies":"3 Byrds","floor":20,"turns":3},{"damage":16,"enemies":"3 Cultists","floor":22,"turns":5},{"damage":25,"enemies":"Snake Plant","floor":24,"turns":5},{"damage":13,"enemies":"Centurion and Healer","floor":29,"turns":6},{"damage":0,"enemies":"Cultist and Chosen","floor":30,"turns":4},{"damage":17,"enemies":"Collector","floor":33,"turns":8},{"damage":21,"enemies":"Orb Walker","floor":35,"turns":5},{"damage":12,"enemies":"3 Shapes","floor":36,"turns":6},{"damage":7,"enemies":"Maw","floor":39,"turns":8},{"damage":6,"enemies":"3 Darklings","floor":41,"turns":4},{"damage":14,"enemies":"4 Shapes","floor":44,"turns":4},{"damage":51,"enemies":"Donu and Deca","floor":50,"turns":6}],"seed_played":"-2657007216808539882","potions_obtained":[{"floor":1,"key":"Poison Potion"},{"floor":5,"key":"Weak Potion"},{"floor":6,"key":"Dexterity Potion"},{"floor":16,"key":"Fruit Juice"},{"floor":20,"key":"Weak Potion"},{"floor":22,"key":"GamblersBrew"},{"floor":29,"key":"Block Potion"},{"floor":33,"key":"SpeedPotion"},{"floor":44,"key":"FairyPotion"}],"is_trial":false,"path_per_floor":["M","M","$","?","M","M","R","M","T","M","R","M","?","M","R","B",null,"M","?","M","?","M","R","M","$","T","T","R","M","M","?","R","B",null,"M","M","$","$","M","R","M","R","T","M","$","R","?","?","R","B"],"character_chosen":"THE_SILENT","items_purchased":["Noxious Fumes","Choke","Panacea","Block Potion","Catalyst","Well Laid Plans","Endless Agony","Infinite Blades"],"campfire_rested":8,"item_purchase_floors":[3,3,25,25,37,37,37,45],"current_hp_per_floor":[63,58,58,63,53,48,48,38,38,30,48,29,29,20,38,19,63,47,47,30,30,14,34,9,9,9,9,29,16,16,16,36,19,68,47,35,35,35,28,48,42,62,62,48,48,68,68,68,68,17],"gold":0,"neow_bonus":"ONE_RARE_RELIC","is_prod":false,"is_daily":false,"chose_seed":false,"campfire_upgraded":1,"win_rate":0.0,"timestamp":1530053341,"path_taken":["M","M","$","?","M","?","R","?","T","M","R","M","?","M","R","BOSS","M","?","?","?","M","R","M","$","T","?","R","M","M","?","R","BOSS","M","M","?","$","?","R","M","R","T","M","$","R","?","?","R","BOSS"],"build_version":"2018-06-21v2","purchased_purges":0,"victory":true,"max_hp_per_floor":[63,63,63,63,63,63,63,63,63,63,63,63,63,63,63,63,63,68,68,68,68,68,68,68,68,68,68,68,68,68,68,68,68,68,68,68,68,68,68,68,68,68,68,68,68,68,68,68,68,68],"card_choices":[{"not_picked":["Dash","Dodge and Roll"],"picked":"Noxious Fumes","floor":1},{"not_picked":["Prepared","Eviscerate"],"picked":"Flying Knee","floor":2},{"not_picked":["Sucker Punch","Terror"],"picked":"Distraction","floor":5},{"not_picked":["Masterful Stab","Caltrops"],"picked":"Well Laid Plans","floor":6},{"not_picked":["Endless Agony","Blade Dance"],"picked":"Crippling Poison","floor":8},{"not_picked":["PiercingWail","Underhanded Strike"],"picked":"Endless Agony","floor":10},{"not_picked":["Prepared","Backflip"],"picked":"Blur","floor":12},{"not_picked":["Backflip","Dagger Throw"],"picked":"Deadly Poison","floor":14},{"not_picked":["Phantasmal Killer","Glass Knife"],"picked":"Corpse Explosion","floor":16},{"not_picked":["Caltrops","Sucker Punch"],"picked":"Slice","floor":18},{"not_picked":["Underhanded Strike","Deflect"],"picked":"Catalyst+1","floor":20},{"not_picked":["Acrobatics","Malaise"],"picked":"Flying Knee","floor":22},{"not_picked":["Slice+1","Prepared+1"],"picked":"Distraction","floor":24},{"not_picked":["Masterful Stab+1","Backflip"],"picked":"Leg Sweep","floor":29},{"not_picked":["Choke","Outmaneuver"],"picked":"Leg Sweep","floor":30},{"not_picked":["Glass Knife","Wraith Form v2"],"picked":"Venomology","floor":33},{"not_picked":["Reflex","Backflip+1"],"picked":"Deflect+1","floor":35},{"not_picked":["Backflip+1","Flechettes+1"],"picked":"Slice","floor":36},{"not_picked":["Backflip+1","Eviscerate+1"],"picked":"Poisoned Stab+1","floor":39},{"not_picked":["Sucker Punch","PiercingWail+1"],"picked":"Flying Knee+1","floor":41},{"not_picked":["Tactician","Riddle With Holes"],"picked":"Backflip","floor":44}],"player_experience":27006,"relics_obtained":[{"floor":9,"key":"Bottled Lightning"},{"floor":26,"key":"Oddly Smooth Stone"},{"floor":27,"key":"Ornamental Fan"},{"floor":43,"key":"Bronze Scales"}],"event_choices":[{"event_name":"Wheel of Change","player_choice":"Full Heal","floor":4,"damage_taken":0},{"event_name":"Dead Adventurer","player_choice":"Searched \u00272\u0027 times","floor":13,"damage_taken":0},{"event_name":"The Library","player_choice":"Read","floor":19,"damage_taken":0},{"event_name":"Addict","player_choice":"Obtained Relic","floor":21,"damage_taken":0},{"event_name":"Cursed Tome","player_choice":"Ignored","floor":31,"damage_taken":0},{"event_name":"Tomb of Lord Red Mask","player_choice":"Paid","floor":47,"damage_taken":0},{"event_name":"Duplicator","player_choice":"One dupe","floor":48,"damage_taken":0}],"boss_relics":[{"not_picked":["Velvet Choker","Ectoplasm"],"picked":"Runic Pyramid"},{"not_picked":["Runic Dome","Philosopher\u0027s Stone"],"picked":"Lizard Tail"}],"items_purged_floors":[],"is_endless":false,"potions_floor_spawned":[1,5,6,8,16,20,22,29,33,44],"ascension_level":0}