{"path_per_floor":["M","M","?","M","M","R","M","$","T","E","?","T","R","E","R","B",null,"M","$","M","M","M","R","M","M","T","?","E"],"character_chosen":"DEFECT","items_purchased":["Storm","Leap"],"gold_per_floor":[111,129,129,146,159,159,176,19,44,73,73,73,73,99,99,200,200,140,14,14,14,14,14,14,14,14,14,14,14],"floor_reached":29,"campfire_rested":1,"playtime":1486,"item_purchase_floors":[8,19],"current_hp_per_floor":[68,67,60,54,49,49,32,32,39,16,43,43,43,34,34,36,71,72,72,79,48,9,33,39,12,12,12,26,0],"items_purged":["Strike_B","Strike_B"],"gold":14,"score":434,"play_id":"ab58ecb9-4057-43e7-bf12-75be886969f2","local_time":"20180522134212","is_prod":false,"is_daily":false,"chose_seed":false,"is_ascension_mode":true,"campfire_upgraded":3,"timestamp":1526989332,"campfire_choices":[{"data":"Creative AI","floor":6,"key":"SMITH"},{"data":"Storm","floor":13,"key":"SMITH"},{"data":"FTL","floor":15,"key":"SMITH"},{"floor":23,"key":"REST"}],"path_taken":["M","M","?","M","M","R","M","$","T","E","?","?","R","E","R","BOSS","M","$","M","M","M","R","M","M","T","?","E","M"],"build_version":"2018-05-21v2","seed_source_timestamp":177280660937206,"purchased_purges":2,"victory":false,"master_deck":["Strike_B","Defend_B","Defend_B","Defend_B","Defend_B","Zap","Dualcast","Creative AI+1","Axe Kick","Genetic Algorithm","FTL","FTL+1","Tempest","Storm+1","Self Repair","Chill","Amplify","Leap","Steam+1","White Noise","Reinforced Body","Ghostly","Ghostly","Ghostly","Ghostly","Ghostly","Auto Shields"],"max_hp_per_floor":[75,75,75,75,75,75,75,75,82,82,82,82,82,82,82,82,82,82,82,82,82,82,82,82,82,82,41,41,41],"relics":["Cracked Core","Strawberry","Ancient Tea Set","Pantograph","Bag of Marbles","Ectoplasm","Dream Catcher","Tiny Chest"],"card_choices":[{"not_picked":["Turbo","Redo"],"picked":"Axe Kick","floor":1},{"not_picked":["Stack","Hologram"],"picked":"Genetic Algorithm","floor":2},{"not_picked":["Lockon","Capacitor"],"picked":"FTL","floor":4},{"not_picked":["Steam","Cold Snap"],"picked":"FTL","floor":5},{"not_picked":["Reboot","Streamline"],"picked":"Tempest","floor":7},{"not_picked":["Doom and Gloom","Hello World"],"picked":"Self Repair","floor":10},{"not_picked":["Capacitor","Axe Kick"],"picked":"Chill","floor":14},{"not_picked":["Meteor Strike","Machine Learning"],"picked":"Amplify","floor":16},{"not_picked":["Streamline","Redo","Steam"],"picked":"SKIP","floor":18},{"not_picked":["Barrage+1","Rebound"],"picked":"Steam+1","floor":20},{"not_picked":["Streamline","Rip and Tear+1","Genetic Algorithm"],"picked":"SKIP","floor":21},{"not_picked":["Steam+1","FTL"],"picked":"White Noise","floor":22},{"not_picked":["Axe Kick","Streamline"],"picked":"Reinforced Body","floor":24},{"not_picked":["Rebound","Lockon","Doom and Gloom"],"picked":"SKIP","floor":25},{"not_picked":["Sunder","Blizzard"],"picked":"Auto Shields","floor":28}],"player_experience":99956,"potions_floor_usage":[10,16,18,22,28],"damage_taken":[{"damage":0,"enemies":"2 Louse","floor":1,"turns":4},{"damage":1,"enemies":"Cultist","floor":2,"turns":3},{"damage":6,"enemies":"Small Slimes","floor":4,"turns":3},{"damage":5,"enemies":"2 Fungi Beasts","floor":5,"turns":4},{"damage":17,"enemies":"Large Slime","floor":7,"turns":4},{"damage":23,"enemies":"3 Sentries","floor":10,"turns":6},{"damage":16,"enemies":"Lagavulin","floor":14,"turns":6},{"damage":30,"enemies":"Hexaghost","floor":16,"turns":9},{"damage":6,"enemies":"2 Thieves","floor":18,"turns":4},{"damage":0,"enemies":"Spheric Guardian","floor":20,"turns":3},{"damage":31,"enemies":"Snecko","floor":21,"turns":5},{"damage":46,"enemies":"Cultist and Chosen","floor":22,"turns":6},{"damage":1,"enemies":"Chosen and Byrds","floor":24,"turns":4},{"damage":34,"enemies":"3 Cultists","floor":25,"turns":6},{"damage":0,"enemies":"Book of Stabbing","floor":28,"turns":7},{"damage":27,"enemies":"Snecko","floor":29,"turns":4}],"relics_obtained":[{"floor":9,"key":"Strawberry"},{"floor":10,"key":"Ancient Tea Set"},{"floor":12,"key":"Pantograph"},{"floor":14,"key":"Bag of Marbles"},{"floor":26,"key":"Dream Catcher"},{"floor":28,"key":"Tiny Chest"}],"event_choices":[{"event_name":"Golden Wing","player_choice":"Card Removal","floor":3,"damage_taken":0},{"event_name":"Big Fish","player_choice":"Banana","floor":11,"damage_taken":0},{"event_name":"Ghosts","player_choice":"Became a Ghost","floor":27,"damage_taken":0}],"boss_relics":[{"not_picked":["Tiny House","Runic Pyramid"],"picked":"Ectoplasm"}],"items_purged_floors":[8,19],"potions_floor_spawned":[1,4,10,14,18,21,25,28],"seed_played":"2915871146862803488","killed_by":"Snecko","ascension_level":9,"potions_obtained":[{"floor":1,"key":"Strength Potion"},{"floor":4,"key":"SteroidPotion"},{"floor":10,"key":"Block Potion"},{"floor":14,"key":"AttackPotion"},{"floor":18,"key":"Fire Potion"},{"floor":21,"key":"Poison Potion"},{"floor":25,"key":"Block Potion"},{"floor":28,"key":"Strength Potion"}],"is_trial":false}