{"gold_per_floor":[10,28,28,41,41,316,316,336,361,361,391,408,10,27,27,123,123,142,67,67,86,46,46],"floor_reached":23,"playtime":1006,"items_purged":[],"score":235,"play_id":"7a9355ba-c798-4513-9ca0-6fbe70cf5e4d","local_time":"20180915094223","is_ascension_mode":true,"campfire_choices":[{"data":"Static Discharge","floor":7,"key":"SMITH"},{"data":"Dualcast","floor":10,"key":"SMITH"},{"floor":15,"key":"REST"}],"neow_cost":"NO_GOLD","seed_source_timestamp":68980879684223,"circlet_count":0,"master_deck":["Strike_B","Strike_B","Strike_B","Defend_B","Defend_B","Defend_B","Defend_B","Zap","Dualcast+1","Darkness","Static Discharge+1","Undo","Leap","Buffer","Consume","Seek","Normality","Decay","Doubt","BootSequence+1","White Noise+1"],"relics":["Cracked Core","Gambling Chip","Vajra","Odd Mushroom","Cables","Pen Nib","Calling Bell","Potion Belt","Ornamental Fan","Bird Faced Urn"],"potions_floor_usage":[11,16,21,23,23],"damage_taken":[{"damage":1,"enemies":"Jaw Worm","floor":1,"turns":5},{"damage":1,"enemies":"Cultist","floor":2,"turns":3},{"damage":8,"enemies":"Small Slimes","floor":4,"turns":4},{"damage":15,"enemies":"Red Slaver","floor":8,"turns":6},{"damage":19,"enemies":"The Mushroom Lair","floor":11,"turns":3},{"damage":8,"enemies":"Large Slime","floor":12,"turns":5},{"damage":0,"enemies":"Blue Slaver","floor":14,"turns":4},{"damage":22,"enemies":"Hexaghost","floor":16,"turns":5},{"damage":14,"enemies":"Spheric Guardian","floor":18,"turns":3},{"damage":5,"enemies":"Shell Parasite","floor":21,"turns":5},{"damage":55,"enemies":"Slavers","floor":23,"turns":5}],"seed_played":"7282112798828868001","potions_obtained":[{"floor":4,"key":"FearPotion"},{"floor":8,"key":"SpeedPotion"},{"floor":14,"key":"Poison Potion"},{"floor":16,"key":"LiquidBronze"},{"floor":22,"key":"Explosive Potion"},{"floor":22,"key":"EssenceOfSteel"},{"floor":22,"key":"GamblersBrew"}],"is_trial":false,"path_per_floor":["M","M","?","M","?","?","R","M","T","R","?","M","$","M","R","B",null,"M","?","$","M","?"],"character_chosen":"DEFECT","items_purchased":["Cables","Pen Nib"],"campfire_rested":1,"item_purchase_floors":[13,13],"current_hp_per_floor":[67,66,66,58,58,58,58,43,43,43,24,16,16,16,38,16,60,50,50,50,49,49,0],"gold":46,"neow_bonus":"ONE_RARE_RELIC","is_prod":false,"is_daily":false,"chose_seed":false,"campfire_upgraded":2,"win_rate":0,"timestamp":1536997343,"path_taken":["M","M","?","M","?","?","R","M","T","R","?","M","$","?","R","BOSS","M","?","$","M","?","E"],"build_version":"2018-09-06","purchased_purges":0,"victory":false,"max_hp_per_floor":[75,75,75,75,75,75,75,75,75,75,75,75,75,75,75,75,75,75,75,75,75,75,75],"card_choices":[{"not_picked":["Ball Lightning","Beam Cell"],"picked":"Darkness","floor":1},{"not_picked":["Sweeping Beam","Double Energy"],"picked":"Static Discharge","floor":2},{"not_picked":["Heatsinks","Barrage"],"picked":"Undo","floor":4},{"not_picked":["Streamline","Lockon","Ball Lightning"],"picked":"SKIP","floor":8},{"not_picked":["Go for the Eyes","Double Energy"],"picked":"Leap","floor":11},{"not_picked":["Ball Lightning","Chill"],"picked":"Buffer","floor":12},{"not_picked":["Compile Driver","Sweeping Beam"],"picked":"Consume","floor":14},{"not_picked":["Amplify","Meteor Strike"],"picked":"Seek","floor":16},{"not_picked":["FTL","Scrape"],"picked":"BootSequence+1","floor":18},{"not_picked":["Barrage","Compile Driver"],"picked":"White Noise+1","floor":21}],"player_experience":191591,"relics_obtained":[{"floor":9,"key":"Vajra"},{"floor":11,"key":"Odd Mushroom"},{"floor":17,"key":"Potion Belt"},{"floor":17,"key":"Ornamental Fan"},{"floor":17,"key":"Bird Faced Urn"}],"event_choices":[{"event_name":"Purifier","player_choice":"One Purge","floor":3,"damage_taken":0},{"event_name":"Match and Keep!","player_choice":"0 cards matched","floor":5,"damage_taken":0},{"event_name":"Golden Shrine","player_choice":"Desecrate","floor":6,"damage_taken":0},{"event_name":"Mushrooms","player_choice":"Fought Mushrooms","floor":11,"damage_taken":0},{"event_name":"Beggar","player_choice":"Gave Gold","floor":19,"damage_taken":0},{"event_name":"The Woman in Blue","player_choice":"Bought 3 Potions","floor":22,"damage_taken":0}],"is_beta":false,"boss_relics":[{"not_picked":["Snecko Eye","Runic Dome"],"picked":"Calling Bell"}],"items_purged_floors":[],"is_endless":false,"potions_floor_spawned":[4,8,14,16],"killed_by":"Slavers","ascension_level":6}