{"path_per_floor":["M","?","M","M","M","E","R","E","T","R","M","E","M","M","R","B",null,"M","?","M","M","?","R"],"character_chosen":"DEFECT","items_purchased":[],"gold_per_floor":[115,115,128,138,156,181,181,211,211,211,221,254,271,289,289,392,392,404,329,349,363,363,363,363],"floor_reached":24,"campfire_rested":2,"playtime":736,"item_purchase_floors":[],"current_hp_per_floor":[73,73,71,61,59,39,39,9,9,31,18,18,9,9,31,18,61,61,61,56,26,26,26,0],"items_purged":[],"gold":363,"score":275,"play_id":"3d7e4424-148a-438f-ad8e-ebaf0fb2b4cf","local_time":"20180601174818","is_prod":false,"is_daily":false,"chose_seed":false,"is_ascension_mode":true,"campfire_upgraded":2,"win_rate":0,"timestamp":1527889698,"campfire_choices":[{"data":"Zap","floor":7,"key":"SMITH"},{"floor":10,"key":"REST"},{"floor":15,"key":"REST"},{"data":"Defragment","floor":23,"key":"SMITH"}],"path_taken":["M","?","M","M","M","E","R","E","T","R","M","E","M","?","R","BOSS","M","?","M","M","?","R","M"],"build_version":"2018-05-30v2","seed_source_timestamp":360646509816513,"purchased_purges":0,"victory":false,"master_deck":["Strike_B","Strike_B","Strike_B","Defend_B","Defend_B","Defend_B","Defend_B","Zap+1","Dualcast","Ball Lightning","Decay","Defragment+1","Leap","Barrage","Biased Cognition","Loop","Double Energy","Rip and Tear","Scrape","Turbo","Core Surge","Turbo+1","Ball Lightning","Beam Cell","Writhe"],"max_hp_per_floor":[75,75,75,75,75,75,75,75,75,75,75,75,75,75,75,75,75,75,75,75,75,75,75,75],"relics":["Cracked Core","Unceasing Top","Shuriken","Toolbox","Oddly Smooth Stone","Nuclear Battery","Lantern"],"card_choices":[{"not_picked":["Sweeping Beam","Compile Driver"],"picked":"Ball Lightning","floor":1},{"not_picked":["Go for the Eyes","Leap"],"picked":"Defragment","floor":3},{"not_picked":["Gash","Static Discharge"],"picked":"Leap","floor":4},{"not_picked":["Undo","Sweeping Beam"],"picked":"Barrage","floor":5},{"not_picked":["Chaos","Cold Snap"],"picked":"Biased Cognition","floor":6},{"not_picked":["Go for the Eyes","Conserve Battery"],"picked":"Loop","floor":8},{"not_picked":["Cold Snap","Stack"],"picked":"Double Energy","floor":11},{"not_picked":["Fusion","Multi-Cast"],"picked":"Rip and Tear","floor":12},{"not_picked":["Ball Lightning","Cold Snap"],"picked":"Scrape","floor":13},{"not_picked":["Rebound","Go for the Eyes"],"picked":"Turbo","floor":14},{"not_picked":["Creative AI","Rainbow"],"picked":"Core Surge","floor":16},{"not_picked":["Steam","Chill+1"],"picked":"Turbo+1","floor":18},{"not_picked":["Rebound","Turbo"],"picked":"Ball Lightning","floor":20},{"not_picked":["Barrage","Streamline"],"picked":"Beam Cell","floor":21}],"player_experience":248147,"potions_floor_usage":[6,6,12,16],"damage_taken":[{"damage":2,"enemies":"Jaw Worm","floor":1,"turns":4},{"damage":2,"enemies":"Cultist","floor":3,"turns":3},{"damage":10,"enemies":"Small Slimes","floor":4,"turns":3},{"damage":2,"enemies":"Looter","floor":5,"turns":4},{"damage":20,"enemies":"Lagavulin","floor":6,"turns":5},{"damage":30,"enemies":"3 Sentries","floor":8,"turns":5},{"damage":13,"enemies":"Red Slaver","floor":11,"turns":4},{"damage":18,"enemies":"Lagavulin","floor":12,"turns":5},{"damage":9,"enemies":"Large Slime","floor":13,"turns":5},{"damage":0,"enemies":"Exordium Wildlife","floor":14,"turns":2},{"damage":13,"enemies":"The Guardian","floor":16,"turns":6},{"damage":0,"enemies":"Chosen","floor":18,"turns":3},{"damage":5,"enemies":"Spheric Guardian","floor":20,"turns":3},{"damage":30,"enemies":"Snecko","floor":21,"turns":5},{"damage":33,"enemies":"Centurion and Healer","floor":24,"turns":2}],"relics_obtained":[{"floor":6,"key":"Unceasing Top"},{"floor":8,"key":"Shuriken"},{"floor":9,"key":"Toolbox"},{"floor":12,"key":"Oddly Smooth Stone"}],"event_choices":[{"event_name":"Wheel of Change","player_choice":"Curse","floor":2,"damage_taken":0},{"event_name":"Beggar","player_choice":"Gave Gold","floor":19,"damage_taken":0},{"event_name":"The Mausoleum","player_choice":"Yes","floor":22,"damage_taken":0}],"boss_relics":[{"not_picked":["Orrery","Tiny House"],"picked":"Nuclear Battery"}],"items_purged_floors":[],"potions_floor_spawned":[6,8,11,12,13,14,18,21],"seed_played":"-8716113065806426443","killed_by":"Centurion and Healer","ascension_level":5,"potions_obtained":[{"floor":6,"key":"FocusPotion"},{"floor":8,"key":"Regen Potion"},{"floor":11,"key":"FearPotion"},{"floor":12,"key":"FocusPotion"},{"floor":18,"key":"FocusPotion"}],"is_trial":false}