{"gold_per_floor":[113,129,129,141,141,141,90,101,126,126,136,152,59,74,74,151,151,162,162,162,162],"floor_reached":21,"playtime":1394,"items_purged":[],"score":325,"play_id":"7dc3c9c4-8642-4704-b63a-f6c38621fd48","local_time":"20180924232859","is_ascension_mode":true,"campfire_choices":[{"floor":6,"key":"REST"},{"floor":15,"key":"REST"}],"neow_cost":"NONE","seed_source_timestamp":815460221571900,"circlet_count":0,"master_deck":["Strike_B+1","Strike_B+1","Defend_B+1","Defend_B","Defend_B","Zap","Dualcast","AscendersBane","Melter","FTL","Loop+1","Rip and Tear","Rainbow","Undo","Echo Form"],"relics":["Cracked Core","Whetstone","Omamori","Empty Cage","Nilry\u0027s Codex","Blood Vial"],"potions_floor_usage":[4,8,11,16],"damage_taken":[{"damage":1,"enemies":"Cultist","floor":1,"turns":3},{"damage":2,"enemies":"2 Louse","floor":2,"turns":2},{"damage":2,"enemies":"Jaw Worm","floor":4,"turns":2},{"damage":2,"enemies":"2 Fungi Beasts","floor":8,"turns":3},{"damage":10,"enemies":"3 Louse","floor":11,"turns":3},{"damage":12,"enemies":"Looter","floor":12,"turns":3},{"damage":6,"enemies":"Red Slaver","floor":14,"turns":3},{"damage":16,"enemies":"The Guardian","floor":16,"turns":7},{"damage":12,"enemies":"Chosen","floor":18,"turns":6},{"damage":40,"enemies":"3 Byrds","floor":21,"turns":3}],"seed_played":"2658499915158274224","potions_obtained":[{"floor":1,"key":"PowerPotion"},{"floor":2,"key":"FearPotion"},{"floor":4,"key":"PowerPotion"},{"floor":11,"key":"LiquidBronze"}],"is_trial":false,"path_per_floor":["M","M","?","M","?","R","?","M","T","?","M","M","$","M","R","B",null,"M","?","T"],"character_chosen":"DEFECT","items_purchased":["Rainbow"],"campfire_rested":2,"item_purchase_floors":[13],"current_hp_per_floor":[63,61,61,59,38,59,59,57,57,57,47,35,35,29,50,34,62,50,29,29,0],"gold":162,"neow_bonus":"RANDOM_COMMON_RELIC","is_prod":false,"is_daily":false,"chose_seed":false,"campfire_upgraded":0,"win_rate":0,"timestamp":1537824539,"path_taken":["M","M","?","M","?","R","?","?","T","?","?","M","$","M","R","BOSS","M","?","?","M"],"build_version":"2018-09-20","purchased_purges":0,"victory":false,"max_hp_per_floor":[71,71,71,71,71,71,71,71,71,71,71,71,71,71,71,71,71,71,71,71,71],"card_choices":[{"not_picked":["Fusion","Hello World"],"picked":"Melter","floor":1},{"not_picked":["Fusion","Stack"],"picked":"FTL","floor":2},{"not_picked":["Go for the Eyes","Compile Driver"],"picked":"Loop","floor":4},{"not_picked":["Compile Driver","Storm"],"picked":"Rip and Tear","floor":8},{"not_picked":["Hello World","Gash","Blizzard"],"picked":"SKIP","floor":11},{"not_picked":["Sweeping Beam","Compile Driver","Loop"],"picked":"SKIP","floor":12},{"not_picked":["Gash","Tempest"],"picked":"Undo","floor":14},{"not_picked":["Multi-Cast","Thunder Strike"],"picked":"Echo Form","floor":16},{"not_picked":["Sweeping Beam","Coolheaded","Turbo"],"picked":"SKIP","floor":18}],"player_experience":649475,"relics_obtained":[{"floor":9,"key":"Omamori"},{"floor":19,"key":"Nilry\u0027s Codex"},{"floor":20,"key":"Blood Vial"}],"event_choices":[{"event_name":"Liars Game","player_choice":"disagreed","floor":3,"damage_taken":0},{"event_name":"Shining Light","player_choice":"Entered Light","floor":5,"damage_taken":0},{"event_name":"World of Goop","player_choice":"Left","floor":7,"damage_taken":0},{"event_name":"Bonfire Elementals","player_choice":"BASIC","floor":10,"damage_taken":0},{"event_name":"Cursed Tome","player_choice":"Obtained Book","floor":19,"damage_taken":0}],"is_beta":false,"boss_relics":[{"not_picked":["Coffee Dripper","White Beast Statue"],"picked":"Empty Cage"}],"items_purged_floors":[],"is_endless":false,"potions_floor_spawned":[1,2,4,11],"killed_by":"3 Byrds","ascension_level":18}