{"gold_per_floor":[217,167,180,195,210,210,210,210,237,254,274,274,287,305,305,401,401,420,14,27,27,27,27,27,27],"floor_reached":25,"playtime":1263,"items_purged":["Defend_B"],"score":273,"play_id":"3fa6e1b8-0264-49b0-9ad3-e5be74fd5180","local_time":"20180916224540","is_ascension_mode":true,"campfire_choices":[{"floor":6,"key":"REST"},{"data":"White Noise","floor":8,"key":"SMITH"},{"data":"Defragment","floor":12,"key":"SMITH"},{"floor":15,"key":"REST"},{"floor":23,"key":"REST"}],"neow_cost":"NONE","seed_source_timestamp":121783605199179,"circlet_count":0,"master_deck":["Strike_B","Strike_B","Strike_B","Defend_B","Defend_B","Defend_B","Zap","Dualcast","White Noise+1","Electrodynamics","Melter","Force Field","Defragment+1","Leap","Echo Form","Loop","Capacitor","Darkness","Go for the Eyes","Static Discharge","Decay"],"relics":["Cracked Core","Happy Flower","Orrery","Matryoshka","Enchiridion"],"potions_floor_usage":[11,13,18],"damage_taken":[{"damage":3,"enemies":"Jaw Worm","floor":1,"turns":5},{"damage":4,"enemies":"Small Slimes","floor":3,"turns":4},{"damage":13,"enemies":"Cultist","floor":4,"turns":6},{"damage":9,"enemies":"Blue Slaver","floor":5,"turns":5},{"damage":5,"enemies":"2 Fungi Beasts","floor":10,"turns":3},{"damage":0,"enemies":"3 Louse","floor":11,"turns":1},{"damage":10,"enemies":"Large Slime","floor":13,"turns":4},{"damage":6,"enemies":"Looter","floor":14,"turns":3},{"damage":22,"enemies":"The Guardian","floor":16,"turns":9},{"damage":32,"enemies":"Shell Parasite","floor":18,"turns":5},{"damage":13,"enemies":"Spheric Guardian","floor":20,"turns":4},{"damage":33,"enemies":"Book of Stabbing","floor":25,"turns":4}],"seed_played":"8032625777073257957","potions_obtained":[{"floor":4,"key":"Explosive Potion"},{"floor":5,"key":"Strength Potion"},{"floor":16,"key":"FocusPotion"}],"is_trial":false,"path_per_floor":["M","?","M","M","M","R","?","R","T","M","M","R","M","M","R","B",null,"M","$","M","?","$","R","?"],"character_chosen":"DEFECT","items_purchased":["Static Discharge","Matryoshka"],"campfire_rested":3,"item_purchase_floors":[19,19],"current_hp_per_floor":[65,65,68,55,46,68,68,68,68,63,63,63,53,47,69,47,68,36,36,23,7,7,29,29,0],"gold":27,"neow_bonus":"HUNDRED_GOLD","is_prod":false,"is_daily":false,"chose_seed":false,"campfire_upgraded":2,"win_rate":0,"timestamp":1537130740,"path_taken":["M","?","M","M","?","R","?","R","T","M","M","R","M","M","R","BOSS","M","$","M","?","$","R","?","E"],"build_version":"2018-09-06","purchased_purges":1,"victory":false,"max_hp_per_floor":[75,75,75,75,75,75,75,75,75,75,75,75,75,75,75,75,75,75,75,75,75,75,75,75,75],"card_choices":[{"not_picked":["Hologram","Double Energy"],"picked":"White Noise","floor":1},{"not_picked":["Ball Lightning","Barrage","Lockon"],"picked":"SKIP","floor":3},{"not_picked":["Streamline","Cold Snap"],"picked":"Electrodynamics","floor":4},{"not_picked":["Redo","Rip and Tear"],"picked":"Melter","floor":5},{"not_picked":["Sweeping Beam","Cold Snap"],"picked":"Force Field","floor":10},{"not_picked":["Loop","Coolheaded"],"picked":"Defragment","floor":11},{"not_picked":["Reprogram","Redo"],"picked":"Leap","floor":13},{"not_picked":["Turbo","Hello World","Compile Driver"],"picked":"SKIP","floor":14},{"not_picked":["Machine Learning","Meteor Strike"],"picked":"Echo Form","floor":16},{"not_picked":["Rainbow","Streamline"],"picked":"Loop","floor":17},{"not_picked":["Beam Cell","Gash"],"picked":"Capacitor","floor":17},{"not_picked":["Steam","Go for the Eyes"],"picked":"Darkness","floor":17},{"not_picked":["Barrage","Rebound"],"picked":"Go for the Eyes","floor":17},{"not_picked":["Heatsinks","Scrape","Compile Driver"],"picked":"SKIP","floor":18},{"not_picked":["Redo","Blizzard","Cold Snap"],"picked":"SKIP","floor":20}],"player_experience":256025,"relics_obtained":[{"floor":9,"key":"Happy Flower"},{"floor":21,"key":"Enchiridion"}],"event_choices":[{"event_name":"The Cleric","player_choice":"Card Removal","floor":2,"damage_taken":0},{"event_name":"Liars Game","player_choice":"disagreed","floor":7,"damage_taken":0},{"event_name":"Cursed Tome","player_choice":"Obtained Book","floor":21,"damage_taken":0},{"event_name":"Forgotten Altar","player_choice":"Smashed Altar","floor":24,"damage_taken":0}],"is_beta":false,"boss_relics":[{"not_picked":["Runic Dome","Snecko Eye"],"picked":"Orrery"}],"items_purged_floors":[19],"is_endless":false,"potions_floor_spawned":[4,5,16],"killed_by":"Book of Stabbing","ascension_level":8}