{"gold_per_floor":[360,380,390,390,44,44,68,68,137,180,16,30,30],"floor_reached":13,"playtime":343,"items_purged":["Strike_B"],"score":162,"play_id":"bebd8439-0ed2-4daa-993a-7797772aa3fc","local_time":"20180925015650","is_ascension_mode":true,"campfire_choices":[{"floor":6,"key":"REST"}],"neow_cost":"CURSE","seed_source_timestamp":825382036160559,"circlet_count":0,"master_deck":["Strike_B+1","Strike_B","Strike_B","Defend_B","Defend_B","Defend_B","Defend_B","Zap","Dualcast","AscendersBane","Decay","Conserve Battery","Sunder+1","Beam Cell","Rip and Tear","Storm"],"relics":["Cracked Core","Golden Idol","Bird Faced Urn","Whetstone","Symbiotic Virus","Kunai"],"potions_floor_usage":[10],"damage_taken":[{"damage":7,"enemies":"Small Slimes","floor":1,"turns":3},{"damage":1,"enemies":"2 Louse","floor":2,"turns":3},{"damage":8,"enemies":"Cultist","floor":3,"turns":3},{"damage":27,"enemies":"Exordium Wildlife","floor":7,"turns":5},{"damage":22,"enemies":"Lagavulin","floor":10,"turns":5},{"damage":8,"enemies":"Blue Slaver","floor":12,"turns":2},{"damage":8,"enemies":"Exordium Thugs","floor":13,"turns":1}],"seed_played":"3053722840059113193","potions_obtained":[{"floor":1,"key":"Weak Potion"},{"floor":10,"key":"Ancient Potion"}],"is_trial":false,"path_per_floor":["M","M","M","?","$","R","M","T","T","E","$","M"],"character_chosen":"DEFECT","items_purchased":["Bird Faced Urn","Storm"],"campfire_rested":1,"item_purchase_floors":[5,11],"current_hp_per_floor":[57,56,48,48,48,64,37,37,37,15,15,7,0],"gold":30,"neow_bonus":"TWO_FIFTY_GOLD","is_prod":false,"is_daily":false,"chose_seed":false,"campfire_upgraded":0,"win_rate":0,"timestamp":1537833410,"path_taken":["M","M","M","?","$","R","M","?","T","E","?","M","?"],"build_version":"2018-09-20","purchased_purges":1,"victory":false,"max_hp_per_floor":[71,71,71,64,64,64,64,64,64,64,64,64,64],"card_choices":[{"not_picked":["Barrage","Steam Power"],"picked":"Conserve Battery","floor":1},{"not_picked":["Leap","Skim","Rebound"],"picked":"SKIP","floor":2},{"not_picked":["Thunder Strike","Auto Shields"],"picked":"Sunder","floor":3},{"not_picked":["Steam","Stack"],"picked":"Beam Cell","floor":7},{"not_picked":["Storm","Hologram"],"picked":"Rip and Tear","floor":10},{"not_picked":["Redo","Turbo","Coolheaded"],"picked":"SKIP","floor":12}],"player_experience":658894,"relics_obtained":[{"floor":8,"key":"Whetstone"},{"floor":9,"key":"Symbiotic Virus"},{"floor":10,"key":"Kunai"}],"event_choices":[{"event_name":"Golden Idol","player_choice":"Lose Max HP","floor":4,"damage_taken":0}],"is_beta":false,"boss_relics":[],"items_purged_floors":[11],"is_endless":false,"potions_floor_spawned":[1,10],"killed_by":"Exordium Thugs","ascension_level":18}