{"gold_per_floor":[109,128,140,156,172,172,207,207,259,293,293,310,310,126,126,225,225,225,150,150,150,150,150,150,150,150,150,150,150,150,150,150,150,150,150,150,150,150,150,150,150,150,150,150,150,150,150,150,150,150],"floor_reached":51,"playtime":5793,"items_purged":["Strike_B"],"score":731,"play_id":"4dcf693a-9a1b-4743-a078-6f1354ed9113","local_time":"20180717220641","is_ascension_mode":false,"campfire_choices":[{"data":"Hologram","floor":6.0,"key":"SMITH"},{"data":"Loop","floor":8.0,"key":"SMITH"},{"data":"Doom and Gloom","floor":11.0,"key":"SMITH"},{"data":"Loop","floor":13.0,"key":"SMITH"},{"data":"Zap","floor":15.0,"key":"SMITH"},{"data":"Auto Shields","floor":23.0,"key":"SMITH"},{"data":"Machine Learning","floor":28.0,"key":"SMITH"},{"data":"Conserve Battery","floor":30.0,"key":"SMITH"},{"floor":32,"key":"REST"},{"data":"Transmutation","floor":40,"key":"SMITH"},{"data":"Seek","floor":45,"key":"SMITH"},{"floor":49,"key":"REST"}],"neow_cost":"NONE","seed_source_timestamp":0,"circlet_count":0,"master_deck":["Strike_B","Defend_B","Defend_B","Defend_B","Defend_B","Zap+1","Dualcast+1","Doom and Gloom+1","Hologram+1","Conserve Battery+1","Conserve Battery","Loop+1","Coolheaded","Loop+1","Capacitor","Auto Shields+1","Machine Learning+1","Auto Shields+1","Reinforced Body+1","Leap+1","Hologram","Seek+1","Hologram+1","Conserve Battery+1","Master of Strategy","Thinking Ahead","Transmutation+1","Redo","Hologram+1"],"special_seed":0,"relics":["FrozenCore","Regal Pillow","Pen Nib","Dodecahedron","Ectoplasm","Potion Belt","Omamori","Lantern","Toxic Egg 2","Bag of Preparation"],"potions_floor_usage":[33,47,48,50,50,50,50,50,50,50],"damage_taken":[{"damage":0.0,"enemies":"2 Louse","floor":1.0,"turns":1.0},{"damage":2.0,"enemies":"Small Slimes","floor":2.0,"turns":3.0},{"damage":1.0,"enemies":"Cultist","floor":3.0,"turns":3.0},{"damage":2.0,"enemies":"Looter","floor":4.0,"turns":3.0},{"damage":4.0,"enemies":"3 Louse","floor":5.0,"turns":4.0},{"damage":3.0,"enemies":"3 Sentries","floor":7.0,"turns":5.0},{"damage":4.0,"enemies":"Lagavulin","floor":10.0,"turns":5.0},{"damage":4.0,"enemies":"Gremlin Gang","floor":12.0,"turns":2.0},{"damage":30.0,"enemies":"Hexaghost","floor":16.0,"turns":8.0},{"damage":0.0,"enemies":"Spheric Guardian","floor":18.0,"turns":3.0},{"damage":0.0,"enemies":"Shell Parasite","floor":21.0,"turns":5.0},{"damage":13.0,"enemies":"Snake Plant","floor":22.0,"turns":5.0},{"damage":22.0,"enemies":"Gremlin Leader","floor":25.0,"turns":9.0},{"damage":4.0,"enemies":"Chosen and Byrds","floor":29.0,"turns":6.0},{"damage":2.0,"enemies":"Slavers","floor":31.0,"turns":7.0},{"damage":22,"enemies":"Collector","floor":33,"turns":8},{"damage":3,"enemies":"Orb Walker","floor":35,"turns":5},{"damage":0,"enemies":"Flame Bruiser 1 Orb","floor":36,"turns":7},{"damage":3,"enemies":"Sphere and 2 Shapes","floor":39,"turns":6},{"damage":0,"enemies":"Flame Bruiser 2 Orb","floor":41,"turns":6},{"damage":1,"enemies":"Spire Growth","floor":42,"turns":6},{"damage":0,"enemies":"Sphere and 2 Shapes","floor":44,"turns":6},{"damage":3,"enemies":"4 Shapes","floor":46,"turns":5},{"damage":0,"enemies":"Flame Bruiser 2 Orb","floor":47,"turns":4},{"damage":9,"enemies":"Nemesis","floor":48,"turns":7},{"damage":2,"enemies":"Awakened One","floor":50,"turns":15}],"seed_played":"-2021234186194327618","potions_obtained":[{"floor":2.0,"key":"FearPotion"},{"floor":4.0,"key":"Poison Potion"},{"floor":12.0,"key":"Poison Potion"},{"floor":21.0,"key":"Block Potion"},{"floor":31,"key":"EntropicBrew"},{"floor":39,"key":"Ancient Potion"},{"floor":41,"key":"Block Potion"},{"floor":46,"key":"EssenceOfSteel"}],"is_trial":false,"path_per_floor":["M","M","M","M","M","R","E","R","T","E","R","M","R","$","R","B",null,"M","?","$","M","M","R","$","E","T","?","R","M","R","E","R","B",null,"M","M","?","?","M","R","M","M","T","M","R","M","M","E","R","B"],"character_chosen":"DEFECT","items_purchased":["Capacitor","Auto Shields"],"campfire_rested":2,"item_purchase_floors":[14,14],"current_hp_per_floor":[75,73,72,70,66,66,63,63,63,59,59,55,55,55,55,25,75,75,75,75,75,62,62,62,40,40,65,65,61,61,59,75,53,75,72,72,62,62,59,59,59,58,58,58,58,55,55,46,75,73],"gold":150,"neow_bonus":"UPGRADE_CARD","is_prod":false,"is_daily":false,"chose_seed":false,"campfire_upgraded":10,"win_rate":0.0,"timestamp":1531890401,"path_taken":["M","M","M","M","M","R","E","R","T","E","R","M","R","$","R","BOSS","M","?","?","M","M","R","$","E","T","?","R","M","R","E","R","BOSS","M","M","?","?","M","R","M","M","T","M","R","M","M","E","R","BOSS"],"build_version":"2018-07-12","purchased_purges":1,"victory":true,"max_hp_per_floor":[75,75,75,75,75,75,75,75,75,75,75,75,75,75,75,75,75,75,75,75,75,75,75,75,75,75,75,75,75,75,75,75,75,75,75,75,75,75,75,75,75,75,75,75,75,75,75,75,75,75],"card_choices":[{"not_picked":["Stack","Beam Cell"],"picked":"Doom and Gloom","floor":1.0},{"not_picked":["Stack","Leap"],"picked":"Hologram","floor":2.0},{"not_picked":["Gash","Sweeping Beam","Steam Power"],"picked":"SKIP","floor":3.0},{"not_picked":["Barrage","Sweeping Beam"],"picked":"Conserve Battery","floor":4.0},{"not_picked":["Stack","Streamline"],"picked":"Conserve Battery","floor":5.0},{"not_picked":["Gash","Amplify"],"picked":"Loop","floor":7.0},{"not_picked":["Beam Cell","Streamline"],"picked":"Coolheaded","floor":10.0},{"not_picked":["Reinforced Body","Gash"],"picked":"Loop","floor":12.0},{"not_picked":["Amplify","Thunder Strike"],"picked":"Machine Learning","floor":16.0},{"not_picked":["Hologram","Tempest+1"],"picked":"Auto Shields+1","floor":18.0},{"not_picked":["Compile Driver","FTL"],"picked":"Reinforced Body+1","floor":21.0},{"not_picked":["Reinforced Body","Compile Driver","Rip and Tear"],"picked":"SKIP","floor":22.0},{"not_picked":["Steam","Redo","Ball Lightning"],"picked":"SKIP","floor":25.0},{"not_picked":["Auto Shields+1","Hello World"],"picked":"Leap+1","floor":29.0},{"not_picked":["Go for the Eyes","Heatsinks"],"picked":"Hologram","floor":31},{"not_picked":["Buffer","Machine Learning"],"picked":"Seek","floor":33},{"not_picked":["Streamline","Beam Cell"],"picked":"Hologram+1","floor":35},{"not_picked":["Beam Cell+1","Compile Driver"],"picked":"Conserve Battery+1","floor":36},{"not_picked":["Panacea","Dramatic Entrance"],"picked":"Master of Strategy","floor":37},{"not_picked":["Sadistic Nature","Madness"],"picked":"Thinking Ahead","floor":37},{"not_picked":["Sadistic Nature","Madness"],"picked":"Transmutation","floor":37},{"not_picked":["Heatsinks+1","Go for the Eyes","Ball Lightning"],"picked":"SKIP","floor":39},{"not_picked":["Ball Lightning","Gash","Barrage+1"],"picked":"SKIP","floor":41},{"not_picked":["Sweeping Beam","Hologram"],"picked":"Redo","floor":42},{"not_picked":["Redo+1","Stack+1","Rip and Tear"],"picked":"SKIP","floor":44},{"not_picked":["Redo+1","Gash","Ball Lightning"],"picked":"SKIP","floor":46},{"not_picked":["Streamline+1","Barrage+1","Loop"],"picked":"SKIP","floor":47},{"not_picked":["Static Discharge","BootSequence+1"],"picked":"Hologram+1","floor":48}],"player_experience":171918,"relics_obtained":[{"floor":7.0,"key":"Regal Pillow"},{"floor":9.0,"key":"Pen Nib"},{"floor":10.0,"key":"Dodecahedron"},{"floor":25.0,"key":"Potion Belt"},{"floor":26.0,"key":"Omamori"},{"floor":31,"key":"Lantern"},{"floor":43,"key":"Toxic Egg 2"},{"floor":48,"key":"Bag of Preparation"}],"event_choices":[{"event_name":"Beggar","player_choice":"Gave Gold","floor":19.0,"damage_taken":0.0},{"event_name":"The Library","player_choice":"Heal","floor":27.0,"damage_taken":0.0},{"event_name":"SensoryStone","player_choice":"Memory 3","floor":37,"damage_taken":0},{"event_name":"Falling","player_choice":"Removed Attack","floor":38,"damage_taken":0}],"boss_relics":[{"not_picked":["Nuclear Battery","Runic Pyramid"],"picked":"Ectoplasm"},{"not_picked":["Philosopher\u0027s Stone","Busted Crown"],"picked":"FrozenCore"}],"items_purged_floors":[14],"is_endless":false,"potions_floor_spawned":[2,4,12,21,31,39,41,46],"ascension_level":0}