{"gold_per_floor":[115,128,128,128,128,128,128,145,145,156,176,176,231,231],"floor_reached":14,"playtime":520,"items_purged":[],"score":104,"play_id":"89798ba7-c099-4723-adfe-4d9347f19db7","local_time":"20180915061324","is_ascension_mode":true,"campfire_choices":[{"floor":6,"key":"REST"},{"floor":12,"key":"REST"}],"neow_cost":"PERCENT_DAMAGE","seed_source_timestamp":56929147031882,"circlet_count":0,"master_deck":["Strike_B","Strike_B","Defend_B","Defend_B","Defend_B","Defend_B","Zap+1","Dualcast","Echo Form+1","Gash","Loop","Gash"],"relics":["Cracked Core","Strawberry","Orichalcum"],"potions_floor_usage":[14],"damage_taken":[{"damage":4,"enemies":"Jaw Worm","floor":1,"turns":5},{"damage":0,"enemies":"2 Louse","floor":2,"turns":2},{"damage":1,"enemies":"Small Slimes","floor":8,"turns":4},{"damage":15,"enemies":"3 Louse","floor":10,"turns":4},{"damage":2,"enemies":"Looter","floor":11,"turns":3},{"damage":30,"enemies":"3 Sentries","floor":13,"turns":8},{"damage":33,"enemies":"Gremlin Nob","floor":14,"turns":4}],"seed_played":"-3775413072486881113","potions_obtained":[{"floor":8,"key":"Ancient Potion"},{"floor":13,"key":"SteroidPotion"}],"is_trial":false,"path_per_floor":["M","M","?","?","?","R","$","M","T","M","M","R","?"],"character_chosen":"DEFECT","items_purchased":[],"campfire_rested":2,"item_purchase_floors":[],"current_hp_per_floor":[46,46,39,39,24,46,46,45,52,37,35,59,29,0],"gold":231,"neow_bonus":"THREE_RARE_CARDS","is_prod":false,"is_daily":false,"chose_seed":false,"campfire_upgraded":0,"win_rate":0,"timestamp":1536984804,"path_taken":["M","M","?","?","?","R","$","M","T","M","M","R","?","E"],"build_version":"2018-09-06","purchased_purges":0,"victory":false,"max_hp_per_floor":[75,75,75,75,75,75,75,75,82,82,82,82,82,82],"card_choices":[{"not_picked":["Buffer","All For One"],"picked":"Echo Form","floor":0},{"not_picked":["Steam","Streamline","Compile Driver"],"picked":"SKIP","floor":1},{"not_picked":["Compile Driver","Streamline","Coolheaded"],"picked":"SKIP","floor":2},{"not_picked":["Redo","Auto Shields","Coolheaded"],"picked":"SKIP","floor":8},{"not_picked":["Coolheaded","Barrage"],"picked":"Gash","floor":10},{"not_picked":["Chaos","Lockon"],"picked":"Loop","floor":11},{"not_picked":["Loop","Redo"],"picked":"Gash","floor":13}],"player_experience":180311,"relics_obtained":[{"floor":9,"key":"Strawberry"},{"floor":13,"key":"Orichalcum"}],"event_choices":[{"event_name":"Golden Wing","player_choice":"Card Removal","floor":3,"damage_taken":0},{"event_name":"Purifier","player_choice":"One Purge","floor":4,"damage_taken":0},{"event_name":"Shining Light","player_choice":"Entered Light","floor":5,"damage_taken":0},{"event_name":"Dead Adventurer","player_choice":"Searched \u00272\u0027 times","floor":13,"damage_taken":0}],"is_beta":false,"boss_relics":[],"items_purged_floors":[],"is_endless":false,"potions_floor_spawned":[8,13],"killed_by":"Gremlin Nob","ascension_level":6}