{"gold_per_floor":[118,118,137,154,154,154,169,169,251,271,290,64,64,83,83,185,185,196,196,209,209,309,340,340,32,32,45,45],"floor_reached":28,"playtime":1020,"items_purged":["Slimebound:Split"],"score":230,"play_id":"6e9ac6e0-8348-4856-bd14-e5df4ce751f8","local_time":"20190319170530","is_ascension_mode":false,"campfire_choices":[{"data":"Slimebound:Prepare","floor":6,"key":"SMITH"},{"data":"Slimebound:SlimeSpikes","floor":8,"key":"SMITH"},{"data":"Slimebound:Grow","floor":15,"key":"SMITH"},{"data":"Pot Of Greed","floor":24,"key":"SMITH"}],"neow_cost":"NONE","seed_source_timestamp":3762406315010,"circlet_count":0,"master_deck":["Slimebound:Strike_Slimebound","Slimebound:Strike_Slimebound+1","Slimebound:Strike_Slimebound","Slimebound:Defend_Slimebound","Slimebound:Defend_Slimebound","Slimebound:Defend_Slimebound+1","Slimebound:Defend_Slimebound","Slimebound:CorrosiveSpit","DoctorFetus+1","Slimebound:Prepare+1","Slimebound:SlimeSpikes+1","Slimebound:GoopSpray","Pot Of Greed+1","Pot Of Greed","Slimebound:Grow+1","Slimebound:SuperSplit","Slimebound:SoulSicken+1","Slimebound:SlimeTap+1"],"relics":["Slimebound:AbsorbEndCombat","HushsDoor","KeepersGift","NeowsBlessing","Dodecahedron","Grinning Jar","Sandwich","hubris:Reverence","Slimebound:AggressiveSlimeRelic","GiantMaggot"],"potions_floor_usage":[7,7,18,23,27],"damage_taken":[{"damage":3,"enemies":"Jaw Worm","floor":1,"turns":1},{"damage":6,"enemies":"Small Slimes","floor":3,"turns":1},{"damage":3,"enemies":"Cultist","floor":4,"turns":1},{"damage":9,"enemies":"Looter","floor":7,"turns":4},{"damage":0,"enemies":"Blue Slaver","floor":10,"turns":1},{"damage":0,"enemies":"Lots of Slimes","floor":11,"turns":5},{"damage":3,"enemies":"2 Fungi Beasts","floor":14,"turns":4},{"damage":24,"enemies":"The Guardian","floor":16,"turns":8},{"damage":44,"enemies":"2 Thieves","floor":18,"turns":3},{"damage":16,"enemies":"Chosen","floor":20,"turns":4},{"damage":18,"enemies":"Replay:Snechameleon","floor":23,"turns":5},{"damage":46,"enemies":"Snake Plant","floor":27,"turns":4},{"damage":41,"enemies":"Book of Stabbing","floor":28,"turns":4}],"seed_played":"105758813561682897","potions_obtained":[{"floor":1,"key":"SkillPotion"},{"floor":4,"key":"Swift Potion"},{"floor":11,"key":"EssenceOfSteel"},{"floor":16,"key":"Adrenaline Potion"}],"is_trial":false,"path_per_floor":["M","?","M","M","?","R","M","R","T","M","M","$","?","M","R","B",null,"M","?","M","?","?","E","R","$","T","M","E"],"character_chosen":"SLIMEBOUND","items_purchased":["Grinning Jar","Bomb","Slimebound:AggressiveSlimeRelic","Slimebound:SlimyTonguePotion"],"campfire_rested":0,"item_purchase_floors":[12,12,25,25],"current_hp_per_floor":[70,56,56,56,56,56,61,61,61,64,70,70,70,70,70,52,70,62,62,63,63,63,55,55,55,55,30,0],"gold":45,"neow_bonus":"THREE_ENEMY_KILL","is_prod":false,"is_daily":false,"chose_seed":false,"campfire_upgraded":4,"win_rate":0,"timestamp":1553029530,"path_taken":["M","?","?","M","?","R","?","R","T","M","M","$","?","M","R","BOSS","M","?","?","?","?","E","R","$","T","M","E"],"build_version":"2019-01-23","purchased_purges":1,"victory":false,"max_hp_per_floor":[70,70,70,70,70,70,70,70,70,70,70,70,70,70,70,70,70,70,70,70,70,70,70,70,70,70,70,70],"card_choices":[{"not_picked":[],"picked":"DoctorFetus","floor":0},{"not_picked":["Slimebound:LeechEnergy","Slimebound:SoulSicken"],"picked":"Slimebound:Prepare","floor":1},{"not_picked":["Slimebound:GoopTackle","Slimebound:ComboTackle","Slimebound:VenomTackle"],"picked":"SKIP","floor":3},{"not_picked":["Slimebound:Replication","Slimebound:MassFeed"],"picked":"Slimebound:SlimeSpikes","floor":4},{"not_picked":["Slimebound:SplitAcid","Slimebound:ComboTackle"],"picked":"Bomb","floor":7},{"not_picked":["Slimebound:LevelUp","Slimebound:ItLooksTasty"],"picked":"Bomb","floor":10},{"not_picked":["Slimebound:RollThrough","Slimebound:Replication"],"picked":"Slimebound:GoopSpray","floor":11},{"not_picked":["Slimebound:GoopTackle","Slimebound:PoisonLick"],"picked":"Slimebound:Grow","floor":14},{"not_picked":["Slimebound:Teamwork","Slimebound:PrepareCrush"],"picked":"Slimebound:SuperSplit","floor":16},{"not_picked":["Slimebound:VenomTackle","Slimebound:PressTheAttack","Slimebound:Replication"],"picked":"SKIP","floor":18},{"not_picked":["Slimebound:Equalize+1","Slimebound:PressTheAttack","Slimebound:LeechEnergy"],"picked":"SKIP","floor":20},{"not_picked":["Slimebound:SplitLeeching","Slimebound:GoopSpray+1"],"picked":"Slimebound:SoulSicken+1","floor":22},{"not_picked":["Slimebound:ComboTackle","Slimebound:ViciousTackle","Slimebound:GoopSpray"],"picked":"SKIP","floor":23},{"not_picked":["Slimebound:LeechLife","Slimebound:Prepare"],"picked":"Slimebound:SlimeTap+1","floor":27}],"player_experience":783828,"relics_obtained":[{"floor":9,"key":"Dodecahedron"},{"floor":23,"key":"hubris:Reverence"},{"floor":26,"key":"GiantMaggot"}],"event_choices":[{"damage_healed":0,"gold_gain":0,"player_choice":"Entered Light","damage_taken":14,"max_hp_gain":0,"max_hp_loss":0,"event_name":"Shining Light","floor":2,"gold_loss":0,"cards_upgraded":["Slimebound:Strike_Slimebound","Slimebound:Defend_Slimebound"]},{"damage_healed":0,"gold_gain":0,"player_choice":"Grow","damage_taken":0,"max_hp_gain":0,"max_hp_loss":0,"event_name":"Living Wall","floor":5,"gold_loss":0,"cards_upgraded":["DoctorFetus"]},{"damage_healed":0,"gold_gain":0,"player_choice":"Ignored","damage_taken":0,"max_hp_gain":0,"max_hp_loss":0,"event_name":"Vampires","floor":19,"gold_loss":0}],"is_beta":false,"boss_relics":[{"not_picked":["hubris:BlackHole","Painkiller Herb"],"picked":"Sandwich"},{"not_picked":[]}],"items_purged_floors":[25],"is_endless":false,"potions_floor_spawned":[1,4,11,16],"killed_by":"Book of Stabbing","ascension_level":0}