{"gold_per_floor":[119,139,102,119,139,170,170,203,203,203,219,219,251,251,251,348,348,358,71,84,84,84,84,118,128,128,128,128,128,78,88,88,191,191,205,216,138,138,148,183,183,194,194,39,54,80,80,94,94,94],"floor_reached":51,"playtime":2358,"items_purged":[],"score":765,"play_id":"94b91035-222a-431e-82f8-65ffd6bf52db","local_time":"20180912223102","is_ascension_mode":false,"campfire_choices":[{"floor":7,"key":"REST"},{"floor":10,"key":"REST"},{"data":"Go for the Eyes","floor":12,"key":"SMITH"},{"floor":15,"key":"REST"},{"data":"White Noise","floor":23,"key":"SMITH"},{"floor":27,"key":"REST"},{"data":"Reboot","floor":32,"key":"SMITH"},{"floor":41,"key":"REST"},{"floor":49,"key":"REST"}],"neow_cost":"NONE","seed_source_timestamp":56551009137605,"circlet_count":0,"master_deck":["Strike_B+1","Strike_B","Strike_B","Defend_B+1","Defend_B","Defend_B","Go for the Eyes+1","Steam","Auto Shields","Beam Cell","Gash+1","Beam Cell+1","Gash+1","Gash+1","Self Repair+1","Gash+1","Hologram+1","White Noise+1","Finesse","Sadistic Nature","Gash+1","Sunder+1","Rebound+1","Reboot+1","Gash+1","Scrape+1","All For One+1","Rebound+1","Beam Cell+1","Scrape+1","Gash+1","Beam Cell+1","Scrape+1"],"relics":["Cracked Core","Molten Egg 2","Pantograph","Gremlin Horn","Question Card","Astrolabe","Ancient Tea Set","Meat on the Bone","Fusion Hammer","Dead Branch","Oddly Smooth Stone","Vajra","Pen Nib"],"potions_floor_usage":[8,13,16,24,36,39,50,50],"damage_taken":[{"damage":1,"enemies":"Cultist","floor":1,"turns":3},{"damage":6,"enemies":"Small Slimes","floor":2,"turns":2},{"damage":0,"enemies":"Jaw Worm","floor":4,"turns":4},{"damage":0,"enemies":"Looter","floor":5,"turns":3},{"damage":30,"enemies":"Lagavulin","floor":6,"turns":7},{"damage":19,"enemies":"3 Sentries","floor":8,"turns":8},{"damage":0,"enemies":"Blue Slaver","floor":11,"turns":3},{"damage":7,"enemies":"Gremlin Nob","floor":13,"turns":3},{"damage":33,"enemies":"Hexaghost","floor":16,"turns":8},{"damage":0,"enemies":"Spheric Guardian","floor":18,"turns":3},{"damage":6,"enemies":"3 Byrds","floor":20,"turns":5},{"damage":17,"enemies":"Book of Stabbing","floor":24,"turns":4},{"damage":21,"enemies":"Snake Plant","floor":25,"turns":4},{"damage":0,"enemies":"Chosen and Byrds","floor":31,"turns":3},{"damage":12,"enemies":"Collector","floor":33,"turns":5},{"damage":15,"enemies":"Orb Walker","floor":35,"turns":4},{"damage":0,"enemies":"3 Darklings","floor":36,"turns":3},{"damage":0,"enemies":"Transient","floor":39,"turns":5},{"damage":17,"enemies":"Nemesis","floor":40,"turns":3},{"damage":0,"enemies":"Reptomancer","floor":42,"turns":2},{"damage":42,"enemies":"Sphere and 2 Shapes","floor":45,"turns":4},{"damage":0,"enemies":"3 Darklings","floor":48,"turns":3},{"damage":77,"enemies":"Time Eater","floor":50,"turns":6}],"seed_played":"-3453190081306378414","potions_obtained":[{"floor":1,"key":"Regen Potion"},{"floor":4,"key":"Swift Potion"},{"floor":11,"key":"SkillPotion"},{"floor":13,"key":"Poison Potion"},{"floor":20,"key":"SneckoOil"},{"floor":25,"key":"Weak Potion"},{"floor":31,"key":"SteroidPotion"},{"floor":35,"key":"Fire Potion"},{"floor":36,"key":"Poison Potion"},{"floor":42,"key":"Energy Potion"}],"is_trial":false,"path_per_floor":["M","M","$","M","M","E","R","E","T","R","M","R","E","?","R","B",null,"M","$","M","?","$","R","E","M","T","R","?","$","$","M","R","B",null,"M","M","$","?","M","E","R","M","T","$","M","T","$","M","R","B"],"character_chosen":"DEFECT","items_purchased":["Auto Shields","Finesse","Sadistic Nature","Gash+1","Scrape+1","Vajra"],"campfire_rested":6,"item_purchase_floors":[3,19,19,30,37,44],"current_hp_per_floor":[81,75,75,75,75,45,69,55,55,79,79,79,72,56,80,49,82,82,82,82,82,82,82,72,51,51,75,75,75,75,82,82,80,82,77,82,82,82,82,65,82,82,82,82,62,62,62,62,82,17],"gold":94,"neow_bonus":"TEN_PERCENT_HP_BONUS","is_prod":false,"is_daily":false,"chose_seed":false,"campfire_upgraded":3,"win_rate":0.0,"timestamp":1536787862,"path_taken":["M","M","?","M","M","E","R","E","T","R","M","R","E","?","R","BOSS","M","$","M","?","$","R","E","M","T","R","?","?","$","M","R","BOSS","M","M","$","?","M","E","R","?","T","?","M","?","?","M","R","BOSS"],"build_version":"2018-09-06","purchased_purges":0,"victory":true,"max_hp_per_floor":[82,82,82,82,82,82,82,82,82,82,82,82,82,82,82,82,82,82,82,82,82,82,82,82,82,82,82,82,82,82,82,82,82,82,82,82,82,82,82,82,82,82,82,82,82,82,82,82,82,82],"card_choices":[{"not_picked":["Doom and Gloom","Conserve Battery"],"picked":"Go for the Eyes","floor":1},{"not_picked":["Ball Lightning","Stack"],"picked":"Steam","floor":2},{"not_picked":["Redo","Turbo","Barrage"],"picked":"SKIP","floor":4},{"not_picked":["Conserve Battery","Double Energy"],"picked":"Beam Cell","floor":5},{"not_picked":["Coolheaded","Seek"],"picked":"Gash","floor":6},{"not_picked":["Thunder Strike+1","Electrodynamics"],"picked":"Beam Cell+1","floor":8},{"not_picked":["Consume","Redo"],"picked":"Gash+1","floor":11},{"not_picked":["Ball Lightning+1","Hello World"],"picked":"Gash+1","floor":13},{"not_picked":["Coolheaded","Barrage+1","Tempest"],"picked":"White Noise","floor":18},{"not_picked":["FTL+1","Tempest","Hologram"],"picked":"Gash+1","floor":20},{"not_picked":["Cold Snap+1","Creative AI","Leap+1"],"picked":"Rebound+1","floor":24},{"not_picked":["Auto Shields","Coolheaded","Self Repair","Ball Lightning+1"],"picked":"SKIP","floor":25},{"not_picked":["Undo+1","Stack","Genetic Algorithm"],"picked":"Scrape+1","floor":31},{"not_picked":["Rainbow","Electrodynamics","Core Surge+1"],"picked":"All For One+1","floor":33},{"not_picked":["Defragment+1","Stack+1","Ball Lightning+1"],"picked":"Rebound+1","floor":35},{"not_picked":["Stack+1","Hologram","Coolheaded"],"picked":"Beam Cell+1","floor":36},{"not_picked":["Compile Driver+1","Hologram","Stack+1"],"picked":"Gash+1","floor":39},{"not_picked":["Coolheaded+1","Reinforced Body","Compile Driver+1","Fission"],"picked":"SKIP","floor":40},{"not_picked":["Leap","Recycle","Go for the Eyes+1"],"picked":"Beam Cell+1","floor":42},{"not_picked":["Electrodynamics","Go for the Eyes+1","Darkness"],"picked":"Scrape+1","floor":45},{"not_picked":["Ball Lightning+1","Stack","Redo","Buffer"],"picked":"SKIP","floor":48}],"player_experience":152850,"relics_obtained":[{"floor":6,"key":"Molten Egg 2"},{"floor":8,"key":"Pantograph"},{"floor":9,"key":"Gremlin Horn"},{"floor":13,"key":"Question Card"},{"floor":24,"key":"Ancient Tea Set"},{"floor":26,"key":"Meat on the Bone"},{"floor":40,"key":"Dead Branch"},{"floor":43,"key":"Oddly Smooth Stone"},{"floor":46,"key":"Pen Nib"}],"event_choices":[{"event_name":"Shining Light","player_choice":"Entered Light","floor":14,"damage_taken":0},{"event_name":"The Library","player_choice":"Read","floor":21,"damage_taken":0},{"event_name":"Match and Keep!","player_choice":"1 cards matched","floor":28,"damage_taken":0},{"event_name":"Falling","player_choice":"Removed Skill","floor":38,"damage_taken":0}],"is_beta":false,"boss_relics":[{"not_picked":["Philosopher\u0027s Stone","Lizard Tail"],"picked":"Astrolabe"},{"not_picked":["Coffee Dripper","Orrery"],"picked":"Fusion Hammer"}],"items_purged_floors":[],"is_endless":false,"potions_floor_spawned":[1,4,11,13,20,25,31,35,36,42],"ascension_level":0}