{"gold_per_floor":[113,113,177,194,204,204,233,246,272,305,98,115,127,143,143,246,246,265,278,278,297,297],"floor_reached":22,"playtime":1313,"items_purged":[],"score":200,"play_id":"e6a48ff2-d2ef-44a6-9ba5-5012acbe8866","local_time":"20180722015243","is_ascension_mode":false,"campfire_choices":[{"data":"Phantasmal Killer","floor":6,"key":"SMITH"},{"floor":15,"key":"REST"}],"neow_cost":"NONE","seed_source_timestamp":955490566251146,"circlet_count":0,"master_deck":["Defend_G","Defend_G","Defend_G","Defend_G+1","Defend_G","Strike_G","Strike_G","Strike_G","Strike_G","Strike_G","Survivor","Neutralize","Underhanded Strike","Blade Dance+1","Endless Agony","Terror","Masterful Stab","Leg Sweep","Backflip","Backflip","Endless Agony+1","Venomology+1","Underhanded Strike+1","Infinite Blades+1","Acrobatics+1","Noxious Fumes","Doppelganger","Neutralize","Bane"],"relics":["Ring of the Snake","Regal Pillow","War Paint","Bag of Preparation","Centennial Puzzle","TwistedFunnel","Astrolabe"],"potions_floor_usage":[13,13,16,16,19,19,19,21,22],"damage_taken":[{"damage":2,"enemies":"2 Louse","floor":1,"turns":3},{"damage":1,"enemies":"Cultist","floor":4,"turns":3},{"damage":9,"enemies":"Jaw Worm","floor":5,"turns":4},{"damage":14,"enemies":"3 Sentries","floor":7,"turns":7},{"damage":13,"enemies":"Exordium Wildlife","floor":8,"turns":4},{"damage":15,"enemies":"Gremlin Nob","floor":10,"turns":4},{"damage":0,"enemies":"Large Slime","floor":12,"turns":2},{"damage":7,"enemies":"Gremlin Gang","floor":13,"turns":3},{"damage":0,"enemies":"Looter","floor":14,"turns":2},{"damage":44,"enemies":"Hexaghost","floor":16,"turns":13},{"damage":29,"enemies":"2 Thieves","floor":18,"turns":4},{"damage":6,"enemies":"Chosen","floor":19,"turns":3},{"damage":24,"enemies":"Centurion and Healer","floor":21,"turns":7},{"damage":13,"enemies":"Snake Plant","floor":22,"turns":1}],"seed_played":"-1188036296964513183","potions_obtained":[{"floor":4,"key":"Swift Potion"},{"floor":7,"key":"SteroidPotion"},{"floor":12,"key":"FearPotion"},{"floor":13,"key":"Swift Potion"},{"floor":16,"key":"SteroidPotion"},{"floor":18,"key":"SkillPotion"}],"is_trial":false,"path_per_floor":["M","?","?","M","M","R","E","M","T","E","$","M","M","M","R","B",null,"M","M","?","M"],"character_chosen":"THE_SILENT","items_purchased":["TwistedFunnel"],"campfire_rested":1,"item_purchase_floors":[11],"current_hp_per_floor":[68,68,68,67,58,58,44,31,31,16,16,16,9,9,45,1,70,41,35,35,11,0],"gold":297,"neow_bonus":"RANDOM_COMMON_RELIC","is_prod":false,"is_daily":false,"chose_seed":false,"campfire_upgraded":1,"win_rate":0,"timestamp":1532217163,"path_taken":["M","?","?","M","M","R","E","M","T","E","$","M","M","M","R","BOSS","M","M","?","M","?"],"build_version":"2018-07-19v2","purchased_purges":0,"victory":false,"max_hp_per_floor":[70,70,70,70,70,70,70,70,70,70,70,70,70,70,70,70,70,70,70,70,70,70],"card_choices":[{"not_picked":["Eviscerate","Dagger Spray"],"picked":"Underhanded Strike","floor":1},{"not_picked":["Eviscerate","Acrobatics"],"picked":"Blade Dance","floor":4},{"not_picked":["Poisoned Stab","Deflect"],"picked":"Endless Agony","floor":5},{"not_picked":["Poisoned Stab","Crippling Poison"],"picked":"Terror","floor":7},{"not_picked":["PiercingWail","Cloak And Dagger"],"picked":"Masterful Stab","floor":8},{"not_picked":["Well Laid Plans","Quick Slash"],"picked":"Bullet Time","floor":10},{"not_picked":["Well Laid Plans","Backflip"],"picked":"Leg Sweep","floor":12},{"not_picked":["Deadly Poison","Deflect"],"picked":"Backflip","floor":13},{"not_picked":["Footwork","Deadly Poison"],"picked":"Backflip","floor":14},{"not_picked":["Doppelganger","Phantasmal Killer"],"picked":"Envenom","floor":16},{"not_picked":["Well Laid Plans","Escape Plan"],"picked":"Infinite Blades+1","floor":18},{"not_picked":["Deadly Poison","Dagger Throw"],"picked":"Acrobatics+1","floor":19},{"not_picked":["Acrobatics+1","Cloak And Dagger"],"picked":"Bane","floor":21}],"player_experience":73875,"relics_obtained":[{"floor":7,"key":"War Paint"},{"floor":9,"key":"Bag of Preparation"},{"floor":10,"key":"Centennial Puzzle"}],"event_choices":[{"event_name":"Match and Keep!","player_choice":"1 cards matched","floor":2,"damage_taken":0},{"event_name":"Golden Wing","player_choice":"Gained Gold","floor":3,"damage_taken":0},{"event_name":"Match and Keep!","player_choice":"3 cards matched","floor":20,"damage_taken":0}],"is_beta":false,"boss_relics":[{"not_picked":["Black Star","Coffee Dripper"],"picked":"Astrolabe"}],"items_purged_floors":[],"is_endless":false,"potions_floor_spawned":[4,7,12,13,16,18],"killed_by":"Snake Plant","ascension_level":0}