{"gold_per_floor":[118,133,133,145,160,180,193,193,270,290,21,40,40,75,75,150,150,126,126,126,126,142,142,28,28,105,123,123,139,159,173,173,173],"floor_reached":33,"playtime":2812,"items_purged":["Strike_B","Defend_B"],"score":518,"play_id":"0ce7c61e-00ed-4ec1-8e92-750cd73e2de9","local_time":"20180926151204","is_ascension_mode":true,"campfire_choices":[{"floor":8,"key":"REST"},{"floor":13,"key":"REST"},{"floor":15,"key":"REST"},{"floor":23,"key":"REST"},{"data":"Static Discharge","floor":25,"key":"SMITH"},{"floor":28,"key":"REST"},{"floor":32,"key":"REST"}],"neow_cost":"NONE","seed_source_timestamp":957030645905901,"circlet_count":0,"master_deck":["Defend_B","Defend_B","Defend_B","Zap+1","Dualcast","AscendersBane","All For One","Ball Lightning","Leap","Beam Cell","Capacitor","Melter","Steam","Leap","Rainbow","Conserve Battery+1","Bite","Bite","Bite","Bite","Bite","Necronomicurse","Redo+1","Static Discharge+1","Beam Cell+1","Force Field+1","Leap+1","Barrage+1"],"relics":["Cracked Core","The Courier","Thread and Needle","Black Star","Necronomicon","Bottled Tornado"],"potions_floor_usage":[7,10,16,22,31,33],"damage_taken":[{"damage":0,"enemies":"2 Louse","floor":1,"turns":2},{"damage":7,"enemies":"Small Slimes","floor":2,"turns":2},{"damage":1,"enemies":"Cultist","floor":4,"turns":3},{"damage":7,"enemies":"2 Fungi Beasts","floor":5,"turns":3},{"damage":4,"enemies":"Blue Slaver","floor":6,"turns":2},{"damage":12,"enemies":"Gremlin Gang","floor":7,"turns":4},{"damage":0,"enemies":"Large Slime","floor":10,"turns":3},{"damage":8,"enemies":"Blue Slaver","floor":12,"turns":2},{"damage":20,"enemies":"3 Sentries","floor":14,"turns":5},{"damage":29,"enemies":"The Guardian","floor":16,"turns":13},{"damage":10,"enemies":"2 Thieves","floor":18,"turns":5},{"damage":9,"enemies":"Shell Parasite","floor":22,"turns":5},{"damage":24,"enemies":"3 Cultists","floor":27,"turns":4},{"damage":26,"enemies":"Snecko","floor":29,"turns":5},{"damage":8,"enemies":"Sentry and Sphere","floor":30,"turns":5},{"damage":9,"enemies":"Centurion and Healer","floor":31,"turns":5},{"damage":90,"enemies":"Automaton","floor":33,"turns":8}],"seed_played":"-8335312509434045883","potions_obtained":[{"floor":4,"key":"Swift Potion"},{"floor":7,"key":"Explosive Potion"},{"floor":14,"key":"Dexterity Potion"},{"floor":18,"key":"Energy Potion"},{"floor":29,"key":"Energy Potion"},{"floor":31,"key":"SkillPotion"}],"is_trial":false,"path_per_floor":["M","M","?","M","M","M","M","R","T","M","$","M","R","E","R","B",null,"M","?","?","?","M","R","$","R","T","M","R","M","M","M","R"],"character_chosen":"DEFECT","items_purchased":["Melter","Blood Vial","Static Discharge"],"campfire_rested":6,"item_purchase_floors":[11,11,24],"current_hp_per_floor":[64,57,57,56,49,45,33,54,54,54,54,48,69,51,71,42,64,56,56,35,35,36,57,57,57,57,39,60,46,42,41,62,0],"gold":173,"neow_bonus":"ONE_RANDOM_RARE_CARD","is_prod":false,"is_daily":false,"chose_seed":false,"campfire_upgraded":1,"win_rate":0,"timestamp":1537967524,"path_taken":["M","M","?","M","M","?","M","R","T","M","$","M","R","E","R","BOSS","M","?","?","?","M","R","?","R","T","M","R","?","M","M","R","BOSS"],"build_version":"2018-09-20","purchased_purges":2,"victory":false,"max_hp_per_floor":[71,71,71,71,71,71,71,71,71,71,71,71,71,71,71,71,71,71,71,71,71,71,71,71,71,71,71,71,71,71,71,71,71],"card_choices":[{"not_picked":["Leap","Auto Shields"],"picked":"Ball Lightning","floor":1},{"not_picked":["Rebound","Heatsinks"],"picked":"Leap","floor":2},{"not_picked":["Reprogram","Thunder Strike"],"picked":"Beam Cell","floor":4},{"not_picked":["Stack","Skim","Undo"],"picked":"SKIP","floor":5},{"not_picked":["Cold Snap","Redo","Sweeping Beam"],"picked":"SKIP","floor":6},{"not_picked":["Streamline","Skim","Turbo"],"picked":"SKIP","floor":7},{"not_picked":["Beam Cell","Seek"],"picked":"Capacitor","floor":10},{"not_picked":["Skim","Heatsinks"],"picked":"Steam","floor":12},{"not_picked":["Conserve Battery","Tempest"],"picked":"Leap","floor":14},{"not_picked":["Machine Learning","Seek"],"picked":"Rainbow","floor":16},{"not_picked":["Compile Driver","Skim"],"picked":"Conserve Battery+1","floor":18},{"not_picked":["Steam","Compile Driver"],"picked":"Redo+1","floor":22},{"not_picked":["Rainbow","Coolheaded"],"picked":"Beam Cell+1","floor":27},{"not_picked":["Beam Cell","Storm"],"picked":"Force Field+1","floor":29},{"not_picked":["Lockon+1","Conserve Battery"],"picked":"Leap+1","floor":30},{"not_picked":["Redo","Steam Power"],"picked":"Barrage+1","floor":31}],"player_experience":699308,"relics_obtained":[{"floor":9,"key":"The Courier"},{"floor":14,"key":"Thread and Needle"},{"floor":20,"key":"Necronomicon"},{"floor":26,"key":"Bottled Tornado"}],"event_choices":[{"event_name":"Living Wall","player_choice":"Grow","floor":3,"damage_taken":0},{"event_name":"Vampires","player_choice":"Became a vampire (Vial)","floor":19,"damage_taken":0},{"event_name":"Cursed Tome","player_choice":"Obtained Book","floor":20,"damage_taken":0},{"event_name":"Ghosts","player_choice":"Ignored","floor":21,"damage_taken":0}],"is_beta":false,"boss_relics":[{"not_picked":["Ectoplasm","Calling Bell"],"picked":"Black Star"}],"items_purged_floors":[11,24],"is_endless":false,"potions_floor_spawned":[4,7,14,18,29,31],"killed_by":"Automaton","ascension_level":19}