{"gold_per_floor":[114,128,139,139,154,188,188,222,222,240,240,254,254,265,265,341,341,341,341,341,341,341],"floor_reached":22,"playtime":590,"items_purged":[],"score":519,"play_id":"a93c09bd-1fae-4644-9836-d031bfd02647","local_time":"20181112130058","is_ascension_mode":true,"campfire_choices":[{"data":"Fiend Fire","floor":7,"key":"SMITH"},{"data":"Bash","floor":11,"key":"SMITH"},{"data":"Demon Form","floor":15,"key":"SMITH"}],"neow_cost":"NONE","seed_source_timestamp":353434405199197,"circlet_count":0,"master_deck":["AscendersBane","Strike_R","Strike_R","Strike_R","Strike_R","Strike_R","Defend_R","Defend_R","Defend_R","Defend_R","Bash+1","Inflame","Heavy Blade","Clothesline","Fiend Fire+1","Headbutt","Combust","Demon Form+1","Berserk","Armaments+1"],"relics":["Burning Blood","PreservedInsect","Mercury Hourglass","Bag of Preparation","Pantograph","Ectoplasm"],"potions_floor_usage":[6,16,18,22],"damage_taken":[{"damage":10,"enemies":"Small Slimes","floor":1,"turns":3},{"damage":19,"enemies":"Jaw Worm","floor":2,"turns":4},{"damage":7,"enemies":"Cultist","floor":3,"turns":4},{"damage":12,"enemies":"Looter","floor":5,"turns":3},{"damage":25,"enemies":"Lagavulin","floor":6,"turns":6},{"damage":0,"enemies":"Gremlin Nob","floor":8,"turns":2},{"damage":6,"enemies":"2 Fungi Beasts","floor":10,"turns":2},{"damage":19,"enemies":"Exordium Wildlife","floor":12,"turns":3},{"damage":15,"enemies":"Lots of Slimes","floor":14,"turns":3},{"damage":3,"enemies":"Slime Boss","floor":16,"turns":3},{"damage":0,"enemies":"Chosen","floor":18,"turns":3},{"damage":32,"enemies":"3 Byrds","floor":21,"turns":4},{"damage":27,"enemies":"Snake Plant","floor":22,"turns":3}],"seed_played":"8324188571901639146","potions_obtained":[{"floor":1,"key":"FearPotion"},{"floor":5,"key":"BloodPotion"},{"floor":6,"key":"FearPotion"},{"floor":14,"key":"FearPotion"},{"floor":16,"key":"Dexterity Potion"},{"floor":18,"key":"Block Potion"}],"is_trial":false,"path_per_floor":["M","M","M","?","M","E","R","E","T","M","R","M","?","M","R","B",null,"M","?","?","M","M"],"character_chosen":"IRONCLAD","items_purchased":[],"campfire_rested":0,"item_purchase_floors":[],"current_hp_per_floor":[64,51,50,50,44,32,32,38,38,38,38,25,25,16,16,44,67,73,73,52,26,0],"gold":341,"neow_bonus":"RANDOM_COMMON_RELIC","is_prod":false,"is_daily":false,"chose_seed":false,"campfire_upgraded":3,"win_rate":0,"timestamp":1542024058,"path_taken":["M","M","M","?","M","E","R","E","T","M","R","M","?","M","R","BOSS","M","?","?","M","M"],"build_version":"2018-11-08","purchased_purges":0,"victory":false,"max_hp_per_floor":[75,75,75,75,75,75,75,75,75,75,75,75,75,75,75,75,75,75,75,80,80,80],"card_choices":[{"not_picked":["True Grit","Havoc"],"picked":"Inflame","floor":1},{"not_picked":["Armaments","Rampage"],"picked":"Heavy Blade","floor":2},{"not_picked":["Heavy Blade","Perfected Strike","Blood for Blood"],"picked":"SKIP","floor":3},{"not_picked":["Wild Strike","Evolve"],"picked":"Clothesline","floor":5},{"not_picked":["Flex","Clash"],"picked":"Fiend Fire","floor":6},{"not_picked":["Havoc","Body Slam"],"picked":"Headbutt","floor":8},{"not_picked":["Infernal Blade","Twin Strike"],"picked":"Combust","floor":10},{"not_picked":["Headbutt","Pommel Strike"],"picked":"Demon Form","floor":12},{"not_picked":["Havoc","Warcry","Clash"],"picked":"SKIP","floor":14},{"not_picked":["Dark Embrace","Fiend Fire"],"picked":"Berserk","floor":16},{"not_picked":["Combust+1","Infernal Blade","Fire Breathing"],"picked":"SKIP","floor":18},{"not_picked":["Iron Wave","Carnage+1"],"picked":"Armaments+1","floor":21}],"player_experience":345888,"relics_obtained":[{"floor":6,"key":"Mercury Hourglass"},{"floor":8,"key":"Bag of Preparation"}],"event_choices":[{"damage_healed":0,"gold_gain":0,"player_choice":"Ignored","damage_taken":0,"max_hp_gain":0,"max_hp_loss":0,"event_name":"Liars Game","floor":4,"gold_loss":0},{"damage_healed":0,"gold_gain":0,"player_choice":"Gave Potion","damage_taken":0,"relics_obtained":["Pantograph"],"max_hp_gain":0,"max_hp_loss":0,"event_name":"WeMeetAgain","floor":13,"gold_loss":0},{"damage_healed":0,"gold_gain":50,"player_choice":"Stole From Cult","damage_taken":0,"max_hp_gain":0,"max_hp_loss":0,"event_name":"Nest","floor":19,"gold_loss":0},{"damage_healed":0,"gold_gain":0,"player_choice":"Shed Blood","damage_taken":26,"max_hp_gain":5,"max_hp_loss":0,"event_name":"Forgotten Altar","floor":20,"gold_loss":0}],"is_beta":true,"boss_relics":[{"not_picked":["Orrery","Black Blood"],"picked":"Ectoplasm"}],"items_purged_floors":[],"is_endless":false,"potions_floor_spawned":[1,5,6,14,16,18],"killed_by":"Snake Plant","ascension_level":18}