{"path_per_floor":["M","?","M","?","M","R","M","E","T","R","M","E","R","?","R","B",null,"M","$","?","M","M","E","?","$","T","?","R","E","?","M","R","B",null,"M","?","?","$","?","R","?","R","T","M","R","?","E","?","R"],"character_chosen":"DEFECT","items_purchased":["BootSequence","Gash","AttackPotion","FTL"],"gold_per_floor":[16,16,36,36,53,53,65,91,114,114,126,151,151,151,151,251,251,267,85,0,17,34,59,59,11,34,34,34,66,66,76,76,174,174,186,186,186,17,17,17,0,0,24,37,37,37,64,64,64,64],"floor_reached":50,"campfire_rested":3,"playtime":1872,"item_purchase_floors":[19,19,25,38],"current_hp_per_floor":[81,81,81,74,74,74,65,45,45,45,41,22,48,48,48,23,73,62,62,62,62,57,36,36,36,36,36,36,30,22,21,34,23,39,39,29,29,29,29,29,29,29,29,28,28,28,28,28,44,0],"items_purged":["Strike_B","Strike_B"],"gold":64,"score":829,"play_id":"40cc2a20-2991-421f-a1d0-17069b08466e","local_time":"20180521183427","is_prod":false,"is_daily":false,"chose_seed":false,"is_ascension_mode":true,"campfire_upgraded":7,"timestamp":1526920467,"campfire_choices":[{"data":"Zap","floor":6,"key":"SMITH"},{"data":"Beam Cell","floor":10,"key":"SMITH"},{"floor":13,"key":"REST"},{"data":"Coolheaded","floor":15,"key":"SMITH"},{"data":"Steam","floor":28,"key":"SMITH"},{"floor":32,"key":"REST"},{"data":"Machine Learning","floor":40,"key":"SMITH"},{"data":"Secret Weapon","floor":42,"key":"SMITH"},{"data":"FTL","floor":45,"key":"SMITH"},{"floor":49,"key":"REST"}],"path_taken":["M","?","M","?","M","R","?","E","T","R","M","E","R","?","R","BOSS","M","$","?","M","M","E","?","?","T","?","R","E","?","M","R","BOSS","M","?","?","$","?","R","?","R","T","M","R","?","E","?","R","BOSS"],"build_version":"2018-05-18","seed_source_timestamp":108025245396330,"purchased_purges":2,"victory":false,"master_deck":["Defend_B","Defend_B","Defend_B","Defend_B","Axe Kick","Beam Cell+1","Steam+1","Go for the Eyes+1","Skim","Coolheaded+1","Hyperbeam+1","BootSequence","Gash","Leap","Ghostly","Ghostly","Ghostly","Ghostly","Ghostly","Conserve Battery","Machine Learning+1","Skim+1","Hyperbeam","Leap+1","Axe Kick+1","Skim+1","Beam Cell+1","Go for the Eyes+1","Leap+1","Finesse","Secret Weapon+1","Secret Weapon","FTL+1","Steam Power+1"],"max_hp_per_floor":[89,89,89,89,89,89,89,89,89,89,89,89,89,89,89,89,89,89,89,89,89,89,89,44,44,44,44,44,44,44,44,44,44,44,44,44,44,44,44,44,44,44,44,44,44,44,44,44,44,44],"relics":["Cracked Core","Mango","Boot","Juzu Bracelet","Bag of Marbles","Runic Dome","Kunai","Dodecahedron","Oddly Smooth Stone","Vajra","Orrery","Red Mask","Whetstone","Regal Pillow"],"card_choices":[{"not_picked":["Rebound","Chill"],"picked":"Doom and Gloom","floor":1},{"not_picked":["Hologram","Cold Snap"],"picked":"Axe Kick","floor":3},{"not_picked":["White Noise","Loop"],"picked":"Beam Cell","floor":5},{"not_picked":["Defragment","Beam Cell"],"picked":"Steam","floor":7},{"not_picked":["Streamline","Storm"],"picked":"Go for the Eyes","floor":8},{"not_picked":["Cold Snap","Self Repair","Hello World"],"picked":"SKIP","floor":11},{"not_picked":["Barrage","Hologram"],"picked":"Skim","floor":12},{"not_picked":["Multi-Cast","Echo Form"],"picked":"Hyperbeam","floor":16},{"not_picked":["Streamline","Loop","Capacitor+1"],"picked":"SKIP","floor":18},{"not_picked":["Capacitor","Go for the Eyes+1"],"picked":"Leap","floor":21},{"not_picked":["Barrage","White Noise","Chaos"],"picked":"SKIP","floor":22},{"not_picked":["Barrage","White Noise","Chaos"],"picked":"SKIP","floor":22},{"not_picked":["Force Field","Lockon","Barrage+1"],"picked":"SKIP","floor":23},{"not_picked":["Beam Cell","Doom and Gloom"],"picked":"Machine Learning","floor":29},{"not_picked":["Axe Kick","Reinforced Body"],"picked":"Skim+1","floor":31},{"not_picked":["Meteor Strike","Nova"],"picked":"Hyperbeam","floor":33},{"not_picked":["Doom and Gloom","Capacitor"],"picked":"Leap+1","floor":34},{"not_picked":["Auto Shields","Stack+1"],"picked":"Axe Kick+1","floor":34},{"not_picked":["Hologram","Coolheaded+1"],"picked":"Skim+1","floor":34},{"not_picked":["Leap","Turbo"],"picked":"Beam Cell+1","floor":34},{"not_picked":["Rebound","Coolheaded"],"picked":"Go for the Eyes+1","floor":34},{"not_picked":["Thunder Strike","Go for the Eyes"],"picked":"Leap+1","floor":35},{"not_picked":["Swift Strike","Mind Blast"],"picked":"Finesse","floor":36},{"not_picked":["Secret Technique","Purity"],"picked":"Secret Weapon","floor":36},{"not_picked":["Good Instincts","Mind Blast"],"picked":"Secret Weapon","floor":36},{"not_picked":["Capacitor+1","Recycle+1","Chaos+1"],"picked":"SKIP","floor":44},{"not_picked":["Redo","Recycle"],"picked":"Steam Power+1","floor":47}],"player_experience":98084,"potions_floor_usage":[8,23,23,29,29,33,33],"damage_taken":[{"damage":1,"enemies":"Cultist","floor":1,"turns":4},{"damage":0,"enemies":"2 Louse","floor":3,"turns":2},{"damage":0,"enemies":"Jaw Worm","floor":5,"turns":3},{"damage":9,"enemies":"Large Slime","floor":7,"turns":3},{"damage":32,"enemies":"Gremlin Nob","floor":8,"turns":4},{"damage":4,"enemies":"Lots of Slimes","floor":11,"turns":3},{"damage":19,"enemies":"Lagavulin","floor":12,"turns":6},{"damage":25,"enemies":"The Guardian","floor":16,"turns":13},{"damage":11,"enemies":"2 Thieves","floor":18,"turns":2},{"damage":0,"enemies":"Spheric Guardian","floor":21,"turns":3},{"damage":5,"enemies":"Snake Plant","floor":22,"turns":3},{"damage":21,"enemies":"Book of Stabbing","floor":23,"turns":6},{"damage":6,"enemies":"Gremlin Leader","floor":29,"turns":7},{"damage":1,"enemies":"Sentry and Sphere","floor":31,"turns":8},{"damage":11,"enemies":"Collector","floor":33,"turns":11},{"damage":0,"enemies":"3 Darklings","floor":35,"turns":2},{"damage":1,"enemies":"Orb Walker","floor":44,"turns":3},{"damage":0,"enemies":"Nemesis","floor":47,"turns":5},{"damage":54,"enemies":"Time Eater","floor":50,"turns":11}],"relics_obtained":[{"floor":8,"key":"Boot"},{"floor":9,"key":"Juzu Bracelet"},{"floor":12,"key":"Bag of Marbles"},{"floor":23,"key":"Dodecahedron"},{"floor":26,"key":"Oddly Smooth Stone"},{"floor":29,"key":"Vajra"},{"floor":43,"key":"Whetstone"},{"floor":47,"key":"Regal Pillow"}],"event_choices":[{"event_name":"The Cleric","player_choice":"Leave","floor":2,"damage_taken":0},{"event_name":"Golden Wing","player_choice":"Card Removal","floor":4,"damage_taken":0},{"event_name":"Living Wall","player_choice":"Change","floor":14,"damage_taken":0},{"event_name":"Addict","player_choice":"Obtained Relic","floor":20,"damage_taken":0},{"event_name":"Ghosts","player_choice":"Became a Ghost","floor":24,"damage_taken":0},{"event_name":"Transmorgrifier","player_choice":"Transform","floor":27,"damage_taken":0},{"event_name":"Knowing Skull","player_choice":"","floor":30,"damage_taken":0},{"event_name":"SensoryStone","player_choice":"Memory 3","floor":36,"damage_taken":0},{"event_name":"Bonfire Elementals","player_choice":"BASIC","floor":39,"damage_taken":0},{"event_name":"Tomb of Lord Red Mask","player_choice":"Paid","floor":41,"damage_taken":0},{"event_name":"Mysterious Sphere","player_choice":"Ignore","floor":46,"damage_taken":0},{"event_name":"Match and Keep!","player_choice":"0 cards matched","floor":48,"damage_taken":0}],"boss_relics":[{"not_picked":["White Beast Statue","Eternal Feather"],"picked":"Runic Dome"},{"not_picked":["Calling Bell","Cursed Key"],"picked":"Orrery"}],"items_purged_floors":[19,38],"potions_floor_spawned":[5,7,11,12,16,22,23,31,44,47],"seed_played":"-5058683692941910868","killed_by":"Time Eater","ascension_level":9,"potions_obtained":[{"floor":5,"key":"Regen Potion"},{"floor":7,"key":"Swift Potion"},{"floor":11,"key":"SpeedPotion"},{"floor":12,"key":"FearPotion"},{"floor":16,"key":"Explosive Potion"},{"floor":22,"key":"Dexterity Potion"},{"floor":23,"key":"Dexterity Potion"},{"floor":31,"key":"PowerPotion"},{"floor":44,"key":"SpeedPotion"},{"floor":47,"key":"SpeedPotion"}],"is_trial":false}