{"gold_per_floor":[111,111,134,134,179,212,212,233,233,233,276,299,335,314,314,434,434,434,434,434,434,68,68,68,68,68,68,68,68,18,18,18,18,18,18,18,18,18,18,18,18,18,18,18,18,18,18,18,18,18],"floor_reached":51,"playtime":3372,"items_purged":["Writhe","Injury"],"score":1271,"play_id":"0fcd7b06-50db-4c3d-b2be-5cc672a79e24","local_time":"20190317234045","is_ascension_mode":true,"campfire_choices":[{"floor":7,"key":"REST"},{"floor":15,"key":"REST"},{"floor":24,"key":"REST"},{"data":"A Thousand Cuts","floor":32,"key":"SMITH"},{"floor":40,"key":"REST"},{"data":"Catalyst","floor":45,"key":"SMITH"},{"floor":49,"key":"REST"}],"neow_cost":"NONE","seed_source_timestamp":78124517682297,"circlet_count":0,"master_deck":["AscendersBane","Defend_G","Defend_G+1","Defend_G","Defend_G","Defend_G","Strike_G","Strike_G","Strike_G","Strike_G","Strike_G","Survivor","Neutralize+1","Sucker Punch","Blade Dance","Escape Plan","Backflip","Dagger Spray","Poisoned Stab+1","A Thousand Cuts+1","PiercingWail","Infinite Blades","Well Laid Plans","Crippling Poison","Die Die Die+1","Bouncing Flask","PiercingWail","Malaise+1","Caltrops+1","Endless Agony+1","Catalyst+1","Cloak And Dagger+1","A Thousand Cuts+1","Leg Sweep+1"],"relics":["Ring of the Snake","Golden Idol","Snake Skull","Regal Pillow","Incense Burner","Juzu Bracelet","Boot","Mummified Hand","Molten Egg 2","Ectoplasm","Smiling Mask","Ornamental Fan","The Specimen","Question Card","Art of War","Oddly Smooth Stone","Bag of Preparation","Orrery","Ice Cream","Sundial","Tough Bandages","War Paint"],"potions_floor_usage":[13,20,27,44,50,50],"damage_taken":[{"damage":0,"enemies":"Cultist","floor":1,"turns":4},{"damage":0,"enemies":"Jaw Worm","floor":3,"turns":6},{"damage":42,"enemies":"Gremlin Nob","floor":6,"turns":5},{"damage":0,"enemies":"2 Louse","floor":8,"turns":3},{"damage":28,"enemies":"Lagavulin","floor":11,"turns":10},{"damage":2,"enemies":"Exordium Wildlife","floor":12,"turns":5},{"damage":28,"enemies":"3 Sentries","floor":13,"turns":10},{"damage":28,"enemies":"The Guardian","floor":16,"turns":14},{"damage":2,"enemies":"3 Byrds","floor":18,"turns":3},{"damage":7,"enemies":"Chosen","floor":20,"turns":6},{"damage":22,"enemies":"Snecko","floor":21,"turns":5},{"damage":14,"enemies":"Book of Stabbing","floor":23,"turns":6},{"damage":0,"enemies":"Gremlin Leader","floor":25,"turns":5},{"damage":25,"enemies":"Slavers","floor":27,"turns":5},{"damage":0,"enemies":"3 Cultists","floor":28,"turns":4},{"damage":32,"enemies":"Collector","floor":33,"turns":8},{"damage":2,"enemies":"3 Shapes","floor":35,"turns":3},{"damage":0,"enemies":"Mind Bloom Boss Battle","floor":36,"turns":6},{"damage":0,"enemies":"Orb Walker","floor":37,"turns":3},{"damage":21,"enemies":"Maw","floor":39,"turns":7},{"damage":23,"enemies":"Giant Head","floor":41,"turns":8},{"damage":0,"enemies":"Nemesis","floor":44,"turns":5},{"damage":0,"enemies":"4 Shapes","floor":46,"turns":3},{"damage":29,"enemies":"Time Eater","floor":50,"turns":11}],"seed_played":"-6311164530580138409","potions_obtained":[{"floor":1,"key":"Explosive Potion"},{"floor":6,"key":"SmokeBomb"},{"floor":12,"key":"Regen Potion"},{"floor":13,"key":"Fire Potion"},{"floor":18,"key":"Regen Potion"},{"floor":25,"key":"Energy Potion"},{"floor":27,"key":"Fire Potion"},{"floor":44,"key":"Regen Potion"}],"is_trial":false,"path_per_floor":["M","?","M","?","T","E","R","M","T","?","E","M","E","?","R","B",null,"M","?","M","M","$","E","R","E","T","E","M","T","$","?","R","B",null,"M","?","M","?","M","R","E","?","T","E","R","M","$","?","R","B",null],"character_chosen":"THE_SILENT","items_purchased":["Crippling Poison","Ornamental Fan"],"campfire_rested":5,"item_purchase_floors":[22,22],"current_hp_per_floor":[63,63,63,56,56,14,50,50,50,50,22,20,7,7,43,15,56,54,54,61,39,39,25,61,61,61,36,36,36,36,59,59,27,59,57,57,57,57,36,70,47,47,47,47,47,47,47,47,70,53],"gold":18,"neow_bonus":"UPGRADE_CARD","is_prod":false,"is_daily":false,"chose_seed":false,"campfire_upgraded":2,"win_rate":0,"timestamp":1552884045,"path_taken":["M","?","M","?","?","E","R","M","T","?","E","M","E","?","R","BOSS","M","?","M","M","$","E","R","E","T","E","M","?","$","?","R","BOSS","M","?","M","?","M","R","E","?","T","E","R","M","$","?","R","BOSS"],"build_version":"2019-01-23","purchased_purges":2,"victory":true,"max_hp_per_floor":[70,70,70,70,70,70,70,70,70,70,70,70,70,70,70,70,70,70,70,70,70,70,70,70,70,70,70,70,70,70,70,70,70,70,70,70,70,70,70,70,70,70,70,70,70,70,70,70,70,70],"card_choices":[{"not_picked":["Setup","Slice"],"picked":"Sucker Punch","floor":1},{"not_picked":["Prepared","Flechettes"],"picked":"Blade Dance","floor":3},{"not_picked":["All Out Attack","Phantasmal Killer"],"picked":"Escape Plan","floor":6},{"not_picked":["Bouncing Flask","Infinite Blades"],"picked":"Backflip","floor":8},{"not_picked":["Bane","Flying Knee","Setup"],"picked":"SKIP","floor":11},{"not_picked":["Prepared","Concentrate"],"picked":"Dagger Spray","floor":12},{"not_picked":["Calculated Gamble","Acrobatics"],"picked":"Poisoned Stab","floor":13},{"not_picked":["Burst","Night Terror"],"picked":"A Thousand Cuts","floor":16},{"not_picked":["Poisoned Stab+1","Dodge and Roll"],"picked":"PiercingWail","floor":18},{"not_picked":["Choke+1","Bane+1"],"picked":"Infinite Blades","floor":20},{"not_picked":["Quick Slash+1","Cloak And Dagger"],"picked":"Well Laid Plans","floor":21},{"not_picked":["Prepared+1","Slice+1"],"picked":"Die Die Die+1","floor":23},{"not_picked":["Deadly Poison","Sucker Punch+1","Night Terror"],"picked":"SKIP","floor":25},{"not_picked":["Calculated Gamble","Deadly Poison","Underhanded Strike+1"],"picked":"Bouncing Flask","floor":27},{"not_picked":["Predator+1","Sucker Punch+1","Backflip"],"picked":"PiercingWail","floor":28},{"not_picked":["Adrenaline","Corpse Explosion","Venomology"],"picked":"Malaise","floor":33},{"not_picked":["Dodge and Roll","Quick Slash+1","PiercingWail"],"picked":"Slice+1","floor":34},{"not_picked":["Slice+1","Poisoned Stab+1","PiercingWail"],"picked":"Caltrops+1","floor":34},{"not_picked":["Terror","Deflect","Outmaneuver+1"],"picked":"Endless Agony+1","floor":34},{"not_picked":["Endless Agony+1","Backstab+1","PiercingWail"],"picked":"Catalyst","floor":34},{"not_picked":["Concentrate","Acrobatics","Poisoned Stab+1","Bane+1"],"picked":"SKIP","floor":35},{"not_picked":["Flying Knee+1","Dagger Spray+1","Deflect"],"picked":"Cloak And Dagger+1","floor":36},{"not_picked":["Finisher+1","Blade Dance","Caltrops"],"picked":"A Thousand Cuts","floor":37},{"not_picked":["Tactician","Prepared","Eviscerate+1","Flying Knee+1"],"picked":"SKIP","floor":39},{"not_picked":["Endless Agony+1","Reflex+1","Deflect+1"],"picked":"Leg Sweep+1","floor":41},{"not_picked":["Caltrops","Prepared","Riddle With Holes+1","Sucker Punch+1"],"picked":"SKIP","floor":44},{"not_picked":["Cloak And Dagger","Blade Dance","Dodge and Roll","Flying Knee+1"],"picked":"SKIP","floor":46}],"player_experience":606228,"relics_obtained":[{"floor":5,"key":"Regal Pillow"},{"floor":6,"key":"Incense Burner"},{"floor":9,"key":"Juzu Bracelet"},{"floor":11,"key":"Mummified Hand"},{"floor":13,"key":"Molten Egg 2"},{"floor":23,"key":"The Specimen"},{"floor":25,"key":"Question Card"},{"floor":26,"key":"Art of War"},{"floor":27,"key":"Oddly Smooth Stone"},{"floor":29,"key":"Bag of Preparation"},{"floor":36,"key":"Ice Cream"},{"floor":41,"key":"Sundial"},{"floor":43,"key":"Tough Bandages"},{"floor":44,"key":"War Paint"}],"event_choices":[{"damage_healed":0,"gold_gain":0,"player_choice":"Take Wound","damage_taken":0,"relics_obtained":["Golden Idol"],"max_hp_gain":0,"max_hp_loss":0,"event_name":"Golden Idol","floor":2,"gold_loss":0,"cards_obtained":["Injury"]},{"damage_healed":0,"gold_gain":0,"player_choice":"Success","damage_taken":7,"relics_obtained":["Snake Skull"],"max_hp_gain":0,"max_hp_loss":0,"event_name":"Scrap Ooze","floor":4,"gold_loss":0},{"damage_healed":0,"gold_gain":0,"player_choice":"Gave Potion","damage_taken":0,"relics_obtained":["Boot"],"max_hp_gain":0,"max_hp_loss":0,"event_name":"WeMeetAgain","floor":10,"gold_loss":0},{"damage_healed":0,"gold_gain":0,"player_choice":"Left Gold","damage_taken":0,"max_hp_gain":0,"max_hp_loss":0,"event_name":"World of Goop","floor":14,"gold_loss":21},{"damage_healed":0,"gold_gain":0,"player_choice":"Opened","damage_taken":0,"relics_obtained":["Smiling Mask"],"max_hp_gain":0,"max_hp_loss":0,"event_name":"The Mausoleum","floor":19,"gold_loss":0,"cards_obtained":["Writhe"]},{"damage_healed":23,"gold_gain":0,"player_choice":"Heal","damage_taken":0,"max_hp_gain":0,"max_hp_loss":0,"event_name":"The Library","floor":31,"gold_loss":0},{"damage_healed":0,"gold_gain":0,"player_choice":"Fight","damage_taken":0,"max_hp_gain":0,"max_hp_loss":0,"event_name":"MindBloom","floor":36,"gold_loss":0},{"damage_healed":0,"gold_gain":0,"player_choice":"Upgraded","damage_taken":0,"max_hp_gain":0,"max_hp_loss":0,"event_name":"Upgrade Shrine","floor":38,"gold_loss":0,"cards_upgraded":["A Thousand Cuts"]},{"cards_removed":["Slice"],"damage_healed":0,"gold_gain":0,"player_choice":"Removed Attack","damage_taken":0,"max_hp_gain":0,"max_hp_loss":0,"event_name":"Falling","floor":42,"gold_loss":0},{"damage_healed":0,"gold_gain":0,"player_choice":"Ignored","damage_taken":0,"max_hp_gain":0,"max_hp_loss":0,"event_name":"Mysterious Sphere","floor":48,"gold_loss":0}],"is_beta":false,"boss_relics":[{"not_picked":["Pandora\u0027s Box","Calling Bell"],"picked":"Ectoplasm"},{"not_picked":["Philosopher\u0027s Stone","Runic Dome"],"picked":"Orrery"}],"items_purged_floors":[22,30],"is_endless":false,"potions_floor_spawned":[1,6,12,13,16,18,25,27,37,44],"ascension_level":12}