{"gold_per_floor":[115,115,135,146,146,178,191,191,191,203,225,251,263,292,304,415,427,456,482,153,78,98,131,131,141,168,168,267,302,35,48,48,147,147,162,162,175,1174,842,876,204,204,230,250,270,270],"floor_reached":46,"playtime":3285,"items_purged":["Regret","Strike_B","Writhe","Normality"],"score":812,"play_id":"9ac113dd-e101-4127-b764-ce59e0c8ec75","local_time":"20190217114719","is_ascension_mode":true,"campfire_choices":[{"floor":10,"key":"REST"},{"data":"Zap","floor":13,"key":"SMITH"},{"data":"Reinforced Body","floor":15,"key":"SMITH"},{"data":"Defragment","floor":24,"key":"SMITH"},{"floor":27,"key":"REST"},{"floor":32,"key":"REST"},{"data":"Defragment","floor":42,"key":"SMITH"}],"neow_cost":"PERCENT_DAMAGE","seed_source_timestamp":407532439450658,"circlet_count":0,"master_deck":["AscendersBane","Zap+1","Dualcast","Sweeping Beam","Doom and Gloom","Rip and Tear","Cold Snap","Reinforced Body+1","Ball Lightning+1","FTL","Seek","Clumsy","Glacier","Capacitor","Defragment+1","Defragment+1","Chaos+1","Capacitor","Fission","Meteor Strike","Turbo","Amplify","Consume","Self Repair","Normality","Coolheaded"],"relics":["Cracked Core","Emotion Chip","War Paint","MawBank","Calling Bell","Anchor","Pear","Pocketwatch","DollysMirror","Blue Candle","Whetstone","Torii","Pandora\u0027s Box","Omamori","Lantern","Ice Cream","Art of War","Regal Pillow"],"potions_floor_usage":[6,16,23,29,31,33,40,46],"damage_taken":[{"damage":3,"enemies":"Small Slimes","floor":1,"turns":3},{"damage":0,"enemies":"Cultist","floor":3,"turns":4},{"damage":13,"enemies":"Jaw Worm","floor":4,"turns":4},{"damage":16,"enemies":"Gremlin Nob","floor":6,"turns":3},{"damage":1,"enemies":"Red Slaver","floor":7,"turns":2},{"damage":6,"enemies":"Blue Slaver","floor":11,"turns":3},{"damage":6,"enemies":"Large Slime","floor":12,"turns":6},{"damage":1,"enemies":"Looter","floor":14,"turns":3},{"damage":11,"enemies":"The Guardian","floor":16,"turns":9},{"damage":15,"enemies":"Shell Parasite","floor":18,"turns":6},{"damage":8,"enemies":"2 Thieves","floor":19,"turns":4},{"damage":8,"enemies":"Snecko","floor":22,"turns":6},{"damage":11,"enemies":"Book of Stabbing","floor":23,"turns":8},{"damage":6,"enemies":"3 Cultists","floor":25,"turns":4},{"damage":42,"enemies":"Slavers","floor":29,"turns":5},{"damage":3,"enemies":"Chosen and Byrds","floor":31,"turns":5},{"damage":39,"enemies":"Collector","floor":33,"turns":9},{"damage":22,"enemies":"Orb Walker","floor":35,"turns":5},{"damage":30,"enemies":"3 Darklings","floor":37,"turns":8},{"damage":23,"enemies":"Giant Head","floor":40,"turns":9},{"damage":48,"enemies":"Jaw Worm Horde","floor":44,"turns":3},{"damage":0,"enemies":"Maw","floor":45,"turns":6},{"damage":10,"enemies":"Sphere and 2 Shapes","floor":46,"turns":1}],"seed_played":"-5718247092687503715","potions_obtained":[{"floor":4,"key":"FocusPotion"},{"floor":7,"key":"Ancient Potion"},{"floor":8,"key":"Regen Potion"},{"floor":8,"key":"PowerPotion"},{"floor":18,"key":"GamblersBrew"},{"floor":25,"key":"Dexterity Potion"},{"floor":40,"key":"SpeedPotion"}],"is_trial":false,"path_per_floor":["M","?","M","M","?","E","M","?","T","R","M","M","R","M","R","B",null,"M","M","$","?","M","E","R","M","T","R","?","E","$","M","R","B",null,"M","?","M","?","$","E","$","R","T","M","M","M"],"character_chosen":"DEFECT","items_purchased":["Defragment","DollysMirror","Capacitor","Fruit Juice","Omamori","Weak Potion","Ice Cream","Art of War","GamblersBrew"],"campfire_rested":3,"item_purchase_floors":[20,20,30,30,39,39,41,41,41],"current_hp_per_floor":[47,47,47,34,34,18,17,17,17,39,33,27,27,26,26,15,70,55,47,47,47,39,28,28,22,22,46,46,18,18,20,46,7,67,59,81,58,58,58,49,49,49,49,1,8,0],"gold":270,"neow_bonus":"ONE_RARE_RELIC","is_prod":false,"is_daily":false,"chose_seed":false,"campfire_upgraded":4,"win_rate":0,"timestamp":1550432839,"path_taken":["M","?","?","M","?","E","?","?","T","R","?","M","R","M","R","BOSS","M","M","$","?","M","E","R","M","T","R","?","E","$","M","R","BOSS","M","?","M","?","$","E","$","R","T","M","M","M"],"build_version":"2019-01-23","purchased_purges":4,"victory":false,"max_hp_per_floor":[75,75,75,75,75,75,75,75,75,75,75,75,75,75,75,75,85,85,85,85,82,82,82,82,82,82,82,82,82,82,87,87,87,87,87,87,87,87,87,87,87,87,87,87,87,87],"card_choices":[{"not_picked":["Beam Cell","Coolheaded"],"picked":"Sweeping Beam","floor":1},{"not_picked":["Steam","Seek"],"picked":"Doom and Gloom","floor":3},{"not_picked":["Steam","Hologram"],"picked":"Rip and Tear","floor":4},{"not_picked":["Heatsinks","Turbo"],"picked":"Cold Snap","floor":6},{"not_picked":["Hologram","Barrage","Skim"],"picked":"SKIP","floor":7},{"not_picked":["Redo","Ball Lightning"],"picked":"Reinforced Body","floor":11},{"not_picked":["Rainbow","Gash"],"picked":"Ball Lightning","floor":12},{"not_picked":["Ball Lightning","Compile Driver"],"picked":"FTL","floor":14},{"not_picked":["Thunder Strike","Core Surge"],"picked":"Seek","floor":16},{"not_picked":["Sweeping Beam","Barrage"],"picked":"Glacier","floor":18},{"not_picked":["Barrage","Hello World"],"picked":"Capacitor","floor":19},{"not_picked":["Turbo","Redo+1","Leap"],"picked":"SKIP","floor":22},{"not_picked":["Reboot","BootSequence","Lockon"],"picked":"SKIP","floor":23},{"not_picked":["Turbo","Streamline","Rebound"],"picked":"SKIP","floor":25},{"not_picked":["Go for the Eyes","All For One"],"picked":"Chaos+1","floor":29},{"not_picked":["Genetic Algorithm","Beam Cell","Storm"],"picked":"SKIP","floor":31},{"not_picked":["Reboot","All For One"],"picked":"Fission","floor":33},{"not_picked":["Conserve Battery","Blizzard","Redo"],"picked":"SKIP","floor":35},{"not_picked":["Tempest","Blizzard","Turbo+1"],"picked":"SKIP","floor":37},{"not_picked":["Tempest","Blizzard","Turbo+1"],"picked":"SKIP","floor":37},{"not_picked":["Go for the Eyes+1","Reboot","Sweeping Beam+1"],"picked":"SKIP","floor":40},{"not_picked":["Darkness","Ball Lightning"],"picked":"Coolheaded","floor":44},{"not_picked":["Stack","Conserve Battery+1","Beam Cell+1"],"picked":"SKIP","floor":45}],"player_experience":649025,"relics_obtained":[{"floor":6,"key":"War Paint"},{"floor":9,"key":"MawBank"},{"floor":17,"key":"Anchor"},{"floor":17,"key":"Pear"},{"floor":17,"key":"Pocketwatch"},{"floor":23,"key":"Blue Candle"},{"floor":26,"key":"Whetstone"},{"floor":29,"key":"Torii"},{"floor":40,"key":"Lantern"},{"floor":43,"key":"Regal Pillow"}],"event_choices":[{"cards_removed":["Strike_B"],"damage_healed":0,"gold_gain":0,"player_choice":"Offered Basic","damage_taken":0,"max_hp_gain":0,"max_hp_loss":0,"event_name":"Bonfire Elementals","floor":2,"gold_loss":0},{"cards_removed":["Strike_B"],"damage_healed":0,"gold_gain":0,"player_choice":"Purged","damage_taken":0,"max_hp_gain":0,"max_hp_loss":0,"event_name":"Purifier","floor":5,"gold_loss":0},{"damage_healed":0,"gold_gain":0,"player_choice":"Got Potions","damage_taken":0,"max_hp_gain":0,"max_hp_loss":0,"event_name":"Lab","floor":8,"gold_loss":0},{"cards_removed":["Parasite"],"damage_healed":0,"gold_gain":0,"player_choice":"Gave Gold","damage_taken":0,"max_hp_gain":0,"max_hp_loss":0,"event_name":"Beggar","floor":21,"gold_loss":75},{"damage_healed":0,"gold_gain":99,"player_choice":"Stole From Cult","damage_taken":0,"max_hp_gain":0,"max_hp_loss":0,"event_name":"Nest","floor":28,"gold_loss":0},{"damage_healed":22,"gold_gain":0,"player_choice":"Writhe","damage_taken":0,"max_hp_gain":0,"max_hp_loss":0,"event_name":"Winding Halls","floor":36,"gold_loss":0,"cards_obtained":["Writhe"]},{"damage_healed":0,"gold_gain":999,"player_choice":"Gold","damage_taken":0,"max_hp_gain":0,"max_hp_loss":0,"event_name":"MindBloom","floor":38,"gold_loss":0,"cards_obtained":["Normality","Normality"]}],"is_beta":false,"boss_relics":[{"not_picked":["White Beast Statue","Orrery"],"picked":"Calling Bell"},{"not_picked":["Runic Pyramid","Fusion Hammer"],"picked":"Pandora\u0027s Box"}],"items_purged_floors":[20,30,39,41],"is_endless":false,"potions_floor_spawned":[4,7,11,14,18,25,40,45],"killed_by":"Sphere and 2 Shapes","ascension_level":12}