{"gold_per_floor":[110,121,196,222,2,36,36,36,110,126,126,39,49,63,63,63],"floor_reached":16,"playtime":595,"items_purged":[],"score":100,"play_id":"7eed557a-ad32-407c-ba27-f3a7d599941b","local_time":"20190222012711","is_ascension_mode":false,"campfire_choices":[{"data":"Envenom","floor":7,"key":"SMITH"},{"floor":11,"key":"REST"},{"data":"Cloak And Dagger","floor":15,"key":"SMITH"}],"neow_cost":"NONE","seed_source_timestamp":32132066590147,"circlet_count":0,"master_deck":["Defend_G","Defend_G","Defend_G","Defend_G","Defend_G","Strike_G","Strike_G","Strike_G","Strike_G","Strike_G","Survivor","Neutralize","Envenom+1","Blade Dance","Skewer","Outmaneuver","Cloak And Dagger+1","Dash+1","Adrenaline","Cloak And Dagger"],"relics":["Ring of the Snake","Lantern","Nunchaku","Bag of Preparation","Molten Egg 2"],"potions_floor_usage":[14],"damage_taken":[{"damage":0,"enemies":"Jaw Worm","floor":1,"turns":6},{"damage":0,"enemies":"Cultist","floor":2,"turns":3},{"damage":34,"enemies":"3 Sentries","floor":6,"turns":12},{"damage":0,"enemies":"2 Louse","floor":10,"turns":4},{"damage":0,"enemies":"Blue Slaver","floor":13,"turns":2},{"damage":9,"enemies":"Exordium Thugs","floor":14,"turns":3},{"damage":43,"enemies":"Slime Boss","floor":16,"turns":11}],"seed_played":"8375084041725052110","potions_obtained":[{"floor":13,"key":"Weak Potion"}],"is_trial":false,"path_per_floor":["M","M","?","T","$","E","R","T","T","M","R","$","M","M","R","B"],"character_chosen":"THE_SILENT","items_purchased":["Lantern","Skewer","Dash+1","Poison Potion"],"campfire_rested":1,"item_purchase_floors":[5,5,12,12],"current_hp_per_floor":[70,70,59,59,59,25,25,25,25,25,46,46,46,37,37,0],"gold":63,"neow_bonus":"ONE_RANDOM_RARE_CARD","is_prod":false,"is_daily":false,"chose_seed":false,"campfire_upgraded":2,"win_rate":0,"timestamp":1550816831,"path_taken":["M","M","?","?","$","E","R","?","T","M","R","$","M","?","R","BOSS"],"build_version":"2019-01-23","purchased_purges":0,"victory":false,"max_hp_per_floor":[70,70,70,70,70,70,70,70,70,70,70,70,70,70,70,70],"card_choices":[{"not_picked":["Underhanded Strike","Backflip"],"picked":"Blade Dance","floor":1},{"not_picked":["Concentrate","Deadly Poison","Slice"],"picked":"SKIP","floor":2},{"not_picked":["Quick Slash","Deadly Poison"],"picked":"Outmaneuver","floor":6},{"not_picked":["Dash+1","Sucker Punch+1"],"picked":"Cloak And Dagger","floor":10},{"not_picked":["Dagger Throw+1","PiercingWail"],"picked":"Adrenaline","floor":13},{"not_picked":["Bouncing Flask","Skewer+1"],"picked":"Cloak And Dagger","floor":14}],"player_experience":721109,"relics_obtained":[{"floor":6,"key":"Nunchaku"},{"floor":8,"key":"Bag of Preparation"},{"floor":9,"key":"Molten Egg 2"}],"event_choices":[{"damage_healed":0,"gold_gain":75,"player_choice":"Gather Gold","damage_taken":11,"max_hp_gain":0,"max_hp_loss":0,"event_name":"World of Goop","floor":3,"gold_loss":0}],"is_beta":false,"boss_relics":[],"items_purged_floors":[],"is_endless":false,"potions_floor_spawned":[13],"killed_by":"Slime Boss","ascension_level":0}