{"gold_per_floor":[112,132,57,67,79,79,98,114,114,14,33,33,48,59,59,59],"floor_reached":16,"playtime":450,"items_purged":["Defend_R","Strike_R"],"score":98,"play_id":"5721dfeb-a344-4d60-967b-8501ca5b0fb8","local_time":"20180720000857","is_ascension_mode":false,"campfire_choices":[{"data":"Bash","floor":6,"key":"SMITH"},{"floor":15,"key":"REST"}],"neow_cost":"NONE","seed_source_timestamp":777329414404073,"circlet_count":0,"master_deck":["Strike_R+1","Strike_R","Strike_R","Strike_R+1","Defend_R","Defend_R","Defend_R","Bash+1"],"relics":["Burning Blood","Whetstone"],"potions_floor_usage":[7,7,13,13,13],"damage_taken":[{"damage":6,"enemies":"Cultist","floor":1,"turns":3},{"damage":0,"enemies":"2 Louse","floor":2,"turns":2},{"damage":18,"enemies":"Jaw Worm","floor":4,"turns":3},{"damage":33,"enemies":"Lots of Slimes","floor":5,"turns":4},{"damage":25,"enemies":"Exordium Wildlife","floor":7,"turns":4},{"damage":24,"enemies":"Blue Slaver","floor":8,"turns":3},{"damage":18,"enemies":"2 Fungi Beasts","floor":11,"turns":3},{"damage":11,"enemies":"Exordium Thugs","floor":13,"turns":4},{"damage":25,"enemies":"Exordium Wildlife","floor":14,"turns":4},{"damage":43,"enemies":"The Guardian","floor":16,"turns":5}],"seed_played":"7748953205546084017","potions_obtained":[{"floor":8,"key":"Energy Potion"},{"floor":11,"key":"Energy Potion"}],"is_trial":false,"path_per_floor":["M","M","$","M","M","R","M","M","T","$","M","?","M","M","R"],"character_chosen":"IRONCLAD","items_purchased":[],"campfire_rested":1,"item_purchase_floors":[],"current_hp_per_floor":[80,80,80,68,41,41,39,21,21,21,9,37,32,13,38,0],"gold":59,"neow_bonus":"THREE_SMALL_POTIONS","is_prod":false,"is_daily":false,"chose_seed":false,"campfire_upgraded":1,"win_rate":0.0,"timestamp":1532038137,"path_taken":["M","M","$","M","M","R","M","M","T","$","M","?","M","M","R","BOSS"],"build_version":"2018-07-12","purchased_purges":2,"victory":false,"max_hp_per_floor":[80,80,80,80,80,80,85,85,85,85,85,85,85,85,85,85],"card_choices":[{"not_picked":["Corruption","True Grit","Headbutt"],"picked":"SKIP","floor":1},{"not_picked":["Dual Wield","Armaments","Ghostly Armor"],"picked":"SKIP","floor":2},{"not_picked":["Wild Strike","Pommel Strike","Shrug It Off"],"picked":"SKIP","floor":4},{"not_picked":["Twin Strike","Inflame","Headbutt"],"picked":"SKIP","floor":5},{"not_picked":["Anger","Combust","Shrug It Off"],"picked":"SKIP","floor":7},{"not_picked":["Perfected Strike","Infernal Blade","Body Slam"],"picked":"SKIP","floor":8},{"not_picked":["Cleave","Heavy Blade","Combust"],"picked":"SKIP","floor":11},{"not_picked":["Sword Boomerang","Dual Wield","Shrug It Off"],"picked":"SKIP","floor":13},{"not_picked":["Rampage","True Grit","Perfected Strike"],"picked":"SKIP","floor":14}],"player_experience":66050,"relics_obtained":[{"floor":9,"key":"Whetstone"}],"event_choices":[{"event_name":"Big Fish","player_choice":"Banana","floor":12,"damage_taken":0}],"boss_relics":[],"items_purged_floors":[3,10],"is_endless":false,"potions_floor_spawned":[1,8,11],"killed_by":"The Guardian","ascension_level":0}