{"path_per_floor":["M","?","?","M","M","E","$","R","T","R","T","?","M","M","R","B",null,"M","M","M","M","$","E","?","R","T","R","E","M","?","M","R"],"character_chosen":"DEFECT","items_purchased":["Panache","Matryoshka","Go for the Eyes"],"gold_per_floor":[114,289,265,280,295,325,56,56,56,56,56,56,71,86,86,186,186,201,216,231,246,25,55,55,55,55,55,85,100,100,115,115,115],"floor_reached":33,"campfire_rested":0,"playtime":1908,"item_purchase_floors":[7,22,22],"current_hp_per_floor":[73,72,71,70,69,68,67,66,65,64,63,67,66,65,64,47,62,61,54,59,55,55,52,52,52,52,52,51,50,24,16,16,0],"items_purged":["Defend_B"],"gold":115,"score":487,"play_id":"5f1fed9b-d354-4a32-93ac-0452ced764a7","local_time":"20180530220312","daily_mods":["Insanity","Time Dilation","Terminal"],"is_prod":false,"is_daily":true,"chose_seed":false,"is_ascension_mode":false,"campfire_upgraded":5,"win_rate":0,"timestamp":1527732192,"campfire_choices":[{"data":"Skim","floor":8,"key":"SMITH"},{"data":"Skim","floor":10,"key":"SMITH"},{"data":"Aggregate","floor":15,"key":"SMITH"},{"data":"Writhe","floor":25,"key":"PURGE"},{"data":"Steam Power","floor":27,"key":"SMITH"},{"data":"Heatsinks","floor":32,"key":"SMITH"}],"path_taken":["M","?","?","M","M","E","$","R","T","R","?","?","M","M","R","BOSS","M","M","M","M","$","E","?","R","T","R","E","M","?","M","R","BOSS"],"build_version":"2018-05-30","seed_source_timestamp":0,"purchased_purges":1,"victory":false,"master_deck":["Self Repair","Undo","Aggregate+1","Electrodynamics","Core Surge","Auto Shields","Blizzard","Skim","Recycle","Cold Snap","Echo Form","Seek","Ball Lightning","Biased Cognition","Rainbow","Biased Cognition","Chill","Sweeping Beam","Coolheaded","Fusion","Cold Snap","Aggregate","White Noise","Fusion","Aggregate","Steam Power+1","Scrape","Compile Driver","Cold Snap+1","Hyperbeam+1","Heatsinks+1","Sweeping Beam","Glacier","Barrage","Rebound","Skim+1","Steam Power","Go for the Eyes","Static Discharge","Cold Snap","Heatsinks","Conserve Battery","Hyperbeam","Hyperbeam","Compile Driver","Chill","Skim+1","Creative AI","Multi-Cast","Loop","Doubt","Heatsinks","Panache","Beam Cell","Echo Form","Regret","Clumsy","Doubt","Heatsinks+1","Conserve Battery","Beam Cell","Melter+1","Go for the Eyes","Beam Cell+1","Hologram","Recycle","Ghostly","Ghostly","Ghostly","Ghostly","Ghostly","Hologram"],"max_hp_per_floor":[73,72,71,70,69,68,67,66,65,64,63,67,66,65,64,63,62,61,60,59,58,57,56,55,54,53,52,51,50,24,23,22,22],"relics":["Cracked Core","Centennial Puzzle","Kunai","Emotion Chip","Calling Bell","Anchor","The Courier","Girya","Matryoshka","Dream Catcher","Peace Pipe","Whetstone","Frozen Egg 2","Bottled Flame"],"card_choices":[{"not_picked":["Steam","Beam Cell"],"picked":"Loop","floor":1},{"not_picked":["Compile Driver","Turbo"],"picked":"Heatsinks","floor":4},{"not_picked":["Leap","Static Discharge","Barrage"],"picked":"SKIP","floor":5},{"not_picked":["Rebound","Reinforced Body","Stack"],"picked":"SKIP","floor":6},{"not_picked":["Redo","Self Repair","Gash"],"picked":"SKIP","floor":13},{"not_picked":["Streamline","Barrage"],"picked":"Beam Cell","floor":14},{"not_picked":["Creative AI","Multi-Cast"],"picked":"Echo Form","floor":16},{"not_picked":["Rebound+1","Beam Cell"],"picked":"Heatsinks+1","floor":18},{"not_picked":["Tempest","Reinforced Body"],"picked":"Conserve Battery","floor":19},{"not_picked":["Conserve Battery","Ball Lightning+1"],"picked":"Beam Cell","floor":20},{"not_picked":["Steam Power","Auto Shields"],"picked":"Melter+1","floor":21},{"not_picked":["Stack","Compile Driver"],"picked":"Beam Cell+1","floor":23},{"not_picked":["Melter","Rainbow"],"picked":"Hologram","floor":28},{"not_picked":["Stack","Sunder"],"picked":"Recycle","floor":29},{"not_picked":["Barrage+1","Reinforced Body+1"],"picked":"Hologram","floor":31}],"player_experience":211476,"potions_floor_usage":[],"damage_taken":[{"damage":0,"enemies":"2 Louse","floor":1,"turns":2},{"damage":0,"enemies":"Small Slimes","floor":4,"turns":2},{"damage":0,"enemies":"Jaw Worm","floor":5,"turns":1},{"damage":0,"enemies":"Lagavulin","floor":6,"turns":3},{"damage":1,"enemies":"2 Fungi Beasts","floor":13,"turns":2},{"damage":0,"enemies":"Large Slime","floor":14,"turns":2},{"damage":24,"enemies":"Hexaghost","floor":16,"turns":6},{"damage":0,"enemies":"2 Thieves","floor":18,"turns":3},{"damage":7,"enemies":"Spheric Guardian","floor":19,"turns":3},{"damage":0,"enemies":"Centurion and Healer","floor":20,"turns":3},{"damage":4,"enemies":"Snake Plant","floor":21,"turns":4},{"damage":3,"enemies":"Gremlin Leader","floor":23,"turns":2},{"damage":3,"enemies":"Book of Stabbing","floor":28,"turns":4},{"damage":1,"enemies":"Sentry and Sphere","floor":29,"turns":5},{"damage":8,"enemies":"Chosen and Byrds","floor":31,"turns":5},{"damage":23,"enemies":"Collector","floor":33,"turns":7}],"relics_obtained":[{"floor":6,"key":"Centennial Puzzle"},{"floor":9,"key":"Kunai"},{"floor":11,"key":"Emotion Chip"},{"floor":17,"key":"Anchor"},{"floor":17,"key":"The Courier"},{"floor":17,"key":"Girya"},{"floor":23,"key":"Dream Catcher"},{"floor":26,"key":"Whetstone"},{"floor":26,"key":"Frozen Egg 2"},{"floor":28,"key":"Bottled Flame"}],"event_choices":[{"event_name":"Liars Game","player_choice":"agreed","floor":2,"damage_taken":0},{"event_name":"World of Goop","player_choice":"Left","floor":3,"damage_taken":0},{"event_name":"Big Fish","player_choice":"Donut","floor":12,"damage_taken":0},{"event_name":"The Mausoleum","player_choice":"Yes","floor":24,"damage_taken":0},{"event_name":"Ghosts","player_choice":"Became a Ghost","floor":30,"damage_taken":0}],"boss_relics":[{"not_picked":["Runic Dome","Ectoplasm"],"picked":"Calling Bell"}],"items_purged_floors":[7],"potions_floor_spawned":[1,13,20,21,29],"seed_played":"-8525478308114596577","killed_by":"Collector","ascension_level":0,"potions_obtained":[{"floor":1,"key":"EssenceOfSteel"},{"floor":13,"key":"SpeedPotion"},{"floor":20,"key":"FearPotion"},{"floor":29,"key":"FearPotion"}],"is_trial":false}