{"gold_per_floor":[19,19,32,46,46,46,76,76,76,76,110,110,145,164,164,240,240,258,45,45,56,56,56,72,72,72,82,82,32,32,32,32,32],"floor_reached":33,"playtime":923,"items_purged":["Decay","Strike_B"],"score":509,"play_id":"c00d1273-4959-4291-b068-1bb2274adf78","local_time":"20181104144834","is_ascension_mode":true,"campfire_choices":[{"data":"Biased Cognition","floor":6,"key":"SMITH"},{"data":"Zap","floor":8,"key":"SMITH"},{"data":"Go for the Eyes","floor":10,"key":"SMITH"},{"data":"Hyperbeam","floor":15,"key":"SMITH"},{"data":"Steam","floor":23,"key":"SMITH"},{"data":"Hologram","floor":28,"key":"SMITH"},{"floor":32,"key":"REST"}],"neow_cost":"NO_GOLD","seed_source_timestamp":105401003511228,"circlet_count":0,"master_deck":["AscendersBane","Strike_B","Strike_B","Defend_B+1","Defend_B","Defend_B+1","Defend_B","Zap+1","Dualcast","Streamline+1","Conserve Battery+1","Biased Cognition+1","Go for the Eyes+1","Hyperbeam+1","All For One","Steam+1","Steam","Shame","Go for the Eyes+1","Hologram+1"],"relics":["Cracked Core","Incense Burner","Pear","Anchor","War Paint","Smiling Mask","Gremlin Horn","Philosopher\u0027s Stone","Bronze Scales","Bag of Marbles","Frozen Egg 2","Singing Bowl"],"potions_floor_usage":[7,13,13,16,33],"damage_taken":[{"damage":0,"enemies":"2 Louse","floor":1,"turns":2},{"damage":14,"enemies":"Jaw Worm","floor":3,"turns":4},{"damage":0,"enemies":"Small Slimes","floor":4,"turns":2},{"damage":3,"enemies":"Gremlin Nob","floor":7,"turns":3},{"damage":2,"enemies":"Lagavulin","floor":11,"turns":5},{"damage":8,"enemies":"3 Sentries","floor":13,"turns":5},{"damage":0,"enemies":"Looter","floor":14,"turns":3},{"damage":17,"enemies":"Slime Boss","floor":16,"turns":9},{"damage":12,"enemies":"Chosen","floor":18,"turns":4},{"damage":19,"enemies":"Spheric Guardian","floor":21,"turns":3},{"damage":0,"enemies":"3 Cultists","floor":24,"turns":1},{"damage":4,"enemies":"Centurion and Healer","floor":27,"turns":7},{"damage":65,"enemies":"Collector","floor":33,"turns":7}],"seed_played":"-5708959542175058826","potions_obtained":[{"floor":3,"key":"Energy Potion"},{"floor":7,"key":"Strength Potion"},{"floor":11,"key":"EntropicBrew"},{"floor":18,"key":"FearPotion"},{"floor":21,"key":"FocusPotion"}],"is_trial":false,"path_per_floor":["M","?","M","M","T","R","E","R","T","R","E","?","E","M","R","B",null,"M","$","?","M","?","R","M","?","T","M","R","$","T","$","R","B"],"character_chosen":"DEFECT","items_purchased":["Bronze Scales"],"campfire_rested":1,"item_purchase_floors":[19],"current_hp_per_floor":[64,43,29,29,39,39,36,36,36,36,34,34,26,26,26,9,63,51,51,51,32,32,32,32,32,32,28,28,28,28,28,52,0],"gold":32,"neow_bonus":"ONE_RARE_RELIC","is_prod":false,"is_daily":false,"chose_seed":false,"campfire_upgraded":6,"win_rate":0,"timestamp":1541339314,"path_taken":["M","?","M","M","?","R","E","R","T","R","E","?","E","M","R","BOSS","M","?","?","M","?","R","M","?","T","M","R","?","?","$","R","BOSS"],"build_version":"2018-11-02","purchased_purges":2,"victory":false,"max_hp_per_floor":[71,71,71,71,81,81,81,81,81,81,81,81,81,81,81,81,81,81,81,81,81,81,81,81,81,81,81,81,81,81,81,81,81],"card_choices":[{"not_picked":["Ball Lightning","Steam"],"picked":"Streamline","floor":1},{"not_picked":["Redo","Rebound"],"picked":"Conserve Battery","floor":3},{"not_picked":["Coolheaded","Steam"],"picked":"Biased Cognition","floor":4},{"not_picked":["Aggregate","Beam Cell"],"picked":"Go for the Eyes","floor":7},{"not_picked":["Stack","Go for the Eyes","Steam"],"picked":"SKIP","floor":11},{"not_picked":["Rip and Tear","Capacitor"],"picked":"Hyperbeam","floor":13},{"not_picked":["Force Field","Gash","Streamline"],"picked":"SKIP","floor":14},{"not_picked":["Buffer","Machine Learning"],"picked":"All For One","floor":16},{"not_picked":["Go for the Eyes","Cold Snap"],"picked":"Steam","floor":18},{"not_picked":["Ball Lightning","Consume"],"picked":"Steam","floor":21},{"not_picked":["Compile Driver","Turbo"],"picked":"Go for the Eyes+1","floor":24},{"not_picked":["Turbo","Rip and Tear"],"picked":"Hologram","floor":27}],"player_experience":309107,"relics_obtained":[{"floor":5,"key":"Pear"},{"floor":7,"key":"Anchor"},{"floor":9,"key":"War Paint"},{"floor":11,"key":"Smiling Mask"},{"floor":13,"key":"Gremlin Horn"},{"floor":26,"key":"Frozen Egg 2"},{"floor":30,"key":"Singing Bowl"}],"event_choices":[{"damage_healed":0,"gold_gain":0,"player_choice":"Entered Light","damage_taken":21,"max_hp_gain":0,"max_hp_loss":0,"event_name":"Shining Light","floor":2,"gold_loss":0,"cards_upgraded":["Streamline","Defend_B"]},{"damage_healed":0,"gold_gain":0,"player_choice":"Cursed","damage_taken":0,"max_hp_gain":0,"max_hp_loss":0,"event_name":"Wheel of Change","floor":12,"gold_loss":0,"cards_obtained":["Decay"]},{"cards_removed":["Strike_B"],"damage_healed":0,"gold_gain":0,"player_choice":"Elegance","damage_taken":0,"max_hp_gain":0,"max_hp_loss":0,"event_name":"Back to Basics","floor":20,"gold_loss":0},{"damage_healed":0,"gold_gain":0,"player_choice":"Stole Relic","damage_taken":0,"relics_obtained":["Bag of Marbles"],"max_hp_gain":0,"max_hp_loss":0,"event_name":"Addict","floor":22,"gold_loss":0,"cards_obtained":["Shame"]},{"damage_healed":0,"gold_gain":0,"player_choice":"Ignored","damage_taken":0,"max_hp_gain":0,"max_hp_loss":0,"event_name":"The Mausoleum","floor":25,"gold_loss":0}],"is_beta":true,"boss_relics":[{"not_picked":["Snecko Eye","Lizard Tail"],"picked":"Philosopher\u0027s Stone"}],"items_purged_floors":[19,29],"is_endless":false,"potions_floor_spawned":[3,7,11,13,18,21],"killed_by":"Collector","ascension_level":19}