{"gold_per_floor":[114,114,126,141,158,158,184,200,254,254,220,220,145,71,71,71],"floor_reached":16,"playtime":698,"items_purged":["Strike_G"],"score":110,"play_id":"2d7a40ee-0c4a-47b9-a6f5-735f1beb6c67","local_time":"20190326194649","is_ascension_mode":true,"campfire_choices":[{"data":"Caltrops","floor":6,"key":"SMITH"},{"data":"Neutralize","floor":10,"key":"SMITH"},{"data":"Outmaneuver","floor":12,"key":"SMITH"},{"data":"Noxious Fumes","floor":15,"key":"SMITH"}],"neow_cost":"NONE","seed_source_timestamp":79647396176669,"circlet_count":0,"master_deck":["Defend_G","Defend_G","Defend_G","Defend_G","Defend_G","Strike_G","Strike_G","Strike_G","Strike_G","Survivor","Neutralize+1","Leg Sweep","Caltrops+1","Outmaneuver+1","Noxious Fumes+1"],"relics":["Ring of the Snake","NeowsBlessing","Ninja Scroll","Snake Skull"],"potions_floor_usage":[5,8],"damage_taken":[{"damage":0,"enemies":"2 Louse","floor":1,"turns":1},{"damage":0,"enemies":"Small Slimes","floor":3,"turns":1},{"damage":0,"enemies":"Jaw Worm","floor":4,"turns":1},{"damage":27,"enemies":"Lots of Slimes","floor":5,"turns":8},{"damage":31,"enemies":"3 Sentries","floor":7,"turns":12},{"damage":9,"enemies":"Red Slaver","floor":8,"turns":3},{"damage":29,"enemies":"Slime Boss","floor":16,"turns":5}],"seed_played":"5926632341705964584","potions_obtained":[{"floor":1,"key":"SpeedPotion"},{"floor":3,"key":"GamblersBrew"},{"floor":5,"key":"FairyPotion"}],"is_trial":false,"path_per_floor":["M","?","M","M","M","R","E","M","T","R","?","R","$","$","R","B"],"character_chosen":"THE_SILENT","items_purchased":["Noxious Fumes"],"campfire_rested":0,"item_purchase_floors":[14],"current_hp_per_floor":[70,75,75,75,48,48,17,8,8,8,8,8,8,8,8,0],"gold":71,"neow_bonus":"THREE_ENEMY_KILL","is_prod":false,"is_daily":false,"chose_seed":false,"campfire_upgraded":4,"win_rate":0,"timestamp":1553644009,"path_taken":["M","?","M","M","M","R","E","M","T","R","?","R","?","$","R","BOSS"],"build_version":"2019-01-23","purchased_purges":1,"victory":false,"max_hp_per_floor":[70,75,75,75,75,75,75,75,75,75,75,75,75,75,75,75],"card_choices":[{"not_picked":["Bouncing Flask","Dodge and Roll","PiercingWail"],"picked":"SKIP","floor":1},{"not_picked":["Dagger Spray","PiercingWail","Acrobatics"],"picked":"SKIP","floor":3},{"not_picked":["Slice","Calculated Gamble"],"picked":"Leg Sweep","floor":4},{"not_picked":["Footwork","Skewer"],"picked":"Caltrops","floor":5},{"not_picked":["Setup","Deflect"],"picked":"Outmaneuver","floor":7},{"not_picked":["Flechettes","Blade Dance","Acrobatics"],"picked":"SKIP","floor":8}],"player_experience":756925,"relics_obtained":[{"floor":7,"key":"Ninja Scroll"},{"floor":9,"key":"Snake Skull"}],"event_choices":[{"damage_healed":0,"gold_gain":0,"player_choice":"Donut","damage_taken":0,"max_hp_gain":5,"max_hp_loss":0,"event_name":"Big Fish","floor":2,"gold_loss":0},{"damage_healed":0,"gold_gain":0,"player_choice":"Left Gold","damage_taken":0,"max_hp_gain":0,"max_hp_loss":0,"event_name":"World of Goop","floor":11,"gold_loss":34}],"is_beta":false,"boss_relics":[],"items_purged_floors":[13],"is_endless":false,"potions_floor_spawned":[1,3,5],"killed_by":"Slime Boss","ascension_level":2}