{"path_per_floor":["M","M","?","M","$","E","R","E","T","E","M","$","R","M","R","B",null,"M","?","M","M","$","E","R","E","T","R","M","E","M","$","R"],"character_chosen":"IRONCLAD","items_purchased":["Flex","Lantern","Lee\u0027s Waffle","Orichalcum","Bandage Up"],"gold_per_floor":[112,127,227,247,121,152,152,186,256,281,300,22,22,40,40,144,144,164,164,182,202,1,27,27,57,57,57,73,100,111,33,33],"floor_reached":33,"campfire_rested":3,"playtime":2889,"current_hp_per_floor":[72,72,72,72,72,66,66,64,64,41,40,86,86,86,86,84,86,84,60,60,41,41,31,49,35,35,53,60,36,27,27,45],"items_purged":["Strike_R","Bite"],"gold":33,"score":384,"play_id":"002f1c77-bcee-4b3f-9d3c-11b918acf345","is_prod":false,"is_daily":false,"is_ascension_mode":true,"campfire_upgraded":3,"path_taken":["M","?","?","?","$","E","R","E","T","E","M","$","R","M","R","BOSS","M","?","M","M","$","E","R","E","T","R","?","E","M","$","R","BOSS"],"build_version":"2018-02-15-PROD1","purchased_purges":3,"victory":false,"master_deck":["Defend_R","Defend_R","Defend_R","Defend_R","Bash+1","Headbutt","Shrug It Off","Cleave","Flex+1","Dual Wield","Spot Weakness","Fire Breathing+1","Heavy Blade","Bite","Bite","Bite","Bite","Headbutt","Pommel Strike","Thunderclap","Pommel Strike","Flame Barrier","Uppercut+1","Warcry+1","Bandage Up"],"max_hp_per_floor":[72,72,72,72,72,72,72,72,72,79,79,86,86,86,86,86,86,86,60,60,60,60,60,60,60,60,60,60,60,60,60,60],"relics":["Burning Blood","Red Skull","Centennial Puzzle","Mummified Hand","The Courier","Strawberry","Lantern","Lee\u0027s Waffle","Sozu","Orichalcum","Blue Candle","Toolbox","Frozen Eye","Juzu Bracelet"],"card_choices":[{"not_picked":["Cleave","Anger"],"picked":"Headbutt"},{"not_picked":["Wild Strike","Searing Blow"],"picked":"Shrug It Off"},{"not_picked":["Intimidate","Clash"],"picked":"Cleave"},{"not_picked":["Second Wind","Anger"],"picked":"Dual Wield"},{"not_picked":["Wild Strike","True Grit"],"picked":"Spot Weakness"},{"not_picked":["Clothesline","Anger"],"picked":"Fire Breathing"},{"not_picked":["Perfected Strike","Shrug It Off"],"picked":"Heavy Blade"},{"not_picked":["Spot Weakness","Shrug It Off"],"picked":"Headbutt"},{"not_picked":["Heavy Blade","Thunderclap"],"picked":"Pommel Strike"},{"not_picked":["Iron Wave","Exhume"],"picked":"Thunderclap"},{"not_picked":["Uppercut","Warcry"],"picked":"Pommel Strike"},{"not_picked":["Iron Wave","Perfected Strike"],"picked":"Flame Barrier"},{"not_picked":["Hemokinesis","Sentinel"],"picked":"Uppercut"},{"not_picked":["Heavy Blade","True Grit"],"picked":"Warcry"}],"player_experience":163418,"potions_floor_usage":[6,11,11],"damage_taken":[{"damage":6,"enemies":"Cultist","floor":1,"turns":3},{"damage":4,"enemies":"Small Slimes","floor":2,"turns":3},{"damage":6,"enemies":"2 Louse","floor":4,"turns":3},{"damage":12,"enemies":"Gremlin Nob","floor":6,"turns":4},{"damage":8,"enemies":"3 Sentries","floor":8,"turns":5},{"damage":36,"enemies":"Lagavulin","floor":10,"turns":4},{"damage":7,"enemies":"Exordium Thugs","floor":11,"turns":3},{"damage":5,"enemies":"Large Slime","floor":14,"turns":5},{"damage":8,"enemies":"Slime Boss","floor":16,"turns":7},{"damage":8,"enemies":"3 Byrds","floor":18,"turns":4},{"damage":7,"enemies":"Chosen","floor":20,"turns":4},{"damage":35,"enemies":"Centurion and Healer","floor":21,"turns":5},{"damage":22,"enemies":"Book of Stabbing","floor":23,"turns":4},{"damage":26,"enemies":"Gremlin Leader","floor":25,"turns":4},{"damage":4,"enemies":"Snecko","floor":28,"turns":3},{"damage":32,"enemies":"Book of Stabbing","floor":29,"turns":6},{"damage":21,"enemies":"Sentry and Sphere","floor":30,"turns":4},{"damage":66,"enemies":"Champ","floor":33,"turns":8}],"event_choices":[{"event_name":"Golden Shrine","player_choice":"Pray","floor":3,"damage_taken":0},{"event_name":"Vampires","player_choice":"Became a vampire","floor":19,"damage_taken":0}],"boss_relics":[{"not_picked":["Eternal Feather","Ectoplasm"],"picked":"Sozu"}],"potions_floor_spawned":[2,6,10,11,16,23,28,30],"seed_played":"2095884372848820118","killed_by":"Champ","ascension_level":2,"is_trial":false}