{"path_per_floor":["M","?","M","?","M","R","?","M","T","$","E","R","M","M","R","B",null,"M","?","M","?","$","E","M","R","T","R","M","M","M","M","R","B",null,"M","M","?","M","M","R","E","R","T","?","$","?","M","$","R"],"character_chosen":"DEFECT","items_purchased":["Weak Potion","Bottled Lightning","Flash of Steel","Go for the Eyes","Force Field","All For One","Streamline"],"gold_per_floor":[110,110,121,71,89,89,164,175,201,75,110,110,128,148,148,248,248,263,263,275,275,27,58,75,75,75,75,92,106,120,131,131,230,260,272,285,285,300,319,319,352,352,375,375,48,48,62,17,17,17],"floor_reached":50,"campfire_rested":4,"playtime":3178,"current_hp_per_floor":[74,59,59,59,59,59,48,40,40,40,32,32,32,32,54,27,75,68,68,56,56,56,16,18,40,40,40,42,44,36,38,60,34,80,80,80,80,80,80,80,56,80,80,80,80,80,80,80,80,0],"items_purged":["Defend_B"],"gold":17,"score":521,"play_id":"e0ee7f8f-51aa-4041-b27d-f536ce5f1b5f","local_time":"20180501150847","is_prod":false,"is_daily":false,"chose_seed":false,"is_ascension_mode":false,"campfire_upgraded":5,"timestamp":1525180127,"path_taken":["M","?","M","?","M","R","?","M","T","$","E","R","?","M","R","BOSS","M","?","M","?","$","E","M","R","T","R","M","M","M","M","R","BOSS","M","M","?","M","M","R","E","R","T","?","$","?","?","$","R","BOSS"],"build_version":"2018-04-30","seed_source_timestamp":98403652259485,"purchased_purges":2,"victory":false,"master_deck":["Strike_B+1","Strike_B","Strike_B+1","Defend_B","Defend_B+1","Zap+1","Dualcast+1","Doom and Gloom","Lockon","Buffer+1","Darkness+1","Stack","Beam Cell+1","Seek+1","Rebound","Auto Shields","Machine Learning","Auto Shields+1","Stack","Tempest+1","Stack","Axe Kick+1","Amplify+1","Capacitor","Skim+1","Stack","Echo Form","White Noise","Flash of Steel","Go for the Eyes","Force Field","All For One","Rebound+1","Streamline"],"max_hp_per_floor":[75,75,75,75,75,75,75,75,75,75,75,75,75,75,75,75,75,75,75,75,75,75,75,75,75,75,75,75,75,75,75,75,75,80,80,80,80,80,80,80,80,80,80,80,80,80,80,80,80,80],"relics":["Cracked Core","Bag of Preparation","War Paint","Lantern","Nuclear Battery","Bottled Lightning","Blood Vial","Ancient Tea Set","Tiny House","Anchor","Orichalcum"],"card_choices":[{"not_picked":["Heatsinks","Streamline"],"picked":"Doom and Gloom","floor":3},{"not_picked":["Flux Capacitor","Doom and Gloom"],"picked":"Lockon","floor":5},{"not_picked":["Doom and Gloom","Blizzard"],"picked":"Buffer","floor":8},{"not_picked":["Sweeping Beam","White Noise"],"picked":"Darkness","floor":11},{"not_picked":["Hologram","Barrage"],"picked":"Stack","floor":13},{"not_picked":["Doom and Gloom","Rebound"],"picked":"Beam Cell","floor":14},{"not_picked":["Creative AI","Thunder Strike"],"picked":"Seek","floor":16},{"not_picked":["Hologram","Gash"],"picked":"Rebound","floor":18},{"not_picked":["FTL","Gash"],"picked":"Auto Shields","floor":20},{"not_picked":["Doom and Gloom","Axe Kick"],"picked":"Machine Learning","floor":23},{"not_picked":["Glacier","Barrage"],"picked":"Auto Shields","floor":24},{"not_picked":["Static Discharge","Cold Snap"],"picked":"Stack","floor":28},{"not_picked":["Cold Snap","Hologram"],"picked":"Tempest","floor":29},{"not_picked":["Skim","Glacier"],"picked":"Stack","floor":30},{"not_picked":["Rebound","Reinforced Body"],"picked":"Axe Kick","floor":31},{"not_picked":["Meteor Strike","Creative AI"],"picked":"Amplify","floor":33},{"not_picked":["Skim","Impulse"],"picked":"Capacitor","floor":34},{"not_picked":["Scrape","Capacitor"],"picked":"Skim","floor":35},{"not_picked":["Sunder","Rebound"],"picked":"Self Repair","floor":36},{"not_picked":["Ball Lightning","Impulse"],"picked":"Stack","floor":38},{"not_picked":["Impulse","Storm"],"picked":"Echo Form","floor":39},{"not_picked":["Go for the Eyes","Hologram"],"picked":"White Noise","floor":41},{"not_picked":["Axe Kick","Hologram"],"picked":"Rebound","floor":47}],"player_experience":23537,"potions_floor_usage":[11,23,23,33,33,39,41,50,50],"damage_taken":[{"damage":1,"enemies":"Jaw Worm","floor":1,"turns":3},{"damage":0,"enemies":"Small Slimes","floor":3,"turns":3},{"damage":0,"enemies":"2 Louse","floor":5,"turns":1},{"damage":8,"enemies":"2 Fungi Beasts","floor":8,"turns":3},{"damage":8,"enemies":"Lagavulin","floor":11,"turns":5},{"damage":0,"enemies":"Large Slime","floor":13,"turns":4},{"damage":0,"enemies":"Looter","floor":14,"turns":3},{"damage":27,"enemies":"Hexaghost","floor":16,"turns":9},{"damage":7,"enemies":"2 Thieves","floor":18,"turns":3},{"damage":12,"enemies":"Shell Parasite","floor":20,"turns":5},{"damage":40,"enemies":"Gremlin Leader","floor":23,"turns":8},{"damage":0,"enemies":"Cultist and Chosen","floor":24,"turns":4},{"damage":0,"enemies":"Chosen and Byrds","floor":28,"turns":5},{"damage":0,"enemies":"Centurion and Healer","floor":29,"turns":5},{"damage":10,"enemies":"Snake Plant","floor":30,"turns":3},{"damage":0,"enemies":"Cultist and Chosen","floor":31,"turns":4},{"damage":28,"enemies":"Champ","floor":33,"turns":12},{"damage":0,"enemies":"Orb Walker","floor":35,"turns":4},{"damage":0,"enemies":"Flame Bruiser 1 Orb","floor":36,"turns":6},{"damage":5,"enemies":"Sphere and 2 Shapes","floor":38,"turns":6},{"damage":0,"enemies":"Flame Bruiser 2 Orb","floor":39,"turns":9},{"damage":38,"enemies":"Giant Head","floor":41,"turns":10},{"damage":0,"enemies":"Spire Growth","floor":47,"turns":3},{"damage":82,"enemies":"Time Eater","floor":50,"turns":11}],"event_choices":[{"event_name":"Shining Light","player_choice":"Entered Light","floor":2,"damage_taken":0},{"event_name":"The Cleric","player_choice":"Card Removal","floor":4,"damage_taken":0},{"event_name":"World of Goop","player_choice":"Gather Gold","floor":7,"damage_taken":0},{"event_name":"Vampires","player_choice":"Ignored","floor":19,"damage_taken":0},{"event_name":"Back to Basics","player_choice":"Elegance","floor":21,"damage_taken":0},{"event_name":"Tomb of Lord Red Mask","player_choice":"Ignored","floor":37,"damage_taken":0},{"event_name":"Mysterious Sphere","player_choice":"Ignore","floor":44,"damage_taken":0}],"boss_relics":[{"not_picked":["Velvet Choker","Cursed Key"],"picked":"Nuclear Battery"},{"not_picked":["Eternal Feather","White Beast Statue"],"picked":"Tiny House"}],"potions_floor_spawned":[1,8,11,13,23,24,28,29,30,33,36,39,41],"seed_played":"5226445135437040808","killed_by":"Time Eater","ascension_level":0,"is_trial":false}