{"path_per_floor":["M","M","?","M","$","E","R","M","T","R","M","E","M","E","R","B",null,"M","?","$","M","$","R","M","E","T","M"],"character_chosen":"DEFECT","items_purchased":["Tiny Chest","Defragment","Meat on the Bone","Rip and Tear"],"gold_per_floor":[119,132,207,218,12,40,40,55,79,79,89,121,139,166,166,264,294,311,311,14,30,30,30,44,71,146,165,165],"floor_reached":28,"campfire_rested":2,"playtime":1034,"item_purchase_floors":[5,5,20,20],"current_hp_per_floor":[66,65,54,48,48,17,17,22,22,43,36,24,19,2,23,5,61,52,52,52,46,46,46,42,36,36,22,0],"items_purged":[],"gold":165,"score":351,"play_id":"0a5fa583-39f8-4f9e-913a-0c8b9e84b663","local_time":"20180604191620","is_prod":false,"is_daily":false,"chose_seed":false,"is_ascension_mode":true,"campfire_upgraded":2,"win_rate":0,"timestamp":1528154180,"campfire_choices":[{"data":"Zap","floor":7,"key":"SMITH"},{"floor":10,"key":"REST"},{"floor":15,"key":"REST"},{"data":"Dualcast","floor":23,"key":"SMITH"}],"path_taken":["M","M","?","M","$","E","R","M","T","R","?","E","M","E","R","BOSS","M","?","?","M","$","R","?","E","T","M","E"],"build_version":"2018-05-30v2","seed_source_timestamp":73769499124481,"purchased_purges":0,"victory":false,"master_deck":["Strike_B","Strike_B","Strike_B","Strike_B","Defend_B+1","Defend_B","Defend_B","Defend_B","Zap+1","Dualcast+1","Skim","Darkness","Leap","Defragment","FTL","Defragment","Go for the Eyes","Beam Cell","Cold Snap","Rainbow","Biased Cognition","Turbo","Self Repair","Rip and Tear","Lockon","Go for the Eyes+1","Defragment"],"max_hp_per_floor":[68,68,68,68,68,68,68,73,73,73,73,73,73,73,73,73,78,78,78,78,78,78,78,78,78,78,78,78],"relics":["Cracked Core","Turnip","Tiny Chest","Dream Catcher","Orichalcum","Blood Vial","Art of War","Tiny House","Meat on the Bone","Calipers","Pantograph"],"card_choices":[{"not_picked":["Scrape","Redo"],"picked":"Skim","floor":1},{"not_picked":["Compile Driver","Cold Snap"],"picked":"Darkness","floor":2},{"not_picked":["Cold Snap","Gash"],"picked":"Leap","floor":4},{"not_picked":["Gash","Reinforced Body"],"picked":"FTL","floor":6},{"not_picked":["Glacier","Force Field"],"picked":"Defragment","floor":8},{"not_picked":["Beam Cell","Compile Driver"],"picked":"Go for the Eyes","floor":11},{"not_picked":["Aggregate","Blizzard","Reinforced Body"],"picked":"SKIP","floor":12},{"not_picked":["Stack","Steam"],"picked":"Beam Cell","floor":13},{"not_picked":["Sweeping Beam","Hologram"],"picked":"Cold Snap","floor":14},{"not_picked":["Steam","Hologram"],"picked":"Rainbow","floor":15},{"not_picked":["Echo Form","Buffer"],"picked":"Biased Cognition","floor":16},{"not_picked":["Lockon","Sweeping Beam"],"picked":"Turbo","floor":17},{"not_picked":["Scrape","Turbo"],"picked":"Self Repair","floor":18},{"not_picked":["Hello World","Conserve Battery"],"picked":"Lockon","floor":21},{"not_picked":["Lockon","Conserve Battery+1","Fusion"],"picked":"SKIP","floor":24},{"not_picked":["Hello World+1","Streamline"],"picked":"Go for the Eyes+1","floor":25},{"not_picked":["Turbo","Steam"],"picked":"Defragment","floor":27}],"player_experience":285317,"potions_floor_usage":[8,8,14,16,25,25],"damage_taken":[{"damage":2,"enemies":"Jaw Worm","floor":1,"turns":3},{"damage":1,"enemies":"2 Louse","floor":2,"turns":3},{"damage":6,"enemies":"Cultist","floor":4,"turns":4},{"damage":31,"enemies":"Gremlin Nob","floor":6,"turns":5},{"damage":0,"enemies":"2 Fungi Beasts","floor":8,"turns":3},{"damage":7,"enemies":"Blue Slaver","floor":11,"turns":4},{"damage":12,"enemies":"3 Sentries","floor":12,"turns":5},{"damage":7,"enemies":"3 Louse","floor":13,"turns":3},{"damage":33,"enemies":"Gremlin Nob","floor":14,"turns":5},{"damage":20,"enemies":"The Guardian","floor":16,"turns":9},{"damage":11,"enemies":"Spheric Guardian","floor":18,"turns":4},{"damage":27,"enemies":"2 Thieves","floor":21,"turns":4},{"damage":25,"enemies":"Snake Plant","floor":24,"turns":4},{"damage":27,"enemies":"Slavers","floor":25,"turns":6},{"damage":35,"enemies":"Cultist and Chosen","floor":27,"turns":8},{"damage":28,"enemies":"Book of Stabbing","floor":28,"turns":4}],"relics_obtained":[{"floor":6,"key":"Dream Catcher"},{"floor":9,"key":"Orichalcum"},{"floor":12,"key":"Blood Vial"},{"floor":14,"key":"Art of War"},{"floor":25,"key":"Calipers"},{"floor":26,"key":"Pantograph"}],"event_choices":[{"event_name":"World of Goop","player_choice":"Gather Gold","floor":3,"damage_taken":0},{"event_name":"Ghosts","player_choice":"Ignored","floor":19,"damage_taken":0}],"boss_relics":[{"not_picked":["Sozu","White Beast Statue"],"picked":"Tiny House"}],"items_purged_floors":[],"potions_floor_spawned":[1,6,13,14,21],"seed_played":"-8551493652543602768","killed_by":"Book of Stabbing","ascension_level":7,"potions_obtained":[{"floor":1,"key":"Fruit Juice"},{"floor":6,"key":"Block Potion"},{"floor":13,"key":"Regen Potion"},{"floor":14,"key":"Poison Potion"},{"floor":17,"key":"Weak Potion"},{"floor":21,"key":"SteroidPotion"}],"is_trial":false}