{"gold_per_floor":[115,129,139,139,155,181,181,213,213,52,67,83,103,132,132,132],"floor_reached":16,"playtime":1092,"items_purged":["Strike_B"],"score":192,"play_id":"d320c331-f4b2-4bb2-8495-6a1435b274de","local_time":"20181227115240","is_ascension_mode":true,"campfire_choices":[{"floor":7,"key":"REST"},{"floor":15,"key":"REST"}],"neow_cost":"NONE","seed_source_timestamp":655824996901244,"circlet_count":0,"master_deck":["AscendersBane","Strike_B","Strike_B","Strike_B","Defend_B","Defend_B","Defend_B","Defend_B","Zap","Dualcast","Loop","Hello World","Steam","Sweeping Beam","Loop","Bandage Up","Self Repair","Cold Snap"],"relics":["Cracked Core","WingedGreaves","Bag of Marbles","Singing Bowl","Regal Pillow"],"potions_floor_usage":[8,8,14],"damage_taken":[{"damage":4,"enemies":"2 Louse","floor":1,"turns":3},{"damage":1,"enemies":"Cultist","floor":2,"turns":4},{"damage":2,"enemies":"Jaw Worm","floor":3,"turns":4},{"damage":11,"enemies":"Red Slaver","floor":5,"turns":5},{"damage":24,"enemies":"Gremlin Nob","floor":6,"turns":4},{"damage":9,"enemies":"Lagavulin","floor":8,"turns":7},{"damage":15,"enemies":"2 Fungi Beasts","floor":11,"turns":4},{"damage":1,"enemies":"Exordium Wildlife","floor":12,"turns":3},{"damage":16,"enemies":"Looter","floor":13,"turns":5},{"damage":48,"enemies":"Gremlin Nob","floor":14,"turns":6},{"damage":58,"enemies":"Hexaghost","floor":16,"turns":16}],"seed_played":"3009593413045045063","potions_obtained":[{"floor":1,"key":"FearPotion"},{"floor":5,"key":"SkillPotion"},{"floor":6,"key":"PowerPotion"},{"floor":12,"key":"SpeedPotion"}],"is_trial":false,"path_per_floor":["M","M","M","?","M","E","R","E","T","$","M","M","M","E","R","B"],"character_chosen":"DEFECT","items_purchased":["Bandage Up"],"campfire_rested":2,"item_purchase_floors":[10],"current_hp_per_floor":[71,70,68,68,57,33,57,50,50,50,39,51,46,11,52,0],"gold":132,"neow_bonus":"TEN_PERCENT_HP_BONUS","is_prod":false,"is_daily":false,"chose_seed":false,"campfire_upgraded":0,"win_rate":0,"timestamp":1545933160,"path_taken":["M","M","M","?","M","E","R","E","T","$","M","M","?","E","R","BOSS"],"build_version":"2018-12-20","purchased_purges":1,"victory":false,"max_hp_per_floor":[82,82,82,82,82,82,82,84,84,84,84,86,86,88,88,88],"card_choices":[{"not_picked":["Turbo","Go for the Eyes"],"picked":"Loop","floor":1},{"not_picked":["FTL","Sweeping Beam"],"picked":"Hello World","floor":2},{"not_picked":["Capacitor","Sweeping Beam"],"picked":"Steam","floor":3},{"not_picked":["Steam","Rainbow"],"picked":"Sweeping Beam","floor":5},{"not_picked":["Darkness","Double Energy"],"picked":"Loop","floor":6},{"not_picked":["Steam Power","Lockon","Tempest"],"picked":"Singing Bowl","floor":8},{"not_picked":["White Noise","Ball Lightning"],"picked":"Self Repair","floor":11},{"not_picked":["Go for the Eyes","Static Discharge","Barrage"],"picked":"Singing Bowl","floor":12},{"not_picked":["Capacitor","Self Repair"],"picked":"Cold Snap","floor":13},{"not_picked":["Compile Driver","Fusion","Steam"],"picked":"Singing Bowl","floor":14}],"player_experience":302582,"relics_obtained":[{"floor":6,"key":"Bag of Marbles"},{"floor":8,"key":"Singing Bowl"},{"floor":14,"key":"Regal Pillow"}],"event_choices":[{"damage_healed":0,"gold_gain":0,"player_choice":"Gave Potion","damage_taken":0,"relics_obtained":["WingedGreaves"],"max_hp_gain":0,"max_hp_loss":0,"event_name":"WeMeetAgain","floor":4,"gold_loss":0}],"is_beta":false,"boss_relics":[],"items_purged_floors":[10],"is_endless":false,"potions_floor_spawned":[1,5,6,12],"killed_by":"Hexaghost","ascension_level":11}