{"path_per_floor":["M","$","$","T","$","R","E","M","T","E","?","M","R","E","R","B",null,"M","?","M","?","$","R","E","R","T","M","E","R","?","E","R","B",null,"M","?","?","M","M","R","E","M","T","M","R","M","R","?","R","B"],"character_chosen":"THE_SILENT","items_purchased":["Dodge and Roll","Regal Pillow","Poisoned Stab","Paper Crane","Noxious Fumes"],"gold_per_floor":[361,361,182,206,157,157,189,206,206,240,240,256,256,286,286,389,389,409,409,425,340,16,16,51,51,102,117,152,152,77,110,110,207,207,217,268,268,280,293,293,321,331,331,346,346,365,365,365,365,365],"floor_reached":51,"campfire_rested":5,"playtime":5294,"current_hp_per_floor":[70,70,70,70,70,70,53,55,55,41,41,43,70,56,56,5,54,38,38,36,36,36,70,56,56,56,61,32,68,68,30,66,21,58,56,14,38,17,4,53,61,76,76,51,65,46,60,60,74,54],"items_purged":[],"gold":365,"score":737,"play_id":"1a20e9b5-e0f9-447b-b486-55bc4dea2642","is_prod":false,"is_daily":false,"is_ascension_mode":true,"campfire_upgraded":6,"path_taken":["M","?","$","?","$","R","E","M","T","E","?","M","R","E","R","BOSS","M","?","M","?","$","R","E","R","T","M","E","R","?","E","R","BOSS","M","?","?","M","M","R","E","M","T","M","R","M","R","?","R","BOSS"],"build_version":"2018-02-22-PROD2","purchased_purges":0,"victory":true,"master_deck":["Defend_G","Defend_G","Defend_G","Defend_G","Survivor","Neutralize+1","Clumsy","Dodge and Roll","Poisoned Stab","Adrenaline","Poisoned Stab","Infinite Blades","Neutralize","Cloak And Dagger","Crippling Poison+1","Tools of the Trade","Concentrate","Bite","Bite","Bite","Bite","Bite","Quick Slash","Noxious Fumes+1","Well Laid Plans","Dodge and Roll+1","Corpse Explosion","Noxious Fumes+1","Writhe","Slice+1","Footwork+1","Acrobatics+1","Cloak And Dagger+1","Footwork+1","Terror+1"],"max_hp_per_floor":[70,70,70,70,70,70,70,70,70,70,70,70,70,70,70,70,70,70,70,70,70,70,70,70,70,70,70,70,70,70,70,70,70,70,70,70,76,76,76,76,76,76,76,76,76,76,76,76,76,76],"relics":["Ring of the Snake","Regal Pillow","Anchor","Ice Cream","Frozen Eye","Blue Candle","The Specimen","Darkstone Periapt","Paper Crane","Prayer Wheel","Vajra","Calipers","Toolbox","Eternal Feather","Thread and Needle","Omamori","Unceasing Top"],"card_choices":[{"not_picked":["Sucker Punch","Slice"],"picked":"Poisoned Stab"},{"not_picked":["Prepared","Finisher"],"picked":"Adrenaline"},{"not_picked":["Underhanded Strike","Deadly Poison"],"picked":"Poisoned Stab"},{"not_picked":["Riddle With Holes","Calculated Gamble"],"picked":"Infinite Blades"},{"not_picked":["All Out Attack","Leg Sweep"],"picked":"Cloak And Dagger"},{"not_picked":["Tools of the Trade","Cloak And Dagger"],"picked":"Crippling Poison"},{"not_picked":["Storm of Steel","Corpse Explosion"],"picked":"Tools of the Trade"},{"not_picked":["Quick Slash","Masterful Stab"],"picked":"Concentrate"},{"not_picked":["Reflex","PiercingWail"],"picked":"Quick Slash"},{"not_picked":["Predator","Phantasmal Killer"],"picked":"Well Laid Plans"},{"not_picked":["Bane","Poisoned Stab"],"picked":"Dodge and Roll"},{"not_picked":["Phantasmal Killer","Burst"],"picked":"Corpse Explosion"},{"not_picked":["Poisoned Stab","Dagger Spray"],"picked":"Noxious Fumes"},{"not_picked":["Leg Sweep","Crippling Poison"],"picked":"Slice"},{"not_picked":["Sucker Punch","Poisoned Stab"],"picked":"Footwork"},{"not_picked":["Choke","Sucker Punch"],"picked":"Acrobatics"},{"not_picked":["Poisoned Stab","Deadly Poison"],"picked":"Cloak And Dagger"},{"not_picked":["Underhanded Strike","Skewer"],"picked":"Footwork"},{"not_picked":["Malaise","Underhanded Strike"],"picked":"Terror"}],"player_experience":185150,"potions_floor_usage":[14,16,24,28,28,38,50,50,50],"damage_taken":[{"damage":0,"enemies":"Cultist","floor":1,"turns":4},{"damage":17,"enemies":"Lagavulin","floor":7,"turns":8},{"damage":0,"enemies":"Small Slimes","floor":8,"turns":3},{"damage":16,"enemies":"3 Sentries","floor":10,"turns":10},{"damage":0,"enemies":"Jaw Worm","floor":12,"turns":4},{"damage":14,"enemies":"Gremlin Nob","floor":14,"turns":5},{"damage":53,"enemies":"Slime Boss","floor":16,"turns":12},{"damage":18,"enemies":"Spheric Guardian","floor":18,"turns":4},{"damage":12,"enemies":"Shell Parasite","floor":20,"turns":6},{"damage":20,"enemies":"Book of Stabbing","floor":24,"turns":6},{"damage":9,"enemies":"Centurion and Healer","floor":27,"turns":7},{"damage":39,"enemies":"Slavers","floor":28,"turns":7},{"damage":44,"enemies":"Book of Stabbing","floor":31,"turns":7},{"damage":73,"enemies":"Collector","floor":33,"turns":10},{"damage":8,"enemies":"Orb Walker","floor":35,"turns":3},{"damage":48,"enemies":"Mysterious Sphere","floor":36,"turns":7},{"damage":31,"enemies":"3 Darklings","floor":38,"turns":6},{"damage":17,"enemies":"4 Shapes","floor":39,"turns":5},{"damage":6,"enemies":"Nemesis","floor":41,"turns":9},{"damage":0,"enemies":"Maw","floor":42,"turns":9},{"damage":29,"enemies":"3 Darklings","floor":44,"turns":5},{"damage":27,"enemies":"Sphere and 2 Shapes","floor":46,"turns":7},{"damage":51,"enemies":"Donu and Deca","floor":50,"turns":10}],"event_choices":[{"event_name":"Match and Keep!","player_choice":"1 cards matched","floor":11,"damage_taken":0},{"event_name":"Vampires","player_choice":"Became a vampire (Vial)","floor":19,"damage_taken":0},{"event_name":"Addict","player_choice":"Obtained Relic","floor":21,"damage_taken":0},{"event_name":"Beggar","player_choice":"Gave Gold","floor":30,"damage_taken":0},{"event_name":"Mysterious Sphere","player_choice":"Fight","floor":36,"damage_taken":0},{"event_name":"Winding Halls","player_choice":"Writhe","floor":37,"damage_taken":0}],"boss_relics":[{"not_picked":["Tiny House","Runic Pyramid"],"picked":"The Specimen"},{"not_picked":["White Beast Statue","Astrolabe"],"picked":"Eternal Feather"}],"potions_floor_spawned":[10,12,16,24,27,33,35,44,46],"seed_played":"-4610895173741110484","ascension_level":5,"is_trial":false}