{"gold_per_floor":[110,110,123,138,152,187,187,187,187,203,203,161,175,191,191,296,296,307,321,22,35,55,55,55,0,0,18,18,34,52,75,75,75],"floor_reached":33,"playtime":1572,"items_purged":[],"score":278,"play_id":"822abcfc-4994-4fb9-b83b-578d8cc9335e","local_time":"20180906165336","is_ascension_mode":false,"campfire_choices":[{"floor":7,"key":"REST"},{"data":"Defragment","floor":11,"key":"SMITH"},{"floor":15,"key":"REST"},{"floor":23,"key":"REST"},{"floor":32,"key":"REST"}],"neow_cost":"NONE","seed_source_timestamp":26417191288724,"circlet_count":0,"master_deck":["Strike_B","Strike_B+1","Strike_B","Strike_B","Defend_B","Defend_B","Defend_B","Defend_B","Zap+1","Dualcast","Beam Cell","Ball Lightning","Steam","Defragment+1","Regret","Ball Lightning+1","White Noise","Static Discharge","Hello World","Storm","Storm","Capacitor","Storm","White Noise"],"relics":["Cracked Core","Singing Bowl","Orichalcum","Ice Cream","The Courier","Eternal Feather","Frozen Egg 2","Matryoshka","Whetstone","Centennial Puzzle","Juzu Bracelet","Regal Pillow"],"potions_floor_usage":[16,16,22,27,29,30],"damage_taken":[{"damage":8,"enemies":"Small Slimes","floor":1,"turns":3},{"damage":1,"enemies":"Jaw Worm","floor":3,"turns":3},{"damage":0,"enemies":"2 Louse","floor":4,"turns":1},{"damage":2,"enemies":"Red Slaver","floor":5,"turns":2},{"damage":25,"enemies":"Lagavulin","floor":6,"turns":4},{"damage":23,"enemies":"Gremlin Gang","floor":10,"turns":4},{"damage":11,"enemies":"Exordium Thugs","floor":13,"turns":3},{"damage":0,"enemies":"Looter","floor":14,"turns":3},{"damage":39,"enemies":"The Guardian","floor":16,"turns":7},{"damage":31,"enemies":"2 Thieves","floor":18,"turns":4},{"damage":11,"enemies":"3 Byrds","floor":19,"turns":4},{"damage":15,"enemies":"Snake Plant","floor":21,"turns":2},{"damage":21,"enemies":"Chosen and Byrds","floor":22,"turns":5},{"damage":15,"enemies":"3 Cultists","floor":27,"turns":4},{"damage":25,"enemies":"Snake Plant","floor":29,"turns":3},{"damage":20,"enemies":"Cultist and Chosen","floor":30,"turns":5},{"damage":77,"enemies":"Automaton","floor":33,"turns":8}],"seed_played":"7927958722169477153","potions_obtained":[{"floor":3,"key":"Strength Potion"},{"floor":6,"key":"FearPotion"},{"floor":13,"key":"Dexterity Potion"},{"floor":22,"key":"FearPotion"},{"floor":27,"key":"Block Potion"},{"floor":29,"key":"Regen Potion"}],"is_trial":false,"path_per_floor":["M","?","M","M","M","E","R","?","T","M","R","$","M","M","R","B",null,"M","M","$","M","M","R","T","?","T","M","T","M","M","T","R"],"character_chosen":"DEFECT","items_purchased":["Ball Lightning","Static Discharge","Hello World","Storm","Storm","Capacitor"],"campfire_rested":4,"item_purchase_floors":[12,20,20,20,20,20],"current_hp_per_floor":[67,64,63,63,63,38,61,61,61,40,40,40,31,31,55,18,83,54,45,45,32,11,49,49,49,49,34,34,18,14,14,68,0],"gold":75,"neow_bonus":"UPGRADE_CARD","is_prod":false,"is_daily":false,"chose_seed":false,"campfire_upgraded":1,"win_rate":0.0,"timestamp":1536249216,"path_taken":["M","?","M","M","M","E","R","?","T","?","R","$","M","?","R","BOSS","M","M","$","M","?","R","?","?","T","?","?","M","M","?","R","BOSS"],"build_version":"2018-08-30","purchased_purges":0,"victory":false,"max_hp_per_floor":[75,75,75,75,77,77,77,77,77,79,79,79,81,81,81,83,83,85,87,87,89,89,89,89,89,89,89,89,91,93,93,93,93],"card_choices":[{"not_picked":["Sweeping Beam","BootSequence"],"picked":"Beam Cell","floor":1},{"not_picked":["Skim","Leap"],"picked":"Ball Lightning","floor":3},{"not_picked":["Coolheaded","Tempest"],"picked":"Steam","floor":4},{"not_picked":["Stack","Double Energy","Leap"],"picked":"Singing Bowl","floor":5},{"not_picked":["Multi-Cast","Lockon"],"picked":"Defragment","floor":6},{"not_picked":["Beam Cell","Coolheaded","Glacier"],"picked":"Singing Bowl","floor":10},{"not_picked":["Conserve Battery","Leap","Compile Driver"],"picked":"Singing Bowl","floor":13},{"not_picked":["Barrage","Doom and Gloom"],"picked":"White Noise","floor":14},{"not_picked":["Fission","Seek","Meteor Strike"],"picked":"Singing Bowl","floor":16},{"not_picked":["Reinforced Body+1","Sweeping Beam+1","Darkness"],"picked":"Singing Bowl","floor":18},{"not_picked":["Reprogram+1","Rip and Tear+1","Compile Driver+1"],"picked":"Singing Bowl","floor":19},{"not_picked":["Glacier+1","Skim","Conserve Battery"],"picked":"Singing Bowl","floor":21},{"not_picked":["Static Discharge","Hologram"],"picked":"Storm","floor":22},{"not_picked":["Undo+1","Leap"],"picked":"White Noise","floor":27},{"not_picked":["Cold Snap","Meteor Strike","Fusion"],"picked":"Singing Bowl","floor":29},{"not_picked":["Barrage","Streamline","Rebound"],"picked":"Singing Bowl","floor":30}],"player_experience":129698,"relics_obtained":[{"floor":6,"key":"Orichalcum"},{"floor":9,"key":"The Courier"},{"floor":24,"key":"Frozen Egg 2"},{"floor":26,"key":"Matryoshka"},{"floor":28,"key":"Whetstone"},{"floor":28,"key":"Centennial Puzzle"},{"floor":31,"key":"Juzu Bracelet"},{"floor":31,"key":"Regal Pillow"}],"event_choices":[{"event_name":"Scrap Ooze","player_choice":"success","floor":2,"damage_taken":3},{"event_name":"Big Fish","player_choice":"Box","floor":8,"damage_taken":0},{"event_name":"Masked Bandits","player_choice":"Paid Fearfully","floor":25,"damage_taken":0}],"is_beta":false,"boss_relics":[{"not_picked":["Black Star","Ectoplasm"],"picked":"Eternal Feather"}],"items_purged_floors":[],"is_endless":false,"potions_floor_spawned":[3,6,13,22,27,29],"killed_by":"Automaton","ascension_level":0}