{"gold_per_floor":[114,129,144,69,69,84,99,99,99,114,114,129,129,159,159,259,259,259],"floor_reached":18,"playtime":1262,"items_purged":["Strike_G"],"score":237,"play_id":"81a7873c-6a4c-4a4c-b12b-e3f2c117e43e","local_time":"20181018223648","daily_mods":["Allstar","Uncertain Future","Terminal"],"is_ascension_mode":false,"campfire_choices":[{"data":"Neutralize","floor":11,"key":"SMITH"},{"data":"Blade Dance","floor":13,"key":"SMITH"},{"data":"Thinking Ahead","floor":15,"key":"SMITH"}],"neow_cost":"","seed_source_timestamp":0,"circlet_count":0,"master_deck":["Defend_G","Defend_G","Defend_G","Defend_G","Strike_G","Strike_G","Strike_G","Strike_G","Survivor","Neutralize+1","Madness","Forethought","Purity","Thinking Ahead+1","Discovery","Prepared","Dagger Spray","Heel Hook","Footwork","Blade Dance+1","Masterful Stab","Phantasmal Killer"],"special_seed":17823,"relics":["Ring of the Snake","Kunai","Strawberry","Odd Mushroom","Bag of Preparation","Busted Crown"],"potions_floor_usage":[7,12,14,16,18],"damage_taken":[{"damage":0,"enemies":"2 Louse","floor":1,"turns":3},{"damage":0,"enemies":"Small Slimes","floor":2,"turns":6},{"damage":0,"enemies":"Cultist","floor":3,"turns":5},{"damage":0,"enemies":"3 Louse","floor":6,"turns":4},{"damage":0,"enemies":"Large Slime","floor":7,"turns":7},{"damage":0,"enemies":"Exordium Thugs","floor":10,"turns":4},{"damage":6,"enemies":"The Mushroom Lair","floor":12,"turns":5},{"damage":0,"enemies":"Lagavulin","floor":14,"turns":7},{"damage":0,"enemies":"Slime Boss","floor":16,"turns":17},{"damage":0,"enemies":"Spheric Guardian","floor":18,"turns":3}],"seed_played":"-7407834617241982638","potions_obtained":[{"floor":1,"key":"AttackPotion"},{"floor":6,"key":"Weak Potion"},{"floor":7,"key":"PowerPotion"},{"floor":12,"key":"GamblersBrew"},{"floor":14,"key":"PowerPotion"}],"is_trial":false,"path_per_floor":["M","M","M","$","?","M","M","?","T","M","R","?","R","E","R","B",null],"character_chosen":"THE_SILENT","items_purchased":[],"campfire_rested":0,"item_purchase_floors":[],"current_hp_per_floor":[68,67,66,65,62,62,62,61,67,66,65,59,59,59,59,59,59,59],"gold":259,"neow_bonus":"","is_prod":false,"is_daily":true,"chose_seed":false,"campfire_upgraded":3,"win_rate":0,"timestamp":1539916608,"path_taken":["M","M","M","$","?","M","M","?","T","M","R","?","R","E","R","BOSS","M"],"build_version":"2018-10-18","purchased_purges":1,"victory":false,"max_hp_per_floor":[68,67,66,65,64,63,62,61,67,66,65,64,63,62,61,60,59,59],"card_choices":[{"not_picked":["Backflip","Flechettes"],"picked":"Prepared","floor":1},{"not_picked":["Sucker Punch","Dagger Throw"],"picked":"Dagger Spray","floor":2},{"not_picked":["Deflect","Deadly Poison","Riddle With Holes"],"picked":"SKIP","floor":3},{"not_picked":["Dagger Spray","Acrobatics","Quick Slash"],"picked":"SKIP","floor":6},{"not_picked":["Dagger Spray","Endless Agony"],"picked":"Heel Hook","floor":7},{"not_picked":["Burst","Bane"],"picked":"Footwork","floor":10},{"not_picked":["Crippling Poison","Backflip"],"picked":"Blade Dance","floor":12},{"not_picked":["Storm of Steel","After Image"],"picked":"Masterful Stab","floor":14},{"not_picked":["Die Die Die","Doppelganger"],"picked":"Phantasmal Killer","floor":16}],"player_experience":17475,"relics_obtained":[{"floor":9,"key":"Strawberry"},{"floor":12,"key":"Odd Mushroom"},{"floor":14,"key":"Bag of Preparation"}],"event_choices":[{"damage_healed":0,"gold_gain":0,"player_choice":"Success","damage_taken":3,"relics_obtained":["Kunai"],"max_hp_gain":0,"max_hp_loss":0,"event_name":"Scrap Ooze","floor":5,"gold_loss":0},{"cards_removed":["Defend_G"],"damage_healed":0,"gold_gain":0,"player_choice":"Forget","damage_taken":0,"max_hp_gain":0,"max_hp_loss":0,"event_name":"Living Wall","floor":8,"gold_loss":0},{"damage_healed":0,"gold_gain":0,"player_choice":"Fought Mushrooms","damage_taken":0,"max_hp_gain":0,"max_hp_loss":0,"event_name":"Mushrooms","floor":12,"gold_loss":0}],"is_beta":true,"boss_relics":[{"not_picked":["Pandora\u0027s Box","Eternal Feather"],"picked":"Busted Crown"}],"items_purged_floors":[4],"is_endless":false,"potions_floor_spawned":[1,6,7,12,14],"killed_by":"Spheric Guardian","ascension_level":0}