{"path_per_floor":["M","?","M","M","M","R","E","R","T","R","E","M","M","E","R","B",null,"M","M","M","?","M","E","R","?","T","T","$","?","R","M","R","B",null,"M","?","?","?","M","E","R"],"character_chosen":"THE_SILENT","items_purchased":["Panache","Pen Nib","Snake Skull"],"gold_per_floor":[111,286,297,308,318,318,343,343,343,343,377,392,406,441,441,544,544,555,566,582,582,598,624,624,624,624,624,53,53,53,67,67,170,170,181,0,48,48,67,94,94],"floor_reached":42,"campfire_rested":3,"playtime":2935,"current_hp_per_floor":[70,70,61,61,58,58,47,47,47,47,44,56,56,48,48,23,70,49,49,43,43,19,5,26,13,13,13,13,13,35,34,34,25,75,47,47,27,27,27,3,25],"items_purged":["Strike_G"],"gold":94,"score":458,"play_id":"d2dee10e-3c70-4976-943d-b9afc45c0ef3","is_prod":false,"is_daily":false,"is_ascension_mode":true,"campfire_upgraded":4,"path_taken":["M","?","M","?","M","R","E","R","T","R","E","M","M","E","R","BOSS","M","?","?","?","M","E","R","?","T","?","$","?","R","M","R","BOSS","M","?","?","?","M","E","R","M"],"build_version":"2018-02-15-PROD1","purchased_purges":1,"victory":false,"master_deck":["Defend_G","Defend_G","Defend_G","Strike_G","Strike_G+1","Survivor","Neutralize+1","Leg Sweep","Slice+1","Sucker Punch","Noxious Fumes+1","Tools of the Trade","PiercingWail+1","Bane+1","Outmaneuver+1","Phantasmal Killer+1","Prepared+1","Backflip+1","Deadly Poison+1","Heel Hook","Backstab","Panache+1","Dagger Throw+1","Adrenaline+1","Glass Knife+1","Masterful Stab+1","Reflex+1","Flying Knee+1","Poisoned Stab+1","Backstab","A Thousand Cuts"],"max_hp_per_floor":[70,70,70,70,70,70,70,70,70,70,70,70,70,70,70,70,70,70,70,70,70,70,70,70,75,75,75,75,75,75,75,75,75,75,75,75,75,75,75,75,75],"relics":["Ring of the Snake","Peace Pipe","Whetstone","Toxic Egg 2","Happy Flower","The Specimen","Toolbox","Bag of Preparation","Thread and Needle","Pen Nib","Snake Skull","Astrolabe","Red Mask","Gambling Chip","Shovel"],"card_choices":[{"not_picked":["Eviscerate","Blur"],"picked":"Leg Sweep"},{"not_picked":["Backflip","All Out Attack"],"picked":"Slice"},{"not_picked":["Cloak And Dagger","Poisoned Stab"],"picked":"Sucker Punch"},{"not_picked":["Masterful Stab","Dodge and Roll"],"picked":"Noxious Fumes"},{"not_picked":["Slice","Accuracy"],"picked":"Tools of the Trade"},{"not_picked":["Dagger Throw","Prepared"],"picked":"PiercingWail"},{"not_picked":["Caltrops","Well Laid Plans"],"picked":"Bane"},{"not_picked":["Flechettes","Poisoned Stab"],"picked":"Outmaneuver"},{"not_picked":["Poisoned Stab","Well Laid Plans"],"picked":"Deadly Poison"},{"not_picked":["Envenom","Glass Knife"],"picked":"Phantasmal Killer"},{"not_picked":["Predator","Bane"],"picked":"Prepared"},{"not_picked":["Finisher","Riddle With Holes"],"picked":"Backflip"},{"not_picked":["Dash","Reflex"],"picked":"Deadly Poison"},{"not_picked":["Bane","All Out Attack"],"picked":"Heel Hook"},{"not_picked":["Outmaneuver","Quick Slash"],"picked":"Backstab"},{"not_picked":["After Image","Predator"],"picked":"Dagger Throw"},{"not_picked":["Venomology","After Image"],"picked":"Adrenaline"},{"not_picked":["Prepared","Choke"],"picked":"Flying Knee"},{"not_picked":["Masterful Stab","Flying Knee"],"picked":"Poisoned Stab"},{"not_picked":["Underhanded Strike","Cloak And Dagger"],"picked":"Backstab"},{"not_picked":["Dash","Backflip"],"picked":"A Thousand Cuts"}],"player_experience":120462,"potions_floor_usage":[5,7,12,20,23,33,37,40],"damage_taken":[{"damage":0,"enemies":"2 Louse","floor":1,"turns":2},{"damage":9,"enemies":"Jaw Worm","floor":3,"turns":6},{"damage":0,"enemies":"Cultist","floor":4,"turns":5},{"damage":3,"enemies":"Gremlin Gang","floor":5,"turns":2},{"damage":11,"enemies":"3 Sentries","floor":7,"turns":6},{"damage":3,"enemies":"Lagavulin","floor":11,"turns":7},{"damage":0,"enemies":"Exordium Wildlife","floor":12,"turns":5},{"damage":0,"enemies":"Large Slime","floor":13,"turns":7},{"damage":8,"enemies":"3 Sentries","floor":14,"turns":6},{"damage":25,"enemies":"Hexaghost","floor":16,"turns":9},{"damage":21,"enemies":"2 Thieves","floor":18,"turns":4},{"damage":0,"enemies":"Chosen","floor":19,"turns":5},{"damage":6,"enemies":"3 Cultists","floor":20,"turns":5},{"damage":24,"enemies":"Chosen and Byrds","floor":22,"turns":6},{"damage":14,"enemies":"Book of Stabbing","floor":23,"turns":6},{"damage":1,"enemies":"Snake Plant","floor":31,"turns":3},{"damage":9,"enemies":"Collector","floor":33,"turns":7},{"damage":28,"enemies":"3 Shapes","floor":35,"turns":4},{"damage":20,"enemies":"Mysterious Sphere","floor":37,"turns":5},{"damage":0,"enemies":"3 Darklings","floor":39,"turns":4},{"damage":24,"enemies":"Giant Head","floor":40,"turns":7},{"damage":27,"enemies":"Sphere and 2 Shapes","floor":42,"turns":2}],"event_choices":[{"event_name":"Liars Game","player_choice":"agreed","floor":2,"damage_taken":0},{"event_name":"Back to Basics","player_choice":"Elegance","floor":21,"damage_taken":0},{"event_name":"Forgotten Altar","player_choice":"Shed Blood","floor":25,"damage_taken":0},{"event_name":"Beggar","player_choice":"Ignored","floor":29,"damage_taken":0},{"event_name":"Tomb of Lord Red Mask","player_choice":"Paid","floor":36,"damage_taken":0},{"event_name":"Mysterious Sphere","player_choice":"Fight","floor":37,"damage_taken":0}],"boss_relics":[{"not_picked":["Orrery","Question Card"],"picked":"The Specimen"},{"not_picked":["Runic Dome","Philosopher\u0027s Stone"],"picked":"Astrolabe"}],"potions_floor_spawned":[1,3,4,7,18,31,35,39],"seed_played":"8838203731609744201","killed_by":"Sphere and 2 Shapes","ascension_level":2,"is_trial":false}