{"gold_per_floor":[115,115,128,46,59,59,86,102,102,102,113,113,130,130],"floor_reached":14,"playtime":576,"items_purged":[],"score":119,"play_id":"183f2fa8-314a-47ec-aecd-6db22d455713","local_time":"20180917011745","is_ascension_mode":true,"campfire_choices":[{"data":"Loop","floor":6,"key":"SMITH"},{"floor":10,"key":"REST"}],"neow_cost":"NONE","seed_source_timestamp":131595363178052,"circlet_count":0,"master_deck":["Strike_B","Strike_B","Strike_B","Strike_B","Defend_B","Defend_B","Defend_B","Defend_B","Zap","Dualcast","Reboot","Doom and Gloom","Defragment","Loop+1","Static Discharge","Beam Cell+1"],"relics":["Cracked Core","Odd Mushroom","Molten Egg 2"],"potions_floor_usage":[14,14],"damage_taken":[{"damage":6,"enemies":"Jaw Worm","floor":1,"turns":4},{"damage":0,"enemies":"2 Louse","floor":3,"turns":2},{"damage":1,"enemies":"Cultist","floor":5,"turns":3},{"damage":21,"enemies":"The Mushroom Lair","floor":7,"turns":4},{"damage":9,"enemies":"2 Fungi Beasts","floor":8,"turns":3},{"damage":32,"enemies":"Exordium Thugs","floor":11,"turns":4},{"damage":23,"enemies":"3 Louse","floor":13,"turns":2},{"damage":8,"enemies":"Large Slime","floor":14,"turns":2}],"seed_played":"8664656856676357336","potions_obtained":[{"floor":3,"key":"FearPotion"},{"floor":7,"key":"Weak Potion"}],"is_trial":false,"path_per_floor":["M","?","M","$","M","R","?","M","T","R","M","?","M"],"character_chosen":"DEFECT","items_purchased":["Defragment"],"campfire_rested":1,"item_purchase_floors":[4],"current_hp_per_floor":[62,67,67,67,66,66,45,36,36,60,28,28,5,0],"gold":130,"neow_bonus":"ONE_RANDOM_RARE_CARD","is_prod":false,"is_daily":false,"chose_seed":false,"campfire_upgraded":1,"win_rate":0,"timestamp":1537139865,"path_taken":["M","?","?","$","M","R","?","M","T","R","?","?","?","M"],"build_version":"2018-09-06","purchased_purges":0,"victory":false,"max_hp_per_floor":[75,80,80,80,80,80,80,80,80,80,80,80,80,80],"card_choices":[{"not_picked":["Hologram","Stack","Compile Driver"],"picked":"SKIP","floor":1},{"not_picked":["Ball Lightning","Redo"],"picked":"Doom and Gloom","floor":3},{"not_picked":["FTL","Aggregate"],"picked":"Loop","floor":5},{"not_picked":["Ball Lightning","Barrage"],"picked":"Static Discharge","floor":8},{"not_picked":["Conserve Battery","Coolheaded"],"picked":"Beam Cell+1","floor":11},{"not_picked":["Chaos","Reprogram","Fusion"],"picked":"SKIP","floor":13}],"player_experience":265522,"relics_obtained":[{"floor":7,"key":"Odd Mushroom"},{"floor":9,"key":"Molten Egg 2"}],"event_choices":[{"event_name":"Big Fish","player_choice":"Donut","floor":2,"damage_taken":0},{"event_name":"Mushrooms","player_choice":"Fought Mushrooms","floor":7,"damage_taken":0},{"event_name":"Shining Light","player_choice":"Ignored","floor":12,"damage_taken":0}],"is_beta":false,"boss_relics":[],"items_purged_floors":[],"is_endless":false,"potions_floor_spawned":[3,7],"killed_by":"Large Slime","ascension_level":9}