{"path_per_floor":["M","?","M","?","?","R","E","?","T","E","R","M","M","E","R","B",null,"M","M","$","?","M","E","M"],"character_chosen":"DEFECT","items_purchased":["Cables","Happy Flower"],"gold_per_floor":[215,215,230,405,355,355,389,389,415,443,443,458,475,509,509,612,612,622,640,158,158,176,210,221,221],"floor_reached":25,"campfire_rested":0,"playtime":882,"item_purchase_floors":[20,20],"current_hp_per_floor":[67,67,63,63,63,63,47,47,47,44,44,44,34,28,28,15,82,65,53,53,53,40,6,6,0],"items_purged":["Defend_B"],"gold":221,"score":265,"play_id":"50eaf3d8-b9bf-4d3c-99dd-d05e3b21aacd","local_time":"20180530225544","is_prod":false,"is_daily":false,"chose_seed":false,"is_ascension_mode":true,"campfire_upgraded":3,"win_rate":0,"timestamp":1527735344,"campfire_choices":[{"data":"Dualcast","floor":6,"key":"SMITH"},{"data":"Genetic Algorithm","floor":11,"key":"SMITH"},{"data":"Electrodynamics","floor":15,"key":"SMITH"}],"path_taken":["M","?","M","?","?","R","E","?","T","E","R","M","M","E","R","BOSS","M","M","$","?","M","E","M","M"],"build_version":"2018-05-30","seed_source_timestamp":206145049447551,"purchased_purges":1,"victory":false,"master_deck":["Strike_B","Strike_B","Strike_B","Defend_B","Defend_B","Zap","Dualcast+1","FTL","FTL","Rip and Tear","Genetic Algorithm+1","Electrodynamics+1","Capacitor","Fission","Cold Snap+1","Scrape","Barrage","Scrape+1"],"max_hp_per_floor":[75,75,75,75,75,75,75,82,82,82,82,82,82,82,82,82,82,82,82,82,82,82,82,82,82],"relics":["Cracked Core","Bottled Lightning","Strawberry","Lantern","Boot","Torii","Velvet Choker","Cables","Happy Flower","Shuriken"],"card_choices":[{"not_picked":["Beam Cell","Static Discharge"],"picked":"FTL","floor":1},{"not_picked":["Streamline","Barrage"],"picked":"FTL","floor":3},{"not_picked":["Melter","Force Field"],"picked":"Rip and Tear","floor":7},{"not_picked":["Skim","Stack"],"picked":"Genetic Algorithm","floor":10},{"not_picked":["Cold Snap","Barrage","BootSequence"],"picked":"SKIP","floor":12},{"not_picked":["Barrage","Coolheaded"],"picked":"Electrodynamics","floor":13},{"not_picked":["Stack","Gash"],"picked":"Capacitor","floor":14},{"not_picked":["Rainbow","Biased Cognition"],"picked":"Fission","floor":16},{"not_picked":["Reinforced Body","Melter"],"picked":"Cold Snap+1","floor":18},{"not_picked":["Tempest","Go for the Eyes"],"picked":"Scrape","floor":19},{"not_picked":["Buffer","Stack+1"],"picked":"Barrage","floor":22},{"not_picked":["Reprogram","Melter"],"picked":"Scrape+1","floor":23},{"not_picked":["Chaos","Stack","Fusion"],"picked":"SKIP","floor":24}],"player_experience":215485,"potions_floor_usage":[14,16,22,23,24],"damage_taken":[{"damage":8,"enemies":"2 Louse","floor":1,"turns":2},{"damage":4,"enemies":"Jaw Worm","floor":3,"turns":3},{"damage":16,"enemies":"Lagavulin","floor":7,"turns":6},{"damage":3,"enemies":"3 Sentries","floor":10,"turns":4},{"damage":0,"enemies":"Small Slimes","floor":12,"turns":3},{"damage":10,"enemies":"3 Louse","floor":13,"turns":3},{"damage":6,"enemies":"Gremlin Nob","floor":14,"turns":3},{"damage":13,"enemies":"Slime Boss","floor":16,"turns":6},{"damage":17,"enemies":"2 Thieves","floor":18,"turns":3},{"damage":12,"enemies":"Spheric Guardian","floor":19,"turns":4},{"damage":13,"enemies":"Snecko","floor":22,"turns":4},{"damage":34,"enemies":"Book of Stabbing","floor":23,"turns":5},{"damage":0,"enemies":"Snake Plant","floor":24,"turns":2},{"damage":9,"enemies":"Centurion and Healer","floor":25,"turns":1}],"relics_obtained":[{"floor":7,"key":"Bottled Lightning"},{"floor":9,"key":"Lantern"},{"floor":10,"key":"Boot"},{"floor":14,"key":"Torii"},{"floor":23,"key":"Shuriken"}],"event_choices":[{"event_name":"Living Wall","player_choice":"Forget","floor":2,"damage_taken":0},{"event_name":"Liars Game","player_choice":"agreed","floor":4,"damage_taken":0},{"event_name":"The Cleric","player_choice":"Card Removal","floor":5,"damage_taken":0},{"event_name":"Scrap Ooze","player_choice":"success","floor":8,"damage_taken":7},{"event_name":"Back to Basics","player_choice":"Elegance","floor":21,"damage_taken":0}],"boss_relics":[{"not_picked":["Snecko Eye","White Beast Statue"],"picked":"Velvet Choker"}],"items_purged_floors":[20],"potions_floor_spawned":[7,12,14,19,22],"seed_played":"-4842381909153742072","killed_by":"Centurion and Healer","ascension_level":2,"potions_obtained":[{"floor":7,"key":"Weak Potion"},{"floor":12,"key":"PowerPotion"},{"floor":14,"key":"Swift Potion"},{"floor":19,"key":"Dexterity Potion"},{"floor":22,"key":"AttackPotion"}],"is_trial":false}