{"gold_per_floor":[115,127,147,147,166,201,217,243,243,418,418,61,61,61,61,163,163,175,187,38,48,48,48,80,80,111,111,386,401,15,32,32,32],"floor_reached":33,"playtime":1547,"items_purged":["Doubt","Regret"],"score":300,"play_id":"1bc0914f-e24c-4586-a401-5af56e1b996d","local_time":"20190215215917","is_ascension_mode":false,"campfire_choices":[{"data":"Slimebound:MinionMaster","floor":13,"key":"SMITH"},{"data":"Slimebound:MinionMaster","floor":15,"key":"SMITH"},{"data":"Slimebound:SplitMire","floor":23,"key":"SMITH"},{"floor":25,"key":"REST"},{"data":"Slimebound:DivideAndConquer","floor":32,"key":"SMITH"}],"neow_cost":"NONE","seed_source_timestamp":123743893684585,"circlet_count":0,"master_deck":["Slimebound:Strike_Slimebound","Slimebound:Strike_Slimebound","Slimebound:Strike_Slimebound","Slimebound:Tackle","Slimebound:Defend_Slimebound","Slimebound:Defend_Slimebound","Slimebound:Defend_Slimebound","Slimebound:Defend_Slimebound","Slimebound:Split","Slimebound:CorrosiveSpit+1","Slimebound:ServeAndProtect+1","Slimebound:MinionMaster+1","Slimebound:RollThrough","Slimebound:MinionMaster+1","Parasite","Slimebound:DouseInSlime","Slimebound:TendrilStrike+1","Slimebound:SplitMire+1","Ghostly","Ghostly","Ghostly+1","Ghostly","Ghostly","Slimebound:AcidGelatin","Writhe","Slimebound:DivideAndConquer+1"],"relics":["Slimebound:AbsorbEndCombat","Blood Vial","hubris:Reverence","Oddly Smooth Stone","Mummified Hand","ExplosiveVial","Lizard Tail","Bronze Scales","Slimebound:AggressiveSlimeRelic","strawberrySpire:PoopsieRoll","War Paint","Unceasing Top"],"potions_floor_usage":[6,6,16,19,21,24],"damage_taken":[{"damage":10,"enemies":"2 Louse","floor":1,"turns":3},{"damage":8,"enemies":"Cultist","floor":2,"turns":4},{"damage":14,"enemies":"Small Slimes","floor":3,"turns":4},{"damage":11,"enemies":"Exordium Wildlife","floor":5,"turns":4},{"damage":32,"enemies":"Lagavulin","floor":6,"turns":11},{"damage":12,"enemies":"Blue Slaver","floor":7,"turns":4},{"damage":53,"enemies":"Gremlin Nob","floor":8,"turns":5},{"damage":46,"enemies":"Slime Boss","floor":16,"turns":13},{"damage":26,"enemies":"Chosen","floor":18,"turns":6},{"damage":18,"enemies":"3 Byrds","floor":19,"turns":5},{"damage":38,"enemies":"3 Cultists","floor":21,"turns":5},{"damage":47,"enemies":"strawberrySpire:AncientClocktower","floor":24,"turns":11},{"damage":10,"enemies":"Shelled Parasite and Fungi","floor":26,"turns":7},{"damage":14,"enemies":"Shelled Parasite and Fungi","floor":29,"turns":7},{"damage":21,"enemies":"Snake Plant","floor":31,"turns":4},{"damage":67,"enemies":"Champ","floor":33,"turns":10}],"seed_played":"-358601153734774544","potions_obtained":[{"floor":2,"key":"Ancient Potion"},{"floor":3,"key":"Weak Potion"},{"floor":16,"key":"GamblersBrew"},{"floor":18,"key":"Swift Potion"},{"floor":19,"key":"AttackPotion"},{"floor":21,"key":"Dexterity Potion"}],"is_trial":false,"path_per_floor":["M","M","M","?","M","E","M","E","T","?","?","$","R","?","R","B",null,"M","M","$","M","?","R","E","R","MIM","?","?","M","$","M","R","B"],"character_chosen":"SLIMEBOUND","items_purchased":["ExplosiveVial","Regen Potion","Bronze Scales","Unceasing Top"],"campfire_rested":1,"item_purchase_floors":[12,12,20,30],"current_hp_per_floor":[70,74,73,73,75,57,57,23,23,23,42,42,42,42,42,45,77,71,73,73,55,38,38,20,31,38,38,38,38,38,32,32,0],"gold":32,"neow_bonus":"TEN_PERCENT_HP_BONUS","is_prod":false,"is_daily":false,"chose_seed":false,"campfire_upgraded":4,"win_rate":0,"timestamp":1550285957,"path_taken":["M","M","M","?","M","E","?","E","T","?","?","?","R","?","R","BOSS","M","M","$","M","?","R","E","R","MIM","?","?","M","$","M","R","BOSS"],"build_version":"2019-01-23","purchased_purges":2,"victory":false,"max_hp_per_floor":[77,77,77,77,77,77,77,77,77,77,77,77,77,77,77,77,77,77,77,77,77,38,38,38,38,38,38,38,38,38,38,38,38],"card_choices":[{"not_picked":["Slimebound:GoopSpray","Slimebound:LeechingTouch"],"picked":"Slimebound:LeechLife","floor":1},{"not_picked":["Slimebound:DivideAndConquer","Slimebound:SplitMire"],"picked":"Slimebound:ServeAndProtect","floor":2},{"not_picked":["Slimebound:Replication","Slimebound:QuickStudy"],"picked":"Slimebound:MinionMaster","floor":3},{"not_picked":["Slimebound:BestDefense","Slimebound:MegaLick","Slimebound:SamplingLick"],"picked":"SKIP","floor":5},{"not_picked":["Slimebound:FirmFortitude","Slimebound:DivideAndConquer"],"picked":"Slimebound:RollThrough","floor":6},{"not_picked":["Slimebound:SplitMire","Slimebound:SamplingLick"],"picked":"Slimebound:MinionMaster","floor":7},{"not_picked":["Slimebound:Equalize","Slimebound:GoopTackle","Slimebound:FirmFortitude"],"picked":"SKIP","floor":8},{"not_picked":["Slimebound:DuplicatedForm","Slimebound:Overexert"],"picked":"Slimebound:DouseInSlime","floor":16},{"not_picked":["Slimebound:SplitBruiser+1","Slimebound:ViciousTackle"],"picked":"Slimebound:TendrilStrike+1","floor":18},{"not_picked":["Slimebound:ViciousTackle","Slimebound:MegaLick","Slimebound:LeechingTouch"],"picked":"SKIP","floor":19},{"not_picked":["Slimebound:DivideAndConquer","Slimebound:SamplingLick"],"picked":"Slimebound:SplitMire","floor":21},{"not_picked":["Slimebound:QuickStudy","Slimebound:SplitBruiser"],"picked":"Slimebound:AcidGelatin","floor":24},{"not_picked":["Slimebound:ComboTackle+1","Slimebound:DuplicatedForm"],"picked":"Slimebound:DivideAndConquer","floor":29},{"not_picked":["Slimebound:Gluttony","Slimebound:Prepare","Slimebound:FinishingTackle"],"picked":"SKIP","floor":31}],"player_experience":703316,"relics_obtained":[{"floor":6,"key":"hubris:Reverence"},{"floor":8,"key":"Oddly Smooth Stone"},{"floor":9,"key":"Mummified Hand"},{"floor":24,"key":"Slimebound:AggressiveSlimeRelic"},{"floor":26,"key":"strawberrySpire:PoopsieRoll"}],"event_choices":[{"cards_removed":["Slimebound:LeechLife"],"damage_healed":0,"gold_gain":0,"player_choice":"Gave Card","damage_taken":0,"relics_obtained":["Blood Vial"],"max_hp_gain":0,"max_hp_loss":0,"event_name":"WeMeetAgain","floor":4,"gold_loss":0},{"damage_healed":0,"gold_gain":175,"player_choice":"AGREE","damage_taken":0,"max_hp_gain":0,"max_hp_loss":0,"event_name":"Liars Game","floor":10,"gold_loss":0,"cards_obtained":["Doubt"]},{"damage_healed":19,"gold_gain":0,"player_choice":"Healed and dodged fight","damage_taken":0,"max_hp_gain":0,"max_hp_loss":0,"event_name":"Mushrooms","floor":11,"gold_loss":0,"cards_obtained":["Parasite"]},{"damage_healed":0,"gold_gain":0,"player_choice":"Grow","damage_taken":0,"max_hp_gain":0,"max_hp_loss":0,"event_name":"Living Wall","floor":14,"gold_loss":0,"cards_upgraded":["Slimebound:ServeAndProtect"]},{"damage_healed":0,"gold_gain":0,"player_choice":"Became a Ghost","damage_taken":0,"max_hp_gain":0,"max_hp_loss":39,"event_name":"Ghosts","floor":22,"gold_loss":0,"cards_obtained":["Ghostly","Ghostly","Ghostly","Ghostly","Ghostly"]},{"damage_healed":0,"gold_gain":0,"player_choice":"Opened","damage_taken":0,"relics_obtained":["War Paint"],"max_hp_gain":0,"max_hp_loss":0,"event_name":"The Mausoleum","floor":27,"gold_loss":0,"cards_obtained":["Writhe"]},{"damage_healed":0,"gold_gain":275,"player_choice":"Desecrate","damage_taken":0,"max_hp_gain":0,"max_hp_loss":0,"event_name":"Golden Shrine","floor":28,"gold_loss":0,"cards_obtained":["Regret"]}],"is_beta":false,"boss_relics":[{"not_picked":["Runic Dome","Ectoplasm"],"picked":"Lizard Tail"}],"items_purged_floors":[12,30],"is_endless":false,"potions_floor_spawned":[2,3,16,18,19,21],"killed_by":"Champ","ascension_level":0}