{"gold_per_floor":[110,129,129,144,144,144,163,163,163,192,192,204,204],"floor_reached":13,"playtime":521,"items_purged":[],"score":111,"play_id":"622f04fe-9dd9-487e-b180-b8156a4bc78a","local_time":"20180916001819","is_ascension_mode":true,"campfire_choices":[{"data":"Creative AI","floor":6,"key":"SMITH"},{"floor":8,"key":"REST"}],"neow_cost":"NONE","seed_source_timestamp":41684398852266,"circlet_count":0,"master_deck":["Strike_B","Strike_B","Strike_B","Defend_B","Defend_B","Defend_B","Defend_B","Zap","Dualcast","Creative AI+1","Turbo+1","Storm+1","Multi-Cast","Capacitor","Consume"],"relics":["Cracked Core","Bottled Lightning","Calipers"],"potions_floor_usage":[10],"damage_taken":[{"damage":4,"enemies":"Small Slimes","floor":1,"turns":2},{"damage":1,"enemies":"Cultist","floor":2,"turns":3},{"damage":1,"enemies":"2 Louse","floor":4,"turns":2},{"damage":11,"enemies":"Blue Slaver","floor":7,"turns":4},{"damage":41,"enemies":"Lagavulin","floor":10,"turns":7},{"damage":0,"enemies":"Large Slime","floor":12,"turns":4},{"damage":25,"enemies":"3 Sentries","floor":13,"turns":4}],"seed_played":"564412524545616372","potions_obtained":[{"floor":7,"key":"Dexterity Potion"}],"is_trial":false,"path_per_floor":["M","M","?","M","?","R","M","R","T","E","?","M"],"character_chosen":"DEFECT","items_purchased":[],"campfire_rested":1,"item_purchase_floors":[],"current_hp_per_floor":[64,63,63,62,55,55,44,66,66,25,25,25,0],"gold":204,"neow_bonus":"ONE_RANDOM_RARE_CARD","is_prod":false,"is_daily":false,"chose_seed":false,"campfire_upgraded":1,"win_rate":0,"timestamp":1537049899,"path_taken":["M","M","?","M","?","R","?","R","T","E","?","M","E"],"build_version":"2018-09-06","purchased_purges":0,"victory":false,"max_hp_per_floor":[75,75,75,75,75,75,75,75,75,75,75,75,75],"card_choices":[{"not_picked":["Conserve Battery","Recycle"],"picked":"Turbo","floor":1},{"not_picked":["Sweeping Beam","Coolheaded"],"picked":"Storm","floor":2},{"not_picked":["Coolheaded","Ball Lightning","Fusion"],"picked":"SKIP","floor":4},{"not_picked":["Conserve Battery","Consume"],"picked":"Multi-Cast","floor":7},{"not_picked":["Gash","Core Surge"],"picked":"Capacitor","floor":10},{"not_picked":["Turbo","Beam Cell"],"picked":"Consume","floor":12}],"player_experience":206913,"relics_obtained":[{"floor":9,"key":"Bottled Lightning"},{"floor":10,"key":"Calipers"}],"event_choices":[{"event_name":"Accursed Blacksmith","player_choice":"Forge","floor":3,"damage_taken":0},{"event_name":"Golden Wing","player_choice":"Card Removal","floor":5,"damage_taken":0},{"event_name":"Upgrade Shrine","player_choice":"Upgraded","floor":11,"damage_taken":0}],"is_beta":false,"boss_relics":[],"items_purged_floors":[],"is_endless":false,"potions_floor_spawned":[7],"killed_by":"3 Sentries","ascension_level":6}