{"gold_per_floor":[114,289,289,289,304,304,332,332,332,12,24,34,50,76,76,173,173,173,143,143,143,143,143,68,68,68,68,68,68,68,68,68,68,68,68,68,68],"floor_reached":37,"playtime":1695,"items_purged":["Doubt"],"score":428,"play_id":"cdd3e613-5920-44fd-9c3b-e462b7699e17","local_time":"20190223143406","is_ascension_mode":false,"campfire_choices":[{"data":"Neutralize","floor":6.0,"key":"SMITH"},{"data":"Cloak And Dagger","floor":8.0,"key":"SMITH"},{"floor":15.0,"key":"REST"},{"data":"Envenom","floor":23.0,"key":"SMITH"},{"data":"After Image","floor":25.0,"key":"SMITH"},{"floor":29.0,"key":"REST"},{"floor":32.0,"key":"REST"}],"neow_cost":"NONE","seed_source_timestamp":0,"circlet_count":0,"master_deck":["Defend_G","Defend_G","Defend_G+1","Defend_G","Defend_G","Strike_G+1","Strike_G","Strike_G","Strike_G","Survivor","Neutralize+1","Deadly Poison+1","Cloak And Dagger+1","Infinite Blades","Deadly Poison","Flying Knee","Envenom+1","After Image+1","Flying Knee+1","Cloak And Dagger","Cloak And Dagger","Flying Knee","Die Die Die"],"special_seed":0,"relics":["Ring of the Snake","NeowsBlessing","Blood Vial","Strawberry","Matryoshka","Paper Crane","Ectoplasm","Potion Belt","Dream Catcher","Kunai","WristBlade"],"potions_floor_usage":[37],"damage_taken":[{"damage":0.0,"enemies":"Jaw Worm","floor":1.0,"turns":1.0},{"damage":0.0,"enemies":"2 Louse","floor":5.0,"turns":1.0},{"damage":0.0,"enemies":"Lagavulin","floor":7.0,"turns":1.0},{"damage":0.0,"enemies":"Cultist","floor":11.0,"turns":3.0},{"damage":1.0,"enemies":"2 Fungi Beasts","floor":12.0,"turns":3.0},{"damage":16.0,"enemies":"Gremlin Gang","floor":13.0,"turns":4.0},{"damage":21.0,"enemies":"3 Sentries","floor":14.0,"turns":8.0},{"damage":37.0,"enemies":"The Guardian","floor":16.0,"turns":8.0},{"damage":0.0,"enemies":"Chosen","floor":18.0,"turns":5.0},{"damage":0.0,"enemies":"Spheric Guardian","floor":20.0,"turns":1.0},{"damage":9.0,"enemies":"3 Cultists","floor":21.0,"turns":5.0},{"damage":20.0,"enemies":"Centurion and Healer","floor":22.0,"turns":8.0},{"damage":35.0,"enemies":"Gremlin Leader","floor":27.0,"turns":7.0},{"damage":0.0,"enemies":"Chosen and Byrds","floor":28.0,"turns":6.0},{"damage":5.0,"enemies":"Snecko","floor":30.0,"turns":5.0},{"damage":16.0,"enemies":"Centurion and Healer","floor":31.0,"turns":7.0},{"damage":21.0,"enemies":"Automaton","floor":33.0,"turns":10.0},{"damage":30.0,"enemies":"3 Darklings","floor":35.0,"turns":7.0},{"damage":33,"enemies":"3 Shapes","floor":36,"turns":7},{"damage":18,"enemies":"Sphere and 2 Shapes","floor":37,"turns":3}],"seed_played":"8520314240959900010","potions_obtained":[{"floor":1.0,"key":"Poison Potion"},{"floor":5.0,"key":"Poison Potion"},{"floor":12.0,"key":"EntropicBrew"},{"floor":13.0,"key":"GamblersBrew"},{"floor":18.0,"key":"SteroidPotion"},{"floor":19.0,"key":"SmokeBomb"},{"floor":19.0,"key":"AttackPotion"},{"floor":27.0,"key":"Swift Potion"},{"floor":31.0,"key":"Energy Potion"},{"floor":36,"key":"LiquidBronze"}],"is_trial":false,"path_per_floor":["M","?","?","?","M","R","E","R","T","$","M","M","M","E","R","B",null,"M","?","M","M","M","R","?","R","T","E","M","R","M","M","R","B",null,"M","M","M"],"character_chosen":"THE_SILENT","items_purchased":["Matryoshka"],"campfire_rested":3,"item_purchase_floors":[10],"current_hp_per_floor":[70,70,56,56,56,56,56,56,63,63,65,66,52,33,56,21,77,77,77,77,68,50,50,50,50,50,17,19,42,39,25,48,29,77,47,16,0],"gold":68,"neow_bonus":"THREE_ENEMY_KILL","is_prod":false,"is_daily":false,"chose_seed":false,"campfire_upgraded":4,"win_rate":0,"timestamp":1550950446,"path_taken":["M","?","?","?","M","R","E","R","T","$","M","M","?","E","R","BOSS","M","?","M","?","M","R","?","R","T","E","M","R","M","M","R","BOSS","M","M","M"],"build_version":"2019-01-23","purchased_purges":1,"victory":false,"max_hp_per_floor":[70,70,70,70,70,70,70,70,77,77,77,77,77,77,77,77,77,77,77,77,77,77,77,77,77,77,77,77,77,77,77,77,77,77,77,77,77],"card_choices":[{"not_picked":["Masterful Stab","Setup"],"picked":"Deadly Poison","floor":1.0},{"not_picked":["Dash","Dagger Spray"],"picked":"Cloak And Dagger","floor":5.0},{"not_picked":["Dagger Spray","Flechettes"],"picked":"Infinite Blades","floor":7.0},{"not_picked":["PiercingWail","Underhanded Strike","Deflect"],"picked":"SKIP","floor":11.0},{"not_picked":["Reflex","Heel Hook"],"picked":"Deadly Poison","floor":12.0},{"not_picked":["Sucker Punch","Poisoned Stab"],"picked":"Flying Knee","floor":13.0},{"not_picked":["Dagger Spray","Setup"],"picked":"Envenom","floor":14.0},{"not_picked":["Burst","Night Terror"],"picked":"After Image","floor":16.0},{"not_picked":["Choke","Sucker Punch","Underhanded Strike+1"],"picked":"SKIP","floor":18.0},{"not_picked":["Prepared","Sucker Punch+1","Quick Slash"],"picked":"SKIP","floor":21.0},{"not_picked":["Masterful Stab","Dagger Throw"],"picked":"Flying Knee+1","floor":22.0},{"not_picked":["Storm of Steel","Eviscerate"],"picked":"Cloak And Dagger","floor":27.0},{"not_picked":["Prepared","All Out Attack","Sucker Punch"],"picked":"SKIP","floor":28.0},{"not_picked":["Backflip","Acrobatics","Poisoned Stab"],"picked":"SKIP","floor":30.0},{"not_picked":["Riddle With Holes","Slice"],"picked":"Cloak And Dagger","floor":31.0},{"not_picked":["Slice","Dagger Spray"],"picked":"Flying Knee","floor":32.0},{"not_picked":["Doppelganger","Adrenaline"],"picked":"Die Die Die","floor":33.0},{"not_picked":["Noxious Fumes","Backflip+1","Dagger Throw"],"picked":"SKIP","floor":35.0},{"not_picked":["Outmaneuver","Deadly Poison","Bane"],"picked":"SKIP","floor":36}],"player_experience":727374,"relics_obtained":[{"floor":7.0,"key":"Blood Vial"},{"floor":9.0,"key":"Strawberry"},{"floor":14.0,"key":"Paper Crane"},{"floor":26.0,"key":"Potion Belt"},{"floor":26.0,"key":"Dream Catcher"},{"floor":27.0,"key":"Kunai"}],"event_choices":[{"damage_healed":0.0,"max_hp_gain":0.0,"max_hp_loss":0.0,"gold_gain":175.0,"event_name":"Liars Game","player_choice":"AGREE","floor":2.0,"gold_loss":0.0,"damage_taken":0.0,"cards_obtained":["Doubt"]},{"damage_healed":0.0,"max_hp_gain":0.0,"max_hp_loss":0.0,"gold_gain":0.0,"event_name":"Shining Light","player_choice":"Entered Light","floor":3.0,"gold_loss":0.0,"damage_taken":14.0,"cards_upgraded":["Strike_G","Defend_G"]},{"damage_healed":0.0,"max_hp_gain":0.0,"max_hp_loss":0.0,"gold_gain":0.0,"event_name":"Accursed Blacksmith","player_choice":"Forge","floor":4.0,"gold_loss":0.0,"damage_taken":0.0,"cards_upgraded":["Deadly Poison"]},{"damage_healed":0.0,"max_hp_gain":0.0,"max_hp_loss":0.0,"gold_gain":0.0,"event_name":"The Woman in Blue","player_choice":"Bought 2 Potions","floor":19.0,"gold_loss":0.0,"damage_taken":0.0},{"cards_removed":["Strike_G"],"damage_healed":0.0,"max_hp_gain":0.0,"max_hp_loss":0.0,"gold_gain":0.0,"event_name":"Beggar","player_choice":"Gave Gold","floor":24.0,"gold_loss":75.0,"damage_taken":0.0}],"is_beta":false,"boss_relics":[{"not_picked":["Velvet Choker","Philosopher\u0027s Stone"],"picked":"Ectoplasm"},{"not_picked":["HoveringKite","Busted Crown"],"picked":"WristBlade"}],"items_purged_floors":[10],"is_endless":false,"potions_floor_spawned":[1,5,12,13,18,27,31,36],"killed_by":"Sphere and 2 Shapes","ascension_level":0}