{"path_per_floor":["M","M","M","?","M","E","?","R","T","R","$","M","$","M","R","B",null,"M","T","M","$","?","R","E","R","T","E","M","M","?","M","R","B",null,"M","?","$","M","?","E","M","E","T","R","?","?","M","M","R"],"character_chosen":"IRONCLAD","items_purchased":["Double Tap","Perfected Strike","Wild Strike","Lantern"],"gold_per_floor":[111,129,139,214,225,253,253,253,253,253,40,58,58,74,74,178,178,195,195,213,6,6,6,71,71,124,152,172,186,186,198,198,299,299,309,309,111,123,123,158,178,211,211,211,0,0,13,26,26,26],"floor_reached":50,"campfire_rested":5,"playtime":8289,"current_hp_per_floor":[78,77,76,65,52,36,36,60,60,60,60,55,55,41,65,17,80,52,52,48,48,48,48,32,32,32,26,26,11,11,9,48,6,80,76,66,66,66,66,51,53,39,39,78,78,78,60,32,71,0],"items_purged":["Defend_R","Defend_R","Armaments"],"gold":26,"score":593,"play_id":"4c019cbb-09c6-4031-aae5-7c2a85f69227","local_time":"20180326164704","is_prod":false,"is_daily":false,"is_ascension_mode":false,"campfire_upgraded":3,"timestamp":1522075624,"path_taken":["M","M","M","?","?","E","?","R","T","R","$","M","?","M","R","BOSS","M","?","M","$","?","R","E","R","T","E","M","M","?","M","R","BOSS","M","?","$","M","?","E","?","E","T","R","?","?","M","M","R","BOSS"],"build_version":"2018-03-22v2","purchased_purges":3,"victory":false,"master_deck":["Strike_R","Strike_R","Strike_R","Strike_R","Strike_R","Bash","Perfected Strike+1","Battle Trance","Offering+1","Pummel","Double Tap+1","Wild Strike","Immolate","Wild Strike+1","Whirlwind","Perfected Strike","Wild Strike","Seeing Red","Perfected Strike","Warcry","Dual Wield","Exhume","Havoc+1","Rage+1","Madness","Madness","Pommel Strike","Flex+1","Perfected Strike+1"],"max_hp_per_floor":[80,80,80,80,80,80,80,80,80,80,80,80,80,80,80,80,80,80,80,80,80,80,80,80,80,80,80,80,80,80,80,80,80,80,80,80,80,80,80,80,80,80,80,80,80,80,80,80,80,80],"relics":["Black Star","Vajra","Oddly Smooth Stone","Ice Cream","Mark of Pain","Orichalcum","Regal Pillow","Tiny Chest","Anchor","Smiling Mask","Astrolabe","Lantern","Omamori","Blood Vial","Bird Faced Urn","Calipers","Magic Flower","Red Mask"],"card_choices":[{"not_picked":["Warcry","Clothesline"],"picked":"Perfected Strike","floor":1.0},{"not_picked":["Armaments","Warcry"],"picked":"Shrug It Off","floor":2.0},{"not_picked":["Armaments","Ghostly Armor"],"picked":"Battle Trance","floor":3.0},{"not_picked":["Dropkick","Perfected Strike"],"picked":"Offering","floor":5.0},{"not_picked":["Anger","Heavy Blade"],"picked":"Pummel","floor":6.0},{"not_picked":["Body Slam","Blood for Blood"],"picked":"Wild Strike","floor":14.0},{"not_picked":["Limit Break","Dark Embrace"],"picked":"Immolate","floor":16.0},{"not_picked":["True Grit","Clash"],"picked":"Wild Strike","floor":18.0},{"not_picked":["Clash","Rage"],"picked":"Whirlwind","floor":20.0},{"not_picked":["Rupture","Body Slam"],"picked":"Seeing Red","floor":24.0},{"not_picked":["Body Slam","Anger"],"picked":"Perfected Strike","floor":27.0},{"not_picked":["Body Slam","True Grit"],"picked":"Warcry","floor":28},{"not_picked":["Pummel","Warcry"],"picked":"Dual Wield","floor":29},{"not_picked":["Fiend Fire","Dark Embrace"],"picked":"Exhume","floor":33},{"not_picked":["Heavy Blade","True Grit"],"picked":"Rupture","floor":35},{"not_picked":["Wild Strike","Inflame"],"picked":"Pommel Strike","floor":38},{"not_picked":["Clothesline","True Grit"],"picked":"Flex","floor":41},{"not_picked":["Whirlwind","Cleave"],"picked":"Perfected Strike","floor":47}],"player_experience":77740,"potions_floor_usage":[33,33,41,50,50],"damage_taken":[{"damage":2.0,"enemies":"Small Slimes","floor":1.0,"turns":5.0},{"damage":1.0,"enemies":"2 Louse","floor":2.0,"turns":2.0},{"damage":1.0,"enemies":"Cultist","floor":3.0,"turns":3.0},{"damage":13.0,"enemies":"Lots of Slimes","floor":5.0,"turns":5.0},{"damage":16.0,"enemies":"3 Sentries","floor":6.0,"turns":7.0},{"damage":5.0,"enemies":"Looter","floor":12.0,"turns":2.0},{"damage":14.0,"enemies":"Exordium Wildlife","floor":14.0,"turns":4.0},{"damage":48.0,"enemies":"Hexaghost","floor":16.0,"turns":8.0},{"damage":28.0,"enemies":"2 Thieves","floor":18.0,"turns":4.0},{"damage":4.0,"enemies":"Chosen","floor":20.0,"turns":3.0},{"damage":16.0,"enemies":"Slavers","floor":24.0,"turns":4.0},{"damage":6.0,"enemies":"Book of Stabbing","floor":27.0,"turns":2.0},{"damage":0.0,"enemies":"Snecko","floor":28.0,"turns":2.0},{"damage":15,"enemies":"Snake Plant","floor":29,"turns":2},{"damage":2,"enemies":"Centurion and Healer","floor":31,"turns":3},{"damage":42,"enemies":"Automaton","floor":33,"turns":5},{"damage":4,"enemies":"3 Darklings","floor":35,"turns":2},{"damage":0,"enemies":"Orb Walker","floor":38,"turns":2},{"damage":15,"enemies":"Giant Head","floor":40,"turns":4},{"damage":0,"enemies":"Sphere and 2 Shapes","floor":41,"turns":2},{"damage":16,"enemies":"Nemesis","floor":42,"turns":3},{"damage":20,"enemies":"3 Darklings","floor":47,"turns":4},{"damage":31,"enemies":"Maw","floor":48,"turns":7},{"damage":103,"enemies":"Awakened One","floor":50,"turns":7}],"event_choices":[{"event_name":"World of Goop","player_choice":"Gather Gold","floor":4.0,"damage_taken":0.0},{"event_name":"Shining Light","player_choice":"Ignored","floor":7.0,"damage_taken":0.0},{"event_name":"Beggar","player_choice":"Ignored","floor":22.0,"damage_taken":0.0},{"event_name":"Vampires","player_choice":"Ignored","floor":30,"damage_taken":0},{"event_name":"Winding Halls","player_choice":"Embrace Madness","floor":36,"damage_taken":0},{"event_name":"Mysterious Sphere","player_choice":"Ignore","floor":39,"damage_taken":0},{"event_name":"Tomb of Lord Red Mask","player_choice":"Paid","floor":45,"damage_taken":0}],"boss_relics":[{"not_picked":["Lizard Tail","Calling Bell"],"picked":"Astrolabe"}],"potions_floor_spawned":[3,6,18,27,29,33,38,47],"seed_played":"-6054431758496195898","killed_by":"Awakened One","ascension_level":0,"is_trial":false}