{"gold_per_floor":[115,125,142,142,142,142,176,176,176,191,205,220,252,268,268,365,365,383,383,394,157,157,157,184,184,233,233,248,248,268,287,287,387,387,400,400,412,426,58,58,73,107,107,440,86,103,103],"floor_reached":47,"playtime":3416,"items_purged":["Pain","Strike_B"],"score":891,"play_id":"d7fca7b1-85cf-4ae1-85a9-56d91ebe8e46","local_time":"20181123234331","is_ascension_mode":true,"campfire_choices":[{"data":"Zap","floor":6,"key":"SMITH"},{"data":"Sweeping Beam","floor":8,"key":"SMITH"},{"data":"Glacier","floor":15,"key":"SMITH"},{"floor":23,"key":"REST"},{"data":"Sunder","floor":25,"key":"SMITH"},{"data":"Defragment","floor":27,"key":"SMITH"},{"data":"Defragment","floor":32,"key":"SMITH"},{"floor":40,"key":"REST"}],"neow_cost":"NONE","seed_source_timestamp":238966383487404,"circlet_count":0,"master_deck":["AscendersBane","Defend_B","Defend_B","Defend_B","Defend_B","Zap+1","Dualcast","Steam","Go for the Eyes","Sweeping Beam+1","Cold Snap","Streamline","Glacier+1","Creative AI","Defragment+1","Cold Snap","Defragment+1","Sunder+1","Coolheaded","Loop","Echo Form","Loop","Cold Snap+1","Panache","Storm","Core Surge","Thunder Strike"],"relics":["Cracked Core","Centennial Puzzle","WarpedTongs","Symbiotic Virus","Pantograph","Regal Pillow","Snecko Eye","MutagenicStrength","Boot","Happy Flower","Fusion Hammer","Vajra","Meat on the Bone","Old Coin","Torii"],"potions_floor_usage":[13,16,16,16,33,47],"damage_taken":[{"damage":1,"enemies":"Cultist","floor":1,"turns":3},{"damage":2,"enemies":"Jaw Worm","floor":2,"turns":3},{"damage":0,"enemies":"2 Louse","floor":3,"turns":2},{"damage":17,"enemies":"3 Sentries","floor":7,"turns":8},{"damage":6,"enemies":"2 Fungi Beasts","floor":10,"turns":3},{"damage":4,"enemies":"Exordium Wildlife","floor":11,"turns":3},{"damage":1,"enemies":"3 Louse","floor":12,"turns":3},{"damage":5,"enemies":"Lagavulin","floor":13,"turns":5},{"damage":3,"enemies":"Large Slime","floor":14,"turns":6},{"damage":4,"enemies":"Slime Boss","floor":16,"turns":7},{"damage":27,"enemies":"3 Byrds","floor":18,"turns":5},{"damage":18,"enemies":"Shell Parasite","floor":20,"turns":8},{"damage":1,"enemies":"Book of Stabbing","floor":24,"turns":5},{"damage":1,"enemies":"3 Cultists","floor":28,"turns":4},{"damage":14,"enemies":"Shelled Parasite and Fungi","floor":30,"turns":4},{"damage":0,"enemies":"Chosen and Byrds","floor":31,"turns":7},{"damage":19,"enemies":"Collector","floor":33,"turns":8},{"damage":0,"enemies":"3 Shapes","floor":35,"turns":3},{"damage":16,"enemies":"Orb Walker","floor":37,"turns":2},{"damage":12,"enemies":"Maw","floor":38,"turns":7},{"damage":2,"enemies":"Transient","floor":41,"turns":5},{"damage":20,"enemies":"Nemesis","floor":42,"turns":7},{"damage":23,"enemies":"Giant Head","floor":44,"turns":6},{"damage":1,"enemies":"Sphere and 2 Shapes","floor":46,"turns":3},{"damage":52,"enemies":"Nemesis","floor":47,"turns":4}],"seed_played":"3710394485163769576","potions_obtained":[{"floor":1,"key":"Poison Potion"},{"floor":10,"key":"Energy Potion"},{"floor":11,"key":"SkillPotion"},{"floor":13,"key":"AttackPotion"},{"floor":16,"key":"Poison Potion"},{"floor":24,"key":"AttackPotion"},{"floor":30,"key":"Fire Potion"},{"floor":35,"key":"Explosive Potion"},{"floor":37,"key":"FocusPotion"}],"is_trial":false,"path_per_floor":["M","M","M","?","?","R","E","R","T","M","M","M","E","M","R","B",null,"M","?","M","$","?","R","E","R","T","R","M","?","M","M","R","B",null,"M","?","M","M","$","R","M","E","T","E","$","M","E"],"character_chosen":"DEFECT","items_purchased":["Cold Snap","Defragment","Sunder","Panache","Storm","Thunder Strike","Torii"],"campfire_rested":2,"item_purchase_floors":[21,21,21,39,39,45,45],"current_hp_per_floor":[67,65,65,58,58,58,41,41,41,35,31,30,25,22,22,43,67,40,40,22,22,22,59,58,58,58,58,57,57,43,43,43,49,69,69,69,53,41,41,71,69,49,49,38,38,37,0],"gold":103,"neow_bonus":"RANDOM_COMMON_RELIC","is_prod":false,"is_daily":false,"chose_seed":false,"campfire_upgraded":6,"win_rate":0,"timestamp":1543038211,"path_taken":["M","M","M","?","?","R","E","R","T","M","?","M","E","M","R","BOSS","M","?","?","?","?","R","E","R","T","R","M","?","M","M","R","BOSS","M","?","M","M","$","R","M","E","T","E","$","M","E"],"build_version":"2018-11-15","purchased_purges":2,"victory":false,"max_hp_per_floor":[75,75,75,75,75,75,75,75,75,75,75,75,75,75,75,75,75,75,75,75,75,75,75,75,75,75,75,75,75,75,75,75,75,75,75,71,71,71,71,71,71,71,71,71,71,71,71],"card_choices":[{"not_picked":["Skim","Tempest"],"picked":"Steam","floor":1},{"not_picked":["Steam","Redo","Barrage"],"picked":"SKIP","floor":2},{"not_picked":["Melter","Redo"],"picked":"Go for the Eyes","floor":3},{"not_picked":["Turbo","Auto Shields"],"picked":"Sweeping Beam","floor":7},{"not_picked":["Leap","Heatsinks"],"picked":"Cold Snap","floor":10},{"not_picked":["Hello World","Static Discharge"],"picked":"Streamline","floor":11},{"not_picked":["Rebound","Barrage"],"picked":"Glacier","floor":12},{"not_picked":["Capacitor","Amplify","Lockon"],"picked":"SKIP","floor":13},{"not_picked":["Stack","Fusion","Redo"],"picked":"SKIP","floor":14},{"not_picked":["Reboot","Meteor Strike"],"picked":"Creative AI","floor":16},{"not_picked":["Cold Snap+1","Stack"],"picked":"Defragment","floor":18},{"not_picked":["Chaos+1","Redo","White Noise"],"picked":"SKIP","floor":20},{"not_picked":["Fission","Doom and Gloom","FTL"],"picked":"SKIP","floor":24},{"not_picked":["Rebound","Darkness"],"picked":"Coolheaded","floor":28},{"not_picked":["Steam","Redo","Hologram"],"picked":"SKIP","floor":30},{"not_picked":["Compile Driver","Rebound"],"picked":"Loop","floor":31},{"not_picked":["Creative AI","Machine Learning"],"picked":"Echo Form","floor":33},{"not_picked":["Conserve Battery+1","Beam Cell"],"picked":"Loop","floor":35},{"not_picked":["Gash","Hello World"],"picked":"Cold Snap+1","floor":37},{"not_picked":["Blizzard","Conserve Battery","Tempest"],"picked":"SKIP","floor":38},{"not_picked":["Rip and Tear+1","Streamline","Sweeping Beam+1"],"picked":"SKIP","floor":41},{"not_picked":["Ball Lightning","Double Energy"],"picked":"Core Surge","floor":42},{"not_picked":["Reprogram+1","Hologram+1","Steam"],"picked":"SKIP","floor":44},{"not_picked":["White Noise","Conserve Battery","Hello World+1"],"picked":"SKIP","floor":46}],"player_experience":217932,"relics_obtained":[{"floor":7,"key":"Symbiotic Virus"},{"floor":9,"key":"Pantograph"},{"floor":13,"key":"Regal Pillow"},{"floor":24,"key":"Boot"},{"floor":26,"key":"Happy Flower"},{"floor":42,"key":"Vajra"},{"floor":43,"key":"Meat on the Bone"},{"floor":44,"key":"Old Coin"}],"event_choices":[{"cards_removed":["Strike_B"],"damage_healed":0,"gold_gain":0,"player_choice":"Card Removal","damage_taken":7,"max_hp_gain":0,"max_hp_loss":0,"event_name":"Golden Wing","floor":4,"gold_loss":0},{"damage_healed":0,"gold_gain":0,"player_choice":"Rummage","damage_taken":0,"relics_obtained":["WarpedTongs"],"max_hp_gain":0,"max_hp_loss":0,"event_name":"Accursed Blacksmith","floor":5,"gold_loss":0,"cards_obtained":["Pain"]},{"cards_removed":["Strike_B"],"damage_healed":0,"gold_gain":0,"player_choice":"Purged","damage_taken":0,"max_hp_gain":0,"max_hp_loss":0,"event_name":"Purifier","floor":19,"gold_loss":0},{"damage_healed":0,"gold_gain":0,"player_choice":"Inject Mutagens","damage_taken":0,"relics_obtained":["MutagenicStrength"],"max_hp_gain":0,"max_hp_loss":0,"event_name":"Drug Dealer","floor":22,"gold_loss":0},{"cards_removed":["Strike_B"],"damage_healed":0,"gold_gain":0,"player_choice":"Elegance","damage_taken":0,"max_hp_gain":0,"max_hp_loss":0,"event_name":"Back to Basics","floor":29,"gold_loss":0},{"damage_healed":0,"gold_gain":0,"player_choice":"Max HP","damage_taken":0,"max_hp_gain":0,"max_hp_loss":4,"event_name":"Winding Halls","floor":36,"gold_loss":0}],"is_beta":false,"boss_relics":[{"not_picked":["Calling Bell","Philosopher\u0027s Stone"],"picked":"Snecko Eye"},{"not_picked":["Orrery","Empty Cage"],"picked":"Fusion Hammer"}],"items_purged_floors":[21,39],"is_endless":false,"potions_floor_spawned":[1,10,11,12,13,16,24,30,35,37,44],"killed_by":"Nemesis","ascension_level":10}