{"gold_per_floor":[118,118,118,118,118,118,134,134,159,159,177,27,43,58,58,183,183,202,217,217,132,157,195,13,13],"floor_reached":25,"playtime":1278,"items_purged":["Strike_B","Strike_B"],"score":317,"play_id":"de4a675d-47db-404b-a3c3-a944ff935af6","local_time":"20180918003020","is_ascension_mode":true,"campfire_choices":[{"data":"Dualcast","floor":6,"key":"SMITH"},{"data":"Zap","floor":8,"key":"SMITH"},{"data":"Conserve Battery","floor":10,"key":"SMITH"},{"data":"Static Discharge","floor":15,"key":"SMITH"}],"neow_cost":"","seed_source_timestamp":214449632518282,"circlet_count":0,"master_deck":["Strike_B","Defend_B","Defend_B","Defend_B","Defend_B","Zap+1","Dualcast+1","AscendersBane","Conserve Battery+1","Leap","Conserve Battery","Static Discharge+1","Darkness","Reboot","Rebound","Defragment+1","Reinforced Body","Glacier"],"relics":["Cracked Core","Golden Idol","Orichalcum","Black Star","Omamori","Pantograph","Singing Bowl"],"potions_floor_usage":[16,19,22,22,23],"damage_taken":[{"damage":12,"enemies":"Jaw Worm","floor":1,"turns":2},{"damage":3,"enemies":"2 Louse","floor":7,"turns":2},{"damage":0,"enemies":"Small Slimes","floor":11,"turns":4},{"damage":3,"enemies":"2 Fungi Beasts","floor":13,"turns":4},{"damage":1,"enemies":"Looter","floor":14,"turns":4},{"damage":21,"enemies":"Hexaghost","floor":16,"turns":9},{"damage":11,"enemies":"Chosen","floor":18,"turns":4},{"damage":11,"enemies":"Shell Parasite","floor":19,"turns":5},{"damage":17,"enemies":"Snecko","floor":22,"turns":4},{"damage":41,"enemies":"Slavers","floor":23,"turns":4},{"damage":8,"enemies":"Shelled Parasite and Fungi","floor":25,"turns":4}],"seed_played":"-4975223303849075664","potions_obtained":[{"floor":7,"key":"Fire Potion"},{"floor":13,"key":"Swift Potion"},{"floor":14,"key":"Regen Potion"},{"floor":16,"key":"FairyPotion"},{"floor":19,"key":"Ancient Potion"},{"floor":22,"key":"Ancient Potion"}],"is_trial":false,"path_per_floor":["M","?","?","?","?","R","M","R","T","R","M","$","M","M","R","B",null,"M","M","?","?","M","E","$"],"character_chosen":"DEFECT","items_purchased":["Static Discharge","Glacier"],"campfire_rested":0,"item_purchase_floors":[12,24],"current_hp_per_floor":[56,56,56,49,69,69,66,66,66,66,66,66,63,62,62,41,62,51,54,54,54,37,6,6,0],"gold":13,"neow_bonus":"","is_prod":false,"is_daily":false,"chose_seed":false,"campfire_upgraded":4,"win_rate":0,"timestamp":1537223420,"path_taken":["M","?","?","?","?","R","M","R","T","R","?","?","M","M","R","BOSS","M","?","?","?","M","E","?","?"],"build_version":"2018-09-06","purchased_purges":2,"victory":false,"max_hp_per_floor":[75,75,69,69,69,69,69,69,69,69,69,69,69,69,69,69,69,69,69,69,69,69,69,69,69],"card_choices":[{"not_picked":["Hologram","Stack"],"picked":"Conserve Battery","floor":1},{"not_picked":["Go for the Eyes","Tempest"],"picked":"Leap","floor":7},{"not_picked":["Undo","Barrage"],"picked":"Conserve Battery","floor":11},{"not_picked":["Conserve Battery","Steam Power","Coolheaded"],"picked":"SKIP","floor":13},{"not_picked":["Consume","Ball Lightning"],"picked":"Darkness","floor":14},{"not_picked":["Rainbow","Hyperbeam"],"picked":"Reboot","floor":16},{"not_picked":["Streamline","Compile Driver"],"picked":"Rebound","floor":18},{"not_picked":["Turbo+1","Aggregate+1"],"picked":"Defragment+1","floor":19},{"not_picked":["Blizzard+1","Recycle","Capacitor"],"picked":"SKIP","floor":22},{"not_picked":["Streamline","Darkness+1"],"picked":"Reinforced Body","floor":23}],"player_experience":314926,"relics_obtained":[{"floor":9,"key":"Orichalcum"},{"floor":23,"key":"Pantograph"},{"floor":23,"key":"Singing Bowl"}],"event_choices":[{"event_name":"Liars Game","player_choice":"disagreed","floor":2,"damage_taken":0},{"event_name":"Golden Idol","player_choice":"Lose Max HP","floor":3,"damage_taken":0},{"event_name":"Golden Wing","player_choice":"Card Removal","floor":4,"damage_taken":0},{"event_name":"Big Fish","player_choice":"Banana","floor":5,"damage_taken":0},{"event_name":"Ghosts","player_choice":"Ignored","floor":20,"damage_taken":0},{"event_name":"Addict","player_choice":"Obtained Relic","floor":21,"damage_taken":0}],"is_beta":false,"boss_relics":[{"not_picked":["Eternal Feather","Orrery"],"picked":"Black Star"}],"items_purged_floors":[12,24],"is_endless":false,"potions_floor_spawned":[7,13,14,16,18,19,22],"killed_by":"Shelled Parasite and Fungi","ascension_level":10}