{"path_per_floor":["M","$","?","M","M","E","R","M","T","M","?","$","M","E","R","B",null,"M","?","M","M","?","R","E","R","T","R","?","?","$","E","R","B",null,"M","?","M","?","M","R","E","M","T","R","?","?","R","M","R","B"],"character_chosen":"DEFECT","items_purchased":["Gash","Gash","Pear"],"gold_per_floor":[209,134,134,150,169,196,196,207,207,227,227,50,61,92,92,192,192,207,207,217,236,236,236,266,266,266,266,316,346,11,41,41,144,144,162,162,176,176,196,196,526,540,540,540,762,762,762,772,772,772],"floor_reached":51,"campfire_rested":0,"playtime":2906,"current_hp_per_floor":[75,75,75,75,74,54,54,45,45,45,33,33,43,41,41,39,75,73,73,73,67,67,67,54,54,54,54,54,44,54,58,58,46,85,85,75,72,72,72,72,68,70,70,70,70,70,70,62,62,53],"items_purged":["Strike_B","Strike_B"],"gold":772,"score":824,"play_id":"0fdd7234-8e6e-4587-87f4-83cbe959bce5","local_time":"20180508103021","is_prod":false,"is_daily":false,"chose_seed":false,"is_ascension_mode":true,"campfire_upgraded":7,"timestamp":1525768221,"path_taken":["M","$","?","M","M","E","R","M","T","M","?","$","?","E","R","BOSS","M","?","M","M","?","R","E","R","T","R","?","?","$","E","R","BOSS","M","?","M","?","M","R","E","M","T","R","?","?","R","?","R","BOSS"],"build_version":"2018-05-03","seed_source_timestamp":130433425264567,"purchased_purges":4,"victory":true,"master_deck":["Strike_B","Defend_B","Defend_B","Defend_B","Defend_B","Zap+1","Dualcast","Gash+1","Sweeping Beam","Axe Kick","Gash+1","Axe Kick","Glacier","Machine Learning+1","Beam Cell+1","Hologram+1","Cold Snap","Machine Learning+1","Leap","Gash+1","Defragment+1","Beam Cell+1","Bandage Up","Dark Shackles","Hologram+1","Coolheaded+1","Capacitor+1","Pain","FTL+1","Hologram+1"],"max_hp_per_floor":[75,75,75,75,75,75,75,75,75,75,75,75,75,75,75,75,75,75,75,75,75,75,75,75,75,75,75,75,75,85,85,85,85,85,85,85,85,85,85,85,85,85,85,85,85,85,85,85,85,85],"relics":["Cracked Core","Thread and Needle","Meat on the Bone","Cables","Black Star","Molten Egg 2","Toolbox","Ornamental Fan","Red Mask","Pear","Dodecahedron","Centennial Puzzle","Cursed Key","Girya","Old Coin","Frozen Egg 2"],"card_choices":[{"not_picked":["Static Discharge","Steam Power"],"picked":"Gash","floor":1},{"not_picked":["Coolheaded","Skim"],"picked":"Sweeping Beam","floor":5},{"not_picked":["Leap","Streamline"],"picked":"Axe Kick","floor":10},{"not_picked":["Rebound","Ball Lightning"],"picked":"Axe Kick","floor":13},{"not_picked":["Go for the Eyes","Conserve Battery"],"picked":"Glacier","floor":14},{"not_picked":["Meteor Strike","Amplify"],"picked":"Machine Learning","floor":16},{"not_picked":["Consume","Ball Lightning"],"picked":"Beam Cell","floor":18},{"not_picked":["Go for the Eyes","Capacitor"],"picked":"Hologram","floor":20},{"not_picked":["Go for the Eyes","Undo"],"picked":"Cold Snap","floor":21},{"not_picked":["Capacitor","Consume"],"picked":"Leap","floor":24},{"not_picked":["Beam Cell","Blizzard"],"picked":"Defragment","floor":31},{"not_picked":["Sunder","Ball Lightning"],"picked":"Beam Cell","floor":35},{"not_picked":["Good Instincts","Mind Blast"],"picked":"Bandage Up","floor":36},{"not_picked":["Apotheosis","Trip"],"picked":"Dark Shackles","floor":36},{"not_picked":["Loop","Force Field"],"picked":"Hologram","floor":37},{"not_picked":["Axe Kick","Aggregate"],"picked":"Coolheaded","floor":39},{"not_picked":["Self Repair","Skim"],"picked":"Capacitor","floor":41},{"not_picked":["Darkness","Ball Lightning"],"picked":"Hologram","floor":48}],"player_experience":46881,"potions_floor_usage":[6,16,24,24,29,31,50],"damage_taken":[{"damage":0,"enemies":"2 Louse","floor":1,"turns":2},{"damage":0,"enemies":"Jaw Worm","floor":4,"turns":3},{"damage":1,"enemies":"Small Slimes","floor":5,"turns":3},{"damage":20,"enemies":"Lagavulin","floor":6,"turns":6},{"damage":9,"enemies":"Gremlin Gang","floor":8,"turns":4},{"damage":0,"enemies":"Looter","floor":10,"turns":4},{"damage":2,"enemies":"Exordium Wildlife","floor":13,"turns":3},{"damage":14,"enemies":"Gremlin Nob","floor":14,"turns":4},{"damage":14,"enemies":"Slime Boss","floor":16,"turns":10},{"damage":2,"enemies":"Spheric Guardian","floor":18,"turns":6},{"damage":0,"enemies":"Chosen","floor":20,"turns":4},{"damage":6,"enemies":"Centurion and Healer","floor":21,"turns":8},{"damage":24,"enemies":"Gremlin Leader","floor":24,"turns":6},{"damage":10,"enemies":"Masked Bandits","floor":29,"turns":4},{"damage":8,"enemies":"Book of Stabbing","floor":31,"turns":6},{"damage":24,"enemies":"Collector","floor":33,"turns":8},{"damage":0,"enemies":"Flame Bruiser 1 Orb","floor":35,"turns":6},{"damage":7,"enemies":"3 Darklings","floor":37,"turns":5},{"damage":4,"enemies":"Sphere and 2 Shapes","floor":39,"turns":5},{"damage":12,"enemies":"Giant Head","floor":41,"turns":9},{"damage":2,"enemies":"4 Shapes","floor":42,"turns":6},{"damage":12,"enemies":"3 Darklings","floor":48,"turns":6},{"damage":29,"enemies":"Time Eater","floor":50,"turns":10}],"event_choices":[{"event_name":"Liars Game","player_choice":"disagreed","floor":3,"damage_taken":0},{"event_name":"Scrap Ooze","player_choice":"unsuccessful","floor":11,"damage_taken":12},{"event_name":"Vampires","player_choice":"Ignored","floor":19,"damage_taken":0},{"event_name":"The Library","player_choice":"Read","floor":22,"damage_taken":0},{"event_name":"The Joust","player_choice":"Bet on Murderer","floor":28,"damage_taken":0},{"event_name":"Masked Bandits","player_choice":"Fought over 316 gold","floor":29,"damage_taken":0},{"event_name":"SensoryStone","player_choice":"Memory 3","floor":36,"damage_taken":0},{"event_name":"The Lab","player_choice":"Got Potions","floor":38,"damage_taken":0},{"event_name":"Tomb of Lord Red Mask","player_choice":"Wore Mask","floor":45,"damage_taken":0},{"event_name":"Transmorgrifier","player_choice":"Transform","floor":46,"damage_taken":0}],"boss_relics":[{"not_picked":["Nuclear Battery","Lizard Tail"],"picked":"Black Star"},{"not_picked":["Runic Pyramid","Inserter"],"picked":"Cursed Key"}],"potions_floor_spawned":[1,8,10,16,20,21,29,35,48],"seed_played":"8749283519405074343","ascension_level":3,"is_trial":false}