{"gold_per_floor":[114,88,163,178,178,178,208,208,208,223,238,238,253,268,268,368,368,383,398,413,428,428,428,100,115,115,130,130,55,70,100,100,200,200,215,0,25,52,64,76,118,145,157,169,196,223,235,262,274,286],"floor_reached":51,"playtime":2445,"items_purged":["Strike_R"],"score":853,"play_id":"7f5abf0e-4ee4-44d7-a5eb-22f6d5ddc0a8","local_time":"20180828192937","daily_mods":["Brewmaster","Uncertain Future","Vintage"],"is_ascension_mode":false,"campfire_choices":[{"data":"Armaments","floor":6,"key":"SMITH"},{"data":"Bash","floor":8,"key":"SMITH"},{"data":"Pommel Strike","floor":15,"key":"SMITH"},{"floor":23,"key":"REST"},{"floor":28,"key":"REST"},{"floor":32,"key":"REST"},{"floor":40,"key":"REST"},{"floor":47,"key":"REST"},{"floor":49,"key":"REST"}],"neow_cost":"","seed_source_timestamp":0,"circlet_count":0,"master_deck":["Strike_R+1","Strike_R+1","Defend_R+1","Defend_R","Defend_R","Defend_R","Bash+1","Venomology","Venomology","Venomology","Venomology+1","Armaments+1","Pommel Strike+1","Feed","Twin Strike","Shrug It Off","Thunderclap","Twin Strike","Demon Form","Clumsy","Heavy Blade","Decay","Madness","Madness","Flex+1"],"special_seed":17772,"relics":["Burning Blood","White Beast Statue","Oddly Smooth Stone","Letter Opener","Paper Frog","Singing Bowl","Ornamental Fan","Regal Pillow","Bag of Preparation","Bag of Marbles","Orichalcum","Centennial Puzzle","Fusion Hammer","Bottled Flame","Matryoshka","Darkstone Periapt","Question Card","Strawberry","Pantograph","Whetstone","Shuriken","Happy Flower","Mummified Hand","StoneCalendar","Dodecahedron","Cursed Key","Ancient Tea Set","Red Mask","Red Skull","MawBank","War Paint","Nunchaku","Dream Catcher","Pear","Smiling Mask","Blood Vial","Thread and Needle"],"potions_floor_usage":[1,4,4,7,7,7,7,7,7,10,10,11,11,11,13,13,14,14,16,16,18,18,18,19,19,19,19,20,20,20,20,21,21,25,27,27,30,31,31,33,33,33,33,33,33,33,38,38,38,41,41,41,41,42,45,45,45,46,46,48,48,50,50,50,50,50,50],"damage_taken":[{"damage":1,"enemies":"Jaw Worm","floor":1,"turns":3},{"damage":0,"enemies":"2 Louse","floor":4,"turns":2},{"damage":10,"enemies":"Lagavulin","floor":7,"turns":6},{"damage":0,"enemies":"Small Slimes","floor":10,"turns":4},{"damage":4,"enemies":"Exordium Wildlife","floor":11,"turns":4},{"damage":2,"enemies":"Large Slime","floor":13,"turns":4},{"damage":1,"enemies":"Lots of Slimes","floor":14,"turns":2},{"damage":20,"enemies":"Slime Boss","floor":16,"turns":8},{"damage":2,"enemies":"Shell Parasite","floor":18,"turns":3},{"damage":0,"enemies":"Spheric Guardian","floor":19,"turns":3},{"damage":8,"enemies":"Snake Plant","floor":20,"turns":2},{"damage":8,"enemies":"Centurion and Healer","floor":21,"turns":4},{"damage":0,"enemies":"3 Cultists","floor":25,"turns":4},{"damage":4,"enemies":"Shelled Parasite and Fungi","floor":27,"turns":4},{"damage":0,"enemies":"Snake Plant","floor":30,"turns":3},{"damage":1,"enemies":"Slavers","floor":31,"turns":3},{"damage":12,"enemies":"Champ","floor":33,"turns":8},{"damage":0,"enemies":"Orb Walker","floor":35,"turns":2},{"damage":0,"enemies":"Flame Bruiser 1 Orb","floor":38,"turns":2},{"damage":10,"enemies":"2 Orb Walkers","floor":41,"turns":4},{"damage":16,"enemies":"Spire Growth","floor":42,"turns":3},{"damage":2,"enemies":"Sphere and 2 Shapes","floor":45,"turns":2},{"damage":8,"enemies":"Flame Bruiser 2 Orb","floor":46,"turns":3},{"damage":0,"enemies":"4 Shapes","floor":48,"turns":3},{"damage":2,"enemies":"Donu and Deca","floor":50,"turns":4}],"seed_played":"7234858393999432779","potions_obtained":[{"floor":1,"key":"Explosive Potion"},{"floor":4,"key":"EssenceOfSteel"},{"floor":7,"key":"PowerPotion"},{"floor":11,"key":"LiquidBronze"},{"floor":13,"key":"Energy Potion"},{"floor":14,"key":"AttackPotion"},{"floor":19,"key":"Dexterity Potion"},{"floor":20,"key":"Explosive Potion"},{"floor":21,"key":"SmokeBomb"},{"floor":25,"key":"Weak Potion"},{"floor":33,"key":"FearPotion"},{"floor":38,"key":"Block Potion"},{"floor":41,"key":"Ancient Potion"}],"is_trial":false,"path_per_floor":["M","$","?","M","?","R","E","R","T","M","M","?","M","M","R","B",null,"M","M","M","M","?","R","$","M","T","M","R","?","M","E","R","B",null,"M","?","T","M","$","R","E","M","T","?","M","M","R","M","R","B"],"character_chosen":"IRONCLAD","items_purchased":["Armaments","Shrug It Off","Thunderclap","Strawberry"],"campfire_rested":6,"item_purchase_floors":[2,24,24,24],"current_hp_per_floor":[80,80,69,75,80,80,76,76,76,82,84,84,85,85,85,71,85,88,88,90,91,91,95,102,105,105,108,108,108,111,118,118,118,118,118,118,124,127,127,127,127,121,137,118,125,123,154,154,156,156],"gold":298,"neow_bonus":"","is_prod":false,"is_daily":true,"chose_seed":false,"campfire_upgraded":3,"win_rate":0,"timestamp":1535509777,"path_taken":["M","$","?","M","?","R","E","R","T","M","M","?","M","M","R","BOSS","M","M","M","M","?","R","$","?","T","M","R","?","M","E","R","BOSS","M","?","?","M","$","R","E","M","T","?","M","M","R","M","R","BOSS"],"build_version":"2018-08-23v2","purchased_purges":1,"victory":true,"max_hp_per_floor":[80,80,80,80,85,85,85,85,85,85,85,85,85,85,85,85,85,88,88,92,95,95,95,102,105,105,108,108,108,111,118,118,118,118,118,118,124,127,127,127,131,135,151,151,154,154,154,154,156,156],"card_choices":[{"not_picked":["Evolve","Clothesline"],"picked":"Pommel Strike","floor":7},{"not_picked":["Juggernaut","Berserk"],"picked":"Feed","floor":16},{"not_picked":["Perfected Strike+1","Clash+1","Sever Soul+1"],"picked":"Twin Strike","floor":31},{"not_picked":["Brutality","Limit Break","Offering"],"picked":"Demon Form","floor":33},{"not_picked":["Warcry+1","Pommel Strike+1","Fire Breathing+1"],"picked":"Heavy Blade","floor":41},{"not_picked":["Clash","Power Through+1","Anger+1"],"picked":"Flex+1","floor":47},{"not_picked":["Sword Boomerang","Warcry+1","Infernal Blade+1","Combust+1"],"picked":"Singing Bowl","floor":49}],"player_experience":447804,"relics_obtained":[{"floor":1,"key":"Oddly Smooth Stone"},{"floor":4,"key":"Letter Opener"},{"floor":7,"key":"Paper Frog"},{"floor":9,"key":"Singing Bowl"},{"floor":10,"key":"Ornamental Fan"},{"floor":11,"key":"Regal Pillow"},{"floor":13,"key":"Bag of Marbles"},{"floor":14,"key":"Orichalcum"},{"floor":16,"key":"Centennial Puzzle"},{"floor":18,"key":"Bottled Flame"},{"floor":19,"key":"Matryoshka"},{"floor":20,"key":"Darkstone Periapt"},{"floor":21,"key":"Question Card"},{"floor":25,"key":"Pantograph"},{"floor":26,"key":"Whetstone"},{"floor":26,"key":"Shuriken"},{"floor":27,"key":"Happy Flower"},{"floor":30,"key":"Mummified Hand"},{"floor":31,"key":"StoneCalendar"},{"floor":33,"key":"Dodecahedron"},{"floor":35,"key":"Ancient Tea Set"},{"floor":37,"key":"Red Skull"},{"floor":37,"key":"MawBank"},{"floor":38,"key":"War Paint"},{"floor":41,"key":"Nunchaku"},{"floor":42,"key":"Dream Catcher"},{"floor":43,"key":"Pear"},{"floor":45,"key":"Smiling Mask"},{"floor":46,"key":"Blood Vial"},{"floor":48,"key":"Thread and Needle"}],"event_choices":[{"event_name":"World of Goop","player_choice":"Gather Gold","floor":3,"damage_taken":0},{"event_name":"Big Fish","player_choice":"Donut","floor":5,"damage_taken":0},{"event_name":"WeMeetAgain","player_choice":"Card","floor":12,"damage_taken":0},{"event_name":"Transmorgrifier","player_choice":"Transform","floor":22,"damage_taken":0},{"event_name":"Beggar","player_choice":"Gave Gold","floor":29,"damage_taken":0},{"event_name":"Tomb of Lord Red Mask","player_choice":"Paid","floor":36,"damage_taken":0},{"event_name":"Winding Halls","player_choice":"Embrace Madness","floor":44,"damage_taken":0}],"is_beta":false,"boss_relics":[{"not_picked":["Calling Bell","Busted Crown"],"picked":"Fusion Hammer"},{"not_picked":["Runic Cube","Astrolabe"],"picked":"Cursed Key"}],"items_purged_floors":[24],"is_endless":false,"potions_floor_spawned":[1,4,7,10,11,13,14,16,18,19,20,21,25,27,30,31,33,35,38,41,42,45,46,48],"ascension_level":0}