{"gold_per_floor":[113,113,125,138,138,138,171,171,196,207,207,78,98,98,98,173,173,188,205,130,0,0,0],"floor_reached":23,"playtime":1341,"items_purged":["Defend_B"],"score":312,"play_id":"3b15b7ee-8198-47e8-95a2-af55e2287b0a","local_time":"20180921202758","is_ascension_mode":true,"campfire_choices":[{"data":"Dualcast","floor":6,"key":"SMITH"},{"floor":8,"key":"REST"},{"floor":11,"key":"REST"},{"data":"Zap","floor":15,"key":"SMITH"}],"neow_cost":"NONE","seed_source_timestamp":545449613846204,"circlet_count":0,"master_deck":["Strike_B","Strike_B","Defend_B","Defend_B","Defend_B","Zap+1","Dualcast+1","AscendersBane","Darkness","Sunder","Gash","FTL","Sweeping Beam","Gash","Ball Lightning","Echo Form","Consume","Conserve Battery","Melter","Conserve Battery"],"relics":["Cracked Core","Strawberry","Happy Flower","Orichalcum","Inserter"],"potions_floor_usage":[4,7,16,16,18,23],"damage_taken":[{"damage":0,"enemies":"Small Slimes","floor":1,"turns":3},{"damage":1,"enemies":"Cultist","floor":3,"turns":3},{"damage":0,"enemies":"Jaw Worm","floor":4,"turns":1},{"damage":25,"enemies":"Lagavulin","floor":7,"turns":5},{"damage":7,"enemies":"Looter","floor":10,"turns":3},{"damage":3,"enemies":"Blue Slaver","floor":13,"turns":2},{"damage":42,"enemies":"Slime Boss","floor":16,"turns":9},{"damage":5,"enemies":"Spheric Guardian","floor":18,"turns":3},{"damage":29,"enemies":"2 Thieves","floor":19,"turns":4},{"damage":55,"enemies":"Slavers","floor":23,"turns":3}],"seed_played":"274300495734911038","potions_obtained":[{"floor":2,"key":"FairyPotion"},{"floor":2,"key":"Weak Potion"},{"floor":3,"key":"Fire Potion"},{"floor":7,"key":"GamblersBrew"},{"floor":13,"key":"Weak Potion"},{"floor":16,"key":"SteroidPotion"},{"floor":19,"key":"FocusPotion"}],"is_trial":false,"path_per_floor":["M","?","M","M","?","R","E","R","T","M","R","$","M","?","R","B",null,"M","M","?","$","?"],"character_chosen":"DEFECT","items_purchased":["Gash","Melter","Conserve Battery"],"campfire_rested":2,"item_purchase_floors":[12,21,21],"current_hp_per_floor":[75,75,74,74,79,79,54,80,80,73,87,87,84,84,84,42,76,71,42,42,42,42,0],"gold":0,"neow_bonus":"RANDOM_COMMON_RELIC","is_prod":false,"is_daily":false,"chose_seed":false,"campfire_upgraded":2,"win_rate":0,"timestamp":1537554478,"path_taken":["M","?","?","M","?","R","E","R","T","M","R","$","?","?","R","BOSS","M","M","?","$","?","E"],"build_version":"2018-09-20","purchased_purges":1,"victory":false,"max_hp_per_floor":[82,82,82,82,87,87,87,87,87,87,87,87,87,87,87,87,87,87,87,87,87,87,87],"card_choices":[{"not_picked":["Redo","Steam"],"picked":"Darkness","floor":1},{"not_picked":["Fusion","Barrage"],"picked":"Sunder","floor":3},{"not_picked":["Compile Driver","Tempest"],"picked":"Gash","floor":4},{"not_picked":["Go for the Eyes","Fusion"],"picked":"FTL","floor":7},{"not_picked":["Sunder","Cold Snap"],"picked":"Sweeping Beam","floor":10},{"not_picked":["Hologram","Thunder Strike"],"picked":"Ball Lightning","floor":13},{"not_picked":["Rainbow","Meteor Strike"],"picked":"Echo Form","floor":16},{"not_picked":["Steam","White Noise"],"picked":"Consume","floor":18},{"not_picked":["Steam","Beam Cell"],"picked":"Conserve Battery","floor":19}],"player_experience":485962,"relics_obtained":[{"floor":7,"key":"Happy Flower"},{"floor":9,"key":"Orichalcum"}],"event_choices":[{"event_name":"The Lab","player_choice":"Got Potions","floor":2,"damage_taken":0},{"event_name":"Big Fish","player_choice":"Donut","floor":5,"damage_taken":0},{"event_name":"Bonfire Elementals","player_choice":"BASIC","floor":14,"damage_taken":0},{"event_name":"Beggar","player_choice":"Gave Gold","floor":20,"damage_taken":0},{"event_name":"Ghosts","player_choice":"Ignored","floor":22,"damage_taken":0}],"is_beta":false,"boss_relics":[{"not_picked":["Orrery","Calling Bell"],"picked":"Inserter"}],"items_purged_floors":[12],"is_endless":false,"potions_floor_spawned":[3,7,13,16,19],"killed_by":"Slavers","ascension_level":13}