{"gold_per_floor":[114,32,47,47,62,62,77,77,77,107,122,152,152,167,167,267,267,282,382,382,182,197,227,227,227,302,302,317,67,67,82,82,182,182,197,212,212,227,227,227,227,227,277,17,32,34,34,49,49,49],"floor_reached":51,"playtime":2406,"items_purged":[],"score":825,"play_id":"b3891ab5-f9a5-45bb-ae7d-b5ff072c2a3b","local_time":"20181212194954","daily_mods":["Cursed Run","ControlledChaos","Terminal"],"is_ascension_mode":false,"campfire_choices":[{"data":"Infinite Blades","floor":6,"key":"SMITH"},{"data":"Noxious Fumes","floor":8,"key":"SMITH"},{"floor":13,"key":"REST"},{"data":"Setup","floor":15,"key":"SMITH"},{"floor":24,"key":"REST"},{"floor":27,"key":"REST"},{"data":"Outmaneuver","floor":30,"key":"SMITH"},{"data":"Burst","floor":32,"key":"SMITH"},{"floor":40,"key":"REST"},{"floor":47,"key":"REST"},{"floor":49,"key":"REST"}],"neow_cost":"","seed_source_timestamp":2256592927783548,"circlet_count":0,"master_deck":["Defend_G","Defend_G","Defend_G+1","Defend_G","Strike_G","Strike_G","Strike_G","Strike_G","Survivor","Neutralize","Infinite Blades+1","Noxious Fumes+1","Cloak And Dagger","Doubt","Dash","Setup+1","PiercingWail+1","Outmaneuver+1","Writhe","Burst+1","Quick Slash+1","Predator","Infinite Blades+1","Endless Agony","Setup+1","Parasite","Crippling Poison","Flying Knee","Writhe","Phantasmal Killer","Finisher+1","Blade Dance+1","Choke+1","Madness","Jack Of All Trades","Deep Breath","Writhe","Doubt","Catalyst","Cloak And Dagger+1","Heel Hook+1","Distraction+1","Pain"],"special_seed":17877,"relics":["Cursed Key","Darkstone Periapt","Du-Vu Doll","Frozen Eye","Dodecahedron","Bag of Preparation","Dead Branch","HoveringKite","Mango","Matryoshka","DollysMirror","Blood Vial","War Paint","Sundial","Ninja Scroll","Fusion Hammer","Oddly Smooth Stone","Smiling Mask","Lantern","Calipers"],"potions_floor_usage":[19,23,33,38,38,50],"damage_taken":[{"damage":1,"enemies":"Cultist","floor":1,"turns":4},{"damage":0,"enemies":"Small Slimes","floor":3,"turns":4},{"damage":2,"enemies":"Jaw Worm","floor":5,"turns":4},{"damage":0,"enemies":"2 Fungi Beasts","floor":7,"turns":3},{"damage":15,"enemies":"Gremlin Nob","floor":10,"turns":5},{"damage":0,"enemies":"Exordium Thugs","floor":11,"turns":4},{"damage":8,"enemies":"Lagavulin","floor":12,"turns":5},{"damage":0,"enemies":"Looter","floor":14,"turns":4},{"damage":4,"enemies":"The Guardian","floor":16,"turns":6},{"damage":0,"enemies":"Chosen","floor":18,"turns":3},{"damage":4,"enemies":"Colosseum Slavers","floor":19,"turns":4},{"damage":31,"enemies":"Colosseum Nobs","floor":19,"turns":5},{"damage":10,"enemies":"3 Byrds","floor":22,"turns":4},{"damage":5,"enemies":"Slavers","floor":23,"turns":4},{"damage":0,"enemies":"Snake Plant","floor":28,"turns":3},{"damage":0,"enemies":"Centurion and Healer","floor":31,"turns":3},{"damage":10,"enemies":"Collector","floor":33,"turns":6},{"damage":5,"enemies":"Orb Walker","floor":35,"turns":2},{"damage":4,"enemies":"3 Shapes","floor":36,"turns":2},{"damage":12,"enemies":"Jaw Worm Horde","floor":38,"turns":2},{"damage":0,"enemies":"3 Darklings","floor":45,"turns":2},{"damage":19,"enemies":"2 Orb Walkers","floor":46,"turns":3},{"damage":25,"enemies":"Sphere and 2 Shapes","floor":48,"turns":2},{"damage":13,"enemies":"Donu and Deca","floor":50,"turns":4}],"seed_played":"-2893095537371468072","potions_obtained":[{"floor":1,"key":"Regen Potion"},{"floor":4,"key":"SteroidPotion"},{"floor":4,"key":"SmokeBomb"},{"floor":23,"key":"Fire Potion"},{"floor":28,"key":"LiquidBronze"},{"floor":31,"key":"Regen Potion"},{"floor":33,"key":"AttackPotion"},{"floor":38,"key":"Poison Potion"}],"is_trial":false,"path_per_floor":["M","$","M","?","M","R","M","R","T","E","M","E","R","M","R","B",null,"M","?","?","$","M","E","R","?","T","R","M","$","R","M","R","B",null,"M","M","?","M","?","R","?","?","T","$","M","?","R","M","R","B",null],"character_chosen":"THE_SILENT","items_purchased":["Infinite Blades","DollysMirror","Ninja Scroll","Lantern","GhostInAJar","Catalyst"],"campfire_rested":6,"item_purchase_floors":[2,21,29,44,44,44],"current_hp_per_floor":[68,67,66,65,63,63,62,61,66,51,51,43,61,61,60,62,64,63,54,54,54,44,39,60,60,66,74,73,72,71,70,69,74,73,68,66,66,56,56,67,57,71,76,75,74,55,72,47,68,63],"gold":49,"neow_bonus":"","is_prod":false,"is_daily":true,"chose_seed":false,"campfire_upgraded":5,"win_rate":0,"timestamp":1544640594,"path_taken":["M","$","?","?","?","R","M","R","T","E","M","E","R","M","R","BOSS","M","?","?","$","?","E","R","?","T","R","M","$","R","M","R","BOSS","M","M","?","M","?","R","?","?","T","$","M","?","R","M","R","BOSS"],"build_version":"2018-12-06","purchased_purges":0,"victory":true,"max_hp_per_floor":[68,67,66,65,64,63,62,61,66,65,64,63,62,61,60,65,64,63,76,75,74,73,72,71,70,75,74,73,72,71,70,69,74,73,72,71,70,69,68,67,66,71,76,75,74,73,72,71,70,75],"card_choices":[{"not_picked":["Bouncing Flask","Dodge and Roll","PiercingWail"],"picked":"SKIP","floor":1},{"not_picked":["Escape Plan","Footwork"],"picked":"Noxious Fumes","floor":3},{"not_picked":["Prepared","PiercingWail"],"picked":"Cloak And Dagger","floor":5},{"not_picked":["Slice","Endless Agony","Leg Sweep"],"picked":"SKIP","floor":7},{"not_picked":["Distraction","Deflect"],"picked":"Dash","floor":10},{"not_picked":["Deadly Poison","Prepared"],"picked":"Setup","floor":11},{"not_picked":["Bouncing Flask","Deflect"],"picked":"PiercingWail","floor":12},{"not_picked":["Skewer","Cloak And Dagger"],"picked":"Outmaneuver","floor":14},{"not_picked":["Wraith Form v2","Storm of Steel"],"picked":"Burst","floor":16},{"not_picked":["Acrobatics","Flechettes"],"picked":"Quick Slash+1","floor":18},{"not_picked":["Backflip","Prepared+1"],"picked":"Predator","floor":19},{"not_picked":["Backflip","Quick Slash"],"picked":"Endless Agony","floor":22},{"not_picked":["Burst","Bouncing Flask"],"picked":"Setup+1","floor":23},{"not_picked":["Deflect","Underhanded Strike"],"picked":"Crippling Poison","floor":28},{"not_picked":["Dagger Throw","Blade Dance"],"picked":"Flying Knee","floor":31},{"not_picked":["Malaise","Glass Knife"],"picked":"Phantasmal Killer","floor":33},{"not_picked":["Blade Dance+1","Poisoned Stab+1"],"picked":"Finisher+1","floor":35},{"not_picked":["Calculated Gamble+1","Cloak And Dagger+1"],"picked":"Blade Dance+1","floor":36},{"not_picked":["Dagger Throw+1","Acrobatics"],"picked":"Choke+1","floor":38},{"not_picked":["Purity","Enlightenment"],"picked":"Madness","floor":41},{"not_picked":["Sadistic Nature","The Bomb"],"picked":"Jack Of All Trades","floor":41},{"not_picked":["Swift Strike","Forethought"],"picked":"Deep Breath","floor":41},{"not_picked":["Heel Hook","Bane"],"picked":"Cloak And Dagger+1","floor":45},{"not_picked":["Backflip+1","Finisher"],"picked":"Heel Hook+1","floor":46},{"not_picked":["Burst","Poisoned Stab+1"],"picked":"Distraction+1","floor":48}],"player_experience":439663,"relics_obtained":[{"floor":9,"key":"Dodecahedron"},{"floor":10,"key":"Bag of Preparation"},{"floor":12,"key":"Dead Branch"},{"floor":19,"key":"Mango"},{"floor":19,"key":"Matryoshka"},{"floor":23,"key":"Blood Vial"},{"floor":26,"key":"War Paint"},{"floor":26,"key":"Sundial"},{"floor":43,"key":"Oddly Smooth Stone"},{"floor":43,"key":"Smiling Mask"},{"floor":46,"key":"Calipers"}],"event_choices":[{"damage_healed":0,"gold_gain":0,"player_choice":"Got Potions","damage_taken":0,"max_hp_gain":0,"max_hp_loss":0,"event_name":"Lab","floor":4,"gold_loss":0},{"damage_healed":0,"gold_gain":0,"player_choice":"Fight","damage_taken":0,"max_hp_gain":0,"max_hp_loss":0,"event_name":"Colosseum","floor":19,"gold_loss":0},{"damage_healed":0,"gold_gain":0,"player_choice":"Fought Nobs","damage_taken":0,"max_hp_gain":0,"max_hp_loss":0,"event_name":"Colosseum","floor":19,"gold_loss":0},{"cards_removed":["Defend_G"],"damage_healed":0,"gold_gain":0,"player_choice":"Purged","damage_taken":0,"max_hp_gain":0,"max_hp_loss":0,"event_name":"Purifier","floor":20,"gold_loss":0},{"damage_healed":0,"gold_gain":0,"player_choice":"Ignored","damage_taken":0,"max_hp_gain":0,"max_hp_loss":0,"event_name":"Ghosts","floor":25,"gold_loss":0},{"damage_healed":0,"gold_gain":0,"player_choice":"Ignored","damage_taken":0,"max_hp_gain":0,"max_hp_loss":0,"event_name":"Tomb of Lord Red Mask","floor":37,"gold_loss":0},{"cards_removed":["Strike_G"],"damage_healed":0,"gold_gain":0,"player_choice":"Removed Attack","damage_taken":0,"max_hp_gain":0,"max_hp_loss":0,"event_name":"Falling","floor":39,"gold_loss":0},{"damage_healed":0,"gold_gain":0,"player_choice":"Memory 3","damage_taken":10,"max_hp_gain":0,"max_hp_loss":0,"event_name":"SensoryStone","floor":41,"gold_loss":0},{"damage_healed":17,"gold_gain":0,"player_choice":"Writhe","damage_taken":0,"max_hp_gain":0,"max_hp_loss":0,"event_name":"Winding Halls","floor":42,"gold_loss":0,"cards_obtained":["Writhe"]},{"damage_healed":0,"gold_gain":0,"player_choice":"Fight","damage_taken":0,"max_hp_gain":0,"max_hp_loss":0,"event_name":"Mysterious Sphere","floor":46,"gold_loss":0}],"is_beta":false,"boss_relics":[{"not_picked":["Ectoplasm","Pandora\u0027s Box"],"picked":"HoveringKite"},{"not_picked":["Snecko Eye","Runic Pyramid"],"picked":"Fusion Hammer"}],"items_purged_floors":[],"is_endless":false,"potions_floor_spawned":[1,5,7,11,23,28,31,33,38,46],"ascension_level":0}