{"path_per_floor":["M","M","M","M","M","E","R","E","T","R","E","?","M","M","R"],"character_chosen":"DEFECT","items_purchased":[],"gold_per_floor":[110,130,141,157,175,210,210,275,275,275,303,303,323,341,341,341],"floor_reached":16,"campfire_rested":0,"playtime":1137,"current_hp_per_floor":[69,68,66,61,56,37,37,32,32,32,15,15,8,6,6,0],"items_purged":[],"gold":341,"score":130,"play_id":"987953c2-899e-4cb5-9d8a-ed193405b6cb","local_time":"20180517232757","is_prod":false,"is_daily":false,"chose_seed":false,"is_ascension_mode":true,"campfire_upgraded":3,"timestamp":1526592477,"campfire_choices":[{"data":"Consume","floor":7,"key":"SMITH"},{"data":"Double Energy","floor":10,"key":"SMITH"},{"data":"Hologram","floor":15,"key":"SMITH"}],"path_taken":["M","M","M","M","M","E","R","E","T","R","E","?","M","M","R","BOSS"],"build_version":"2018-05-17","seed_source_timestamp":180946525727723,"purchased_purges":0,"victory":false,"master_deck":["Strike_B","Strike_B","Strike_B","Strike_B","Defend_B","Defend_B","Defend_B","Defend_B","Zap","Sweeping Beam","Consume+1","Beam Cell","BootSequence","Ball Lightning","Ball Lightning","Double Energy+1","Streamline","Rebound","Hologram+1"],"max_hp_per_floor":[75,75,75,75,75,75,75,75,75,75,75,75,75,75,75,75],"relics":["Cracked Core","Bag of Marbles","Tiny Chest","Art of War","Orichalcum"],"card_choices":[{"not_picked":["Glacier","Hello World"],"picked":"Sweeping Beam","floor":1},{"not_picked":["Sweeping Beam","Steam"],"picked":"Consume","floor":2},{"not_picked":["Conserve Battery","Chaos"],"picked":"Beam Cell","floor":3},{"not_picked":["Self Repair","Leap"],"picked":"BootSequence","floor":4},{"not_picked":["Multi-Cast","Coolheaded"],"picked":"Ball Lightning","floor":5},{"not_picked":["Rainbow","Beam Cell"],"picked":"Ball Lightning","floor":6},{"not_picked":["Cold Snap","Self Repair"],"picked":"Double Energy","floor":8},{"not_picked":["Go for the Eyes","Chaos"],"picked":"Streamline","floor":11},{"not_picked":["Steam","Coolheaded"],"picked":"Rebound","floor":13},{"not_picked":["Beam Cell","Go for the Eyes"],"picked":"Hologram","floor":14}],"player_experience":88503,"potions_floor_usage":[6],"damage_taken":[{"damage":6,"enemies":"Jaw Worm","floor":1,"turns":4},{"damage":1,"enemies":"Cultist","floor":2,"turns":4},{"damage":2,"enemies":"Small Slimes","floor":3,"turns":4},{"damage":5,"enemies":"2 Fungi Beasts","floor":4,"turns":3},{"damage":5,"enemies":"Looter","floor":5,"turns":3},{"damage":19,"enemies":"3 Sentries","floor":6,"turns":6},{"damage":5,"enemies":"Gremlin Nob","floor":8,"turns":3},{"damage":17,"enemies":"3 Sentries","floor":11,"turns":6},{"damage":7,"enemies":"Exordium Thugs","floor":13,"turns":3},{"damage":2,"enemies":"3 Louse","floor":14,"turns":3},{"damage":6,"enemies":"The Guardian","floor":16,"turns":3}],"relics_obtained":[{"floor":6,"key":"Bag of Marbles"},{"floor":8,"key":"Tiny Chest"},{"floor":9,"key":"Art of War"},{"floor":11,"key":"Orichalcum"}],"event_choices":[{"event_name":"Purifier","player_choice":"One Purge","floor":12,"damage_taken":0}],"boss_relics":[],"potions_floor_spawned":[1,3,5,11,13],"seed_played":"-1039268071591647941","killed_by":"The Guardian","ascension_level":1,"potions_obtained":[{"floor":1,"key":"Weak Potion"},{"floor":3,"key":"Poison Potion"},{"floor":5,"key":"AttackPotion"},{"floor":11,"key":"GamblersBrew"},{"floor":13,"key":"Block Potion"}],"is_trial":false}