{"gold_per_floor":[118,118,90,15,15,15,27,27,27,46,46,63,82,109,109,109],"floor_reached":16,"playtime":761,"items_purged":["Strike_R"],"score":115,"play_id":"736c5b6a-833e-4a5b-965e-6bc9e46a02e9","local_time":"20180917035753","is_ascension_mode":true,"campfire_choices":[{"floor":6,"key":"REST"},{"data":"Uppercut","floor":8,"key":"SMITH"},{"data":"Barricade","floor":11,"key":"SMITH"},{"floor":15,"key":"REST"}],"neow_cost":"PERCENT_DAMAGE","seed_source_timestamp":141019067874061,"circlet_count":0,"master_deck":["Strike_R","Strike_R","Strike_R","Strike_R","Defend_R","Defend_R","Defend_R","Bash+1","Dropkick","Uppercut+1","Barricade+1","Armaments","Metallicize"],"relics":["Burning Blood","Champion Belt","Question Card","Juzu Bracelet"],"potions_floor_usage":[12,14],"damage_taken":[{"damage":5,"enemies":"Jaw Worm","floor":1,"turns":5},{"damage":0,"enemies":"Cultist","floor":7,"turns":4},{"damage":1,"enemies":"2 Louse","floor":10,"turns":3},{"damage":14,"enemies":"Exordium Wildlife","floor":12,"turns":3},{"damage":9,"enemies":"Looter","floor":13,"turns":4},{"damage":24,"enemies":"3 Sentries","floor":14,"turns":7},{"damage":89,"enemies":"Hexaghost","floor":16,"turns":20}],"seed_played":"-1634397925532039626","potions_obtained":[{"floor":7,"key":"Explosive Potion"},{"floor":10,"key":"FairyPotion"},{"floor":13,"key":"Explosive Potion"},{"floor":14,"key":"LiquidBronze"}],"is_trial":false,"path_per_floor":["M","?","?","$","?","R","M","R","T","M","R","M","M","E","R"],"character_chosen":"IRONCLAD","items_purchased":[],"campfire_rested":2,"item_purchase_floors":[],"current_hp_per_floor":[57,57,57,57,57,80,80,80,80,80,80,72,69,51,75,0],"gold":109,"neow_bonus":"ONE_RARE_RELIC","is_prod":false,"is_daily":false,"chose_seed":false,"campfire_upgraded":2,"win_rate":0,"timestamp":1537149473,"path_taken":["M","?","?","?","?","R","M","R","T","M","R","M","M","E","R","BOSS"],"build_version":"2018-09-06","purchased_purges":1,"victory":false,"max_hp_per_floor":[80,80,80,80,80,80,80,80,80,80,80,80,80,80,80,80],"card_choices":[{"not_picked":["Heavy Blade","Shockwave"],"picked":"Dropkick","floor":1},{"not_picked":["Heavy Blade","Shockwave"],"picked":"Uppercut","floor":7},{"not_picked":["Ghostly Armor","Iron Wave","Anger"],"picked":"Barricade","floor":10},{"not_picked":["Perfected Strike","Burning Pact","Sentinel"],"picked":"Armaments","floor":12},{"not_picked":["Sword Boomerang","Fire Breathing","True Grit","Sentinel"],"picked":"SKIP","floor":13},{"not_picked":["Whirlwind","Combust","Power Through"],"picked":"Metallicize","floor":14}],"player_experience":272974,"relics_obtained":[{"floor":9,"key":"Question Card"},{"floor":14,"key":"Juzu Bracelet"}],"event_choices":[{"event_name":"Purifier","player_choice":"One Purge","floor":2,"damage_taken":0},{"event_name":"World of Goop","player_choice":"Left","floor":3,"damage_taken":0},{"event_name":"Living Wall","player_choice":"Grow","floor":5,"damage_taken":0}],"is_beta":false,"boss_relics":[],"items_purged_floors":[4],"is_endless":false,"potions_floor_spawned":[7,10,13,14],"killed_by":"Hexaghost","ascension_level":3}