{"gold_per_floor":[112,129,79,99,116,116,150,120,120,152,152,169,197,208,208,285,285,301,701,701,717,418,449,449,482,507,507,535,552,564,153,153,232,232,242,257,257,272,1271,1304,1304,1322,1346,1346,704,714,731,746,746,746],"floor_reached":51,"playtime":2560,"items_purged":["Iron Wave","Strike_R+1"],"score":1295,"play_id":"5ebe6607-e9c7-4280-9504-82b63fed698d","local_time":"20181031182023","is_ascension_mode":true,"campfire_choices":[{"data":"Bash","floor":6,"key":"SMITH"},{"data":"Immolate","floor":11,"key":"SMITH"},{"data":"True Grit","floor":15,"key":"SMITH"},{"floor":24,"key":"REST"},{"floor":27,"key":"REST"},{"floor":32,"key":"REST"},{"floor":41,"key":"REST"},{"floor":49,"key":"REST"}],"neow_cost":"NONE","seed_source_timestamp":432145092953185,"circlet_count":0,"master_deck":["Strike_R+1","Strike_R+1","Strike_R+1","Defend_R+1","Defend_R+1","Defend_R+1","Defend_R+1","Bash+1","AscendersBane","Offering","Shrug It Off","Pommel Strike","Immolate+1","Spot Weakness+1","True Grit+1","Demon Form","Clothesline","Dual Wield+1","Shockwave","Feed","Ghostly Armor+1","Sword Boomerang+1","Disarm","Violence","Limit Break","Offering","Battle Trance","Intimidate+1","Thinking Ahead","Inflame","Demon Form"],"relics":["Burning Blood","Oddly Smooth Stone","Juzu Bracelet","Mercury Hourglass","Orichalcum","Fusion Hammer","Old Coin","Ornamental Fan","Anchor","Omamori","Red Skull","War Paint","Dodecahedron","Blood Vial","Velvet Choker","Turnip","Dream Catcher","Regal Pillow","Membership Card","Paper Frog","Pen Nib"],"potions_floor_usage":[7,12,13,19,23,25,33,33,38,50],"damage_taken":[{"damage":3,"enemies":"2 Louse","floor":1,"turns":4},{"damage":8,"enemies":"Jaw Worm","floor":2,"turns":3},{"damage":6,"enemies":"Cultist","floor":4,"turns":2},{"damage":8,"enemies":"Exordium Wildlife","floor":5,"turns":5},{"damage":28,"enemies":"Lagavulin","floor":7,"turns":6},{"damage":24,"enemies":"Gremlin Nob","floor":10,"turns":4},{"damage":5,"enemies":"Exordium Thugs","floor":12,"turns":2},{"damage":12,"enemies":"Lagavulin","floor":13,"turns":4},{"damage":2,"enemies":"Red Slaver","floor":14,"turns":3},{"damage":14,"enemies":"Slime Boss","floor":16,"turns":7},{"damage":7,"enemies":"Spheric Guardian","floor":18,"turns":3},{"damage":18,"enemies":"Colosseum Slavers","floor":19,"turns":3},{"damage":30,"enemies":"Colosseum Nobs","floor":19,"turns":5},{"damage":6,"enemies":"Shell Parasite","floor":21,"turns":3},{"damage":11,"enemies":"Book of Stabbing","floor":23,"turns":4},{"damage":18,"enemies":"Slavers","floor":25,"turns":5},{"damage":23,"enemies":"Book of Stabbing","floor":28,"turns":5},{"damage":6,"enemies":"Shelled Parasite and Fungi","floor":29,"turns":6},{"damage":6,"enemies":"Centurion and Healer","floor":30,"turns":7},{"damage":77,"enemies":"Collector","floor":33,"turns":8},{"damage":0,"enemies":"Orb Walker","floor":35,"turns":2},{"damage":14,"enemies":"3 Shapes","floor":36,"turns":4},{"damage":6,"enemies":"Jaw Worm Horde","floor":38,"turns":2},{"damage":57,"enemies":"Nemesis","floor":40,"turns":9},{"damage":6,"enemies":"Sphere and 2 Shapes","floor":42,"turns":4},{"damage":0,"enemies":"Spire Growth","floor":46,"turns":4},{"damage":14,"enemies":"3 Darklings","floor":47,"turns":2},{"damage":12,"enemies":"Jaw Worm Horde","floor":48,"turns":3},{"damage":49,"enemies":"Donu and Deca","floor":50,"turns":4}],"seed_played":"-5616468475996839423","potions_obtained":[{"floor":4,"key":"Energy Potion"},{"floor":5,"key":"Energy Potion"},{"floor":8,"key":"Swift Potion"},{"floor":12,"key":"Explosive Potion"},{"floor":13,"key":"Ancient Potion"},{"floor":16,"key":"Dexterity Potion"},{"floor":19,"key":"AttackPotion"},{"floor":25,"key":"GamblersBrew"},{"floor":30,"key":"SkillPotion"},{"floor":33,"key":"Regen Potion"},{"floor":40,"key":"Poison Potion"}],"is_trial":false,"path_per_floor":["M","M","?","M","M","R","E","?","T","E","R","M","E","M","R","B",null,"M","?","?","M","$","E","R","E","T","R","E","M","M","$","R","B",null,"M","M","?","M","?","E","R","M","T","?","$","M","M","M","R","B",null],"character_chosen":"IRONCLAD","items_purchased":["Anchor","Feed","Blood Vial","Violence","Membership Card","Paper Frog","Pen Nib","Thinking Ahead","Inflame","Fire Potion","GamblersBrew"],"campfire_rested":5,"item_purchase_floors":[22,22,31,31,45,45,45,45,45,45,45],"current_hp_per_floor":[75,73,73,73,71,71,49,49,49,31,31,32,26,30,30,22,66,65,29,29,29,29,24,48,39,39,63,46,49,52,52,78,9,69,77,74,74,84,84,35,63,68,68,68,68,76,70,69,101,58],"gold":746,"neow_bonus":"ONE_RANDOM_RARE_CARD","is_prod":false,"is_daily":false,"chose_seed":false,"campfire_upgraded":3,"win_rate":0,"timestamp":1541006423,"path_taken":["M","M","?","M","M","R","E","?","T","E","R","M","E","M","R","BOSS","M","?","?","M","?","E","R","E","T","R","E","M","M","$","R","BOSS","M","M","?","M","?","E","R","M","T","?","$","M","M","M","R","BOSS"],"build_version":"2018-10-30","purchased_purges":2,"victory":true,"max_hp_per_floor":[80,80,80,80,80,80,80,80,80,80,80,80,80,80,80,80,80,80,80,80,80,80,80,80,83,83,83,83,86,89,89,89,89,89,89,92,92,95,95,95,95,98,98,98,98,98,98,101,101,101],"card_choices":[{"not_picked":["Headbutt","Heavy Blade"],"picked":"Shrug It Off","floor":1},{"not_picked":["Flex","Wild Strike"],"picked":"Pommel Strike","floor":2},{"not_picked":["Metallicize","Blood for Blood"],"picked":"Iron Wave","floor":4},{"not_picked":["Pummel","Searing Blow","Armaments"],"picked":"SKIP","floor":5},{"not_picked":["Twin Strike","Heavy Blade"],"picked":"Immolate","floor":7},{"not_picked":["Flex","Pommel Strike","Sever Soul"],"picked":"SKIP","floor":10},{"not_picked":["Pommel Strike","Warcry"],"picked":"Spot Weakness","floor":12},{"not_picked":["Searing Blow","Burning Pact","Spot Weakness"],"picked":"SKIP","floor":13},{"not_picked":["Body Slam","Hemokinesis"],"picked":"True Grit","floor":14},{"not_picked":["Fiend Fire","Offering"],"picked":"Demon Form","floor":16},{"not_picked":["Sever Soul","Sword Boomerang"],"picked":"Clothesline","floor":18},{"not_picked":["Dropkick","Uppercut"],"picked":"Dual Wield","floor":19},{"not_picked":["Shrug It Off","Pommel Strike"],"picked":"Shockwave","floor":21},{"not_picked":["Iron Wave","Body Slam","Perfected Strike+1"],"picked":"SKIP","floor":23},{"not_picked":["Flex","Armaments"],"picked":"Ghostly Armor+1","floor":25},{"not_picked":["Juggernaut","Exhume"],"picked":"Sword Boomerang+1","floor":28},{"not_picked":["Anger","Pummel","Seeing Red"],"picked":"SKIP","floor":29},{"not_picked":["Metallicize","Seeing Red"],"picked":"Disarm","floor":30},{"not_picked":["Barricade","Exhume"],"picked":"Limit Break","floor":33},{"not_picked":["Dropkick","Armaments","Anger"],"picked":"SKIP","floor":35},{"not_picked":["Thunderclap","Heavy Blade","Reckless Charge"],"picked":"SKIP","floor":36},{"not_picked":["Flex","Dual Wield+1","Clash"],"picked":"SKIP","floor":38},{"not_picked":["Sentinel+1","Flex"],"picked":"Battle Trance","floor":40},{"not_picked":["Flex","Havoc"],"picked":"Intimidate+1","floor":42},{"not_picked":["Battle Trance+1","Havoc"],"picked":"Demon Form","floor":46},{"not_picked":["Anger","Burning Pact","Body Slam"],"picked":"SKIP","floor":47},{"not_picked":["Sword Boomerang","Dropkick","Inflame"],"picked":"SKIP","floor":48}],"player_experience":292951,"relics_obtained":[{"floor":7,"key":"Oddly Smooth Stone"},{"floor":9,"key":"Juzu Bracelet"},{"floor":10,"key":"Mercury Hourglass"},{"floor":13,"key":"Orichalcum"},{"floor":19,"key":"Old Coin"},{"floor":19,"key":"Ornamental Fan"},{"floor":23,"key":"Omamori"},{"floor":25,"key":"Red Skull"},{"floor":26,"key":"War Paint"},{"floor":28,"key":"Dodecahedron"},{"floor":40,"key":"Turnip"},{"floor":43,"key":"Dream Catcher"}],"event_choices":[{"cards_removed":["Strike_R"],"damage_healed":0,"gold_gain":0,"player_choice":"Card Removal","damage_taken":0,"max_hp_gain":0,"max_hp_loss":0,"event_name":"The Cleric","floor":3,"gold_loss":50},{"damage_healed":0,"gold_gain":0,"player_choice":"Bought 2 Potions","damage_taken":0,"max_hp_gain":0,"max_hp_loss":0,"event_name":"The Woman in Blue","floor":8,"gold_loss":0},{"damage_healed":0,"gold_gain":0,"player_choice":"Fight","damage_taken":0,"max_hp_gain":0,"max_hp_loss":0,"event_name":"Colosseum","floor":19,"gold_loss":0},{"damage_healed":0,"gold_gain":0,"player_choice":"Fought Nobs","damage_taken":0,"max_hp_gain":0,"max_hp_loss":0,"event_name":"Colosseum","floor":19,"gold_loss":0},{"damage_healed":0,"gold_gain":0,"player_choice":"Simplicity","damage_taken":0,"max_hp_gain":0,"max_hp_loss":0,"event_name":"Back to Basics","floor":20,"gold_loss":0,"cards_upgraded":["Strike_R","Strike_R","Strike_R","Strike_R","Defend_R","Defend_R","Defend_R","Defend_R"]},{"damage_healed":0,"gold_gain":0,"player_choice":"Copied","damage_taken":0,"max_hp_gain":0,"max_hp_loss":0,"event_name":"Duplicator","floor":37,"gold_loss":0,"cards_obtained":["Offering"]},{"damage_healed":0,"gold_gain":999,"player_choice":"Gold","damage_taken":0,"max_hp_gain":0,"max_hp_loss":0,"event_name":"MindBloom","floor":39,"gold_loss":0,"cards_obtained":["Normality","Normality"]},{"damage_healed":0,"gold_gain":0,"player_choice":"Gave Potion","damage_taken":0,"relics_obtained":["Regal Pillow"],"max_hp_gain":0,"max_hp_loss":0,"event_name":"WeMeetAgain","floor":44,"gold_loss":0}],"is_beta":true,"boss_relics":[{"not_picked":["Orrery","Lizard Tail"],"picked":"Fusion Hammer"},{"not_picked":["Pandora\u0027s Box","Coffee Dripper"],"picked":"Velvet Choker"}],"items_purged_floors":[31,45],"is_endless":false,"potions_floor_spawned":[4,5,10,12,13,16,18,19,25,30,33,40,46,47],"ascension_level":13}