{"gold_per_floor":[113,92,92,103,119,119,149,149,149,149,149,149,74,106,106,207,207,226,244,244,258,258,285,296,296,296,296,306,336,81,97,97,97],"floor_reached":33,"playtime":4281,"items_purged":["Strike_G","Strike_G"],"score":540,"play_id":"28399c5d-634b-4829-97b4-307c6039bf1a","local_time":"20181215211649","is_ascension_mode":true,"campfire_choices":[{"floor":6,"key":"REST"},{"floor":8,"key":"REST"},{"floor":11,"key":"REST"},{"data":"Malaise","floor":12,"key":"SMITH"},{"data":"Neutralize","floor":15,"key":"SMITH"},{"floor":25,"key":"REST"},{"floor":27,"key":"REST"},{"data":"Envenom","floor":32,"key":"SMITH"}],"neow_cost":"NONE","seed_source_timestamp":264179953170994,"circlet_count":0,"master_deck":["AscendersBane","Defend_G","Defend_G","Defend_G+1","Defend_G","Strike_G","Strike_G","Survivor+1","Neutralize+1","Malaise+1","Deadly Poison","Deadly Poison","Cloak And Dagger","Deadly Poison","Envenom+1","All Out Attack+1","Escape Plan","Decay","Deadly Poison","Catalyst"],"relics":["Ring of the Snake","Torii","FossilizedHelix","WingedGreaves","Thread and Needle","Philosopher\u0027s Stone","Nilry\u0027s Codex","Paper Crane","Blue Candle","StoneCalendar","War Paint"],"potions_floor_usage":[16,23,29,33,33],"damage_taken":[{"damage":19,"enemies":"Jaw Worm","floor":1,"turns":7},{"damage":0,"enemies":"Small Slimes","floor":4,"turns":4},{"damage":0,"enemies":"2 Louse","floor":5,"turns":3},{"damage":43,"enemies":"Lagavulin","floor":7,"turns":8},{"damage":12,"enemies":"3 Sentries","floor":14,"turns":11},{"damage":0,"enemies":"Hexaghost","floor":16,"turns":11},{"damage":0,"enemies":"Shell Parasite","floor":18,"turns":5},{"damage":0,"enemies":"Spheric Guardian","floor":19,"turns":4},{"damage":1,"enemies":"Centurion and Healer","floor":21,"turns":7},{"damage":41,"enemies":"Slavers","floor":23,"turns":6},{"damage":0,"enemies":"Snecko","floor":24,"turns":6},{"damage":0,"enemies":"Shelled Parasite and Fungi","floor":28,"turns":4},{"damage":5,"enemies":"Gremlin Leader","floor":29,"turns":5},{"damage":2,"enemies":"Snake Plant","floor":31,"turns":4},{"damage":45,"enemies":"Automaton","floor":33,"turns":6}],"seed_played":"5113824796152328955","potions_obtained":[{"floor":4,"key":"GamblersBrew"},{"floor":14,"key":"Weak Potion"},{"floor":16,"key":"Explosive Potion"},{"floor":21,"key":"FearPotion"},{"floor":24,"key":"GhostInAJar"},{"floor":28,"key":"EssenceOfSteel"},{"floor":29,"key":"Swift Potion"}],"is_trial":false,"path_per_floor":["M","?","?","M","M","R","E","R","T","?","R","R","$","E","R","B",null,"M","M","?","M","?","E","M","R","T","R","M","E","$","M","R","B"],"character_chosen":"THE_SILENT","items_purchased":["War Paint"],"campfire_rested":5,"item_purchase_floors":[30],"current_hp_per_floor":[44,44,37,37,37,58,15,36,36,36,57,57,57,45,45,45,64,64,64,48,47,47,6,6,27,27,48,48,43,43,41,41,0],"gold":97,"neow_bonus":"TRANSFORM_CARD","is_prod":false,"is_daily":false,"chose_seed":false,"campfire_upgraded":3,"win_rate":0,"timestamp":1544937409,"path_taken":["M","?","?","M","M","R","E","R","T","?","R","R","?","E","R","BOSS","M","M","?","M","?","E","M","R","T","R","M","E","$","M","R","BOSS"],"build_version":"2018-12-13","purchased_purges":2,"victory":false,"max_hp_per_floor":[70,70,70,70,70,70,70,70,70,70,70,70,70,70,70,70,70,70,70,70,70,70,70,70,70,70,70,70,70,70,70,70,70],"card_choices":[{"not_picked":["Outmaneuver","Bane"],"picked":"Deadly Poison","floor":1},{"not_picked":["Acrobatics","Underhanded Strike","Skewer"],"picked":"SKIP","floor":4},{"not_picked":["Deflect","Well Laid Plans"],"picked":"Deadly Poison","floor":5},{"not_picked":["Dagger Throw","Poisoned Stab"],"picked":"Cloak And Dagger","floor":7},{"not_picked":["Blur","Infinite Blades"],"picked":"Deadly Poison","floor":14},{"not_picked":["Wraith Form v2","Die Die Die"],"picked":"Envenom","floor":16},{"not_picked":["Poisoned Stab","Sucker Punch"],"picked":"All Out Attack+1","floor":18},{"not_picked":["Predator","Blur"],"picked":"Escape Plan","floor":19},{"not_picked":["Blade Dance","Finisher","Leg Sweep"],"picked":"SKIP","floor":21},{"not_picked":["Blur","Calculated Gamble","Flying Knee+1"],"picked":"SKIP","floor":23},{"not_picked":["Setup","Outmaneuver","Predator"],"picked":"SKIP","floor":24},{"not_picked":["Flying Knee","Prepared"],"picked":"Deadly Poison","floor":28},{"not_picked":["Quick Slash","Sucker Punch+1"],"picked":"Catalyst","floor":29},{"not_picked":["Phantasmal Killer","PiercingWail+1","Setup+1"],"picked":"SKIP","floor":31}],"player_experience":581886,"relics_obtained":[{"floor":7,"key":"Torii"},{"floor":9,"key":"FossilizedHelix"},{"floor":14,"key":"Thread and Needle"},{"floor":20,"key":"Nilry\u0027s Codex"},{"floor":23,"key":"Paper Crane"},{"floor":26,"key":"Blue Candle"},{"floor":29,"key":"StoneCalendar"}],"event_choices":[{"damage_healed":0,"gold_gain":0,"player_choice":"Left Gold","damage_taken":0,"max_hp_gain":0,"max_hp_loss":0,"event_name":"World of Goop","floor":2,"gold_loss":21},{"cards_removed":["Defend_G"],"damage_healed":0,"gold_gain":0,"player_choice":"Card Removal","damage_taken":7,"max_hp_gain":0,"max_hp_loss":0,"event_name":"Golden Wing","floor":3,"gold_loss":0},{"damage_healed":0,"gold_gain":0,"player_choice":"Searched \u00272\u0027 times","damage_taken":0,"relics_obtained":["WingedGreaves"],"max_hp_gain":0,"max_hp_loss":0,"event_name":"Dead Adventurer","floor":10,"gold_loss":0},{"damage_healed":0,"gold_gain":0,"player_choice":"Obtained Book","damage_taken":16,"max_hp_gain":0,"max_hp_loss":0,"event_name":"Cursed Tome","floor":20,"gold_loss":0},{"damage_healed":0,"gold_gain":0,"player_choice":"Smashed Altar","damage_taken":0,"max_hp_gain":0,"max_hp_loss":0,"event_name":"Forgotten Altar","floor":22,"gold_loss":0,"cards_obtained":["Decay"]}],"is_beta":false,"boss_relics":[{"not_picked":["Runic Pyramid","Coffee Dripper"],"picked":"Philosopher\u0027s Stone"}],"items_purged_floors":[13,30],"is_endless":false,"potions_floor_spawned":[4,14,16,21,24,28,29],"killed_by":"Automaton","ascension_level":10}