{"gold_per_floor":[109,184,204,204,54,83,103,116,116,116,116],"floor_reached":11,"playtime":1579,"items_purged":[],"score":73,"play_id":"b2ced8e7-133c-4b48-8e60-dcf48ca537b5","local_time":"20190326162352","is_ascension_mode":false,"campfire_choices":[],"neow_cost":"NONE","seed_source_timestamp":0,"circlet_count":0,"master_deck":["Strike_B","Strike_B","Strike_B","Strike_B","Defend_B","Defend_B","Defend_B","Defend_B","Zap","Dualcast+1","Sweeping Beam","Coolheaded","Capacitor","Chaos","Storm","Static Discharge","Leap","Injury"],"special_seed":0,"relics":["Cracked Core","Oddly Smooth Stone","Mercury Hourglass","Golden Idol"],"potions_floor_usage":[6],"damage_taken":[{"damage":10.0,"enemies":"Jaw Worm","floor":1.0,"turns":4.0},{"damage":4.0,"enemies":"2 Louse","floor":3.0,"turns":3.0},{"damage":37,"enemies":"Gremlin Nob","floor":6,"turns":5},{"damage":3,"enemies":"Small Slimes","floor":7,"turns":3},{"damage":8,"enemies":"Looter","floor":8,"turns":3},{"damage":11,"enemies":"Exordium Wildlife","floor":11,"turns":1}],"seed_played":"-2734332141788809071","potions_obtained":[{"floor":3.0,"key":"SpeedPotion"},{"floor":7,"key":"FearPotion"},{"floor":8,"key":"SmokeBomb"}],"is_trial":false,"path_per_floor":["M","?","M","?","$","E","M","M","T","?","M"],"character_chosen":"DEFECT","items_purchased":["Capacitor","Chaos"],"campfire_rested":0,"item_purchase_floors":[5,5],"current_hp_per_floor":[72,61,57,57,57,20,17,9,9,9,0],"gold":116,"neow_bonus":"TEN_PERCENT_HP_BONUS","is_prod":false,"is_daily":false,"chose_seed":false,"campfire_upgraded":0,"win_rate":0.0,"timestamp":1553631832,"path_taken":["M","?","M","?","?","E","M","M","T","?","M"],"build_version":"2019-01-23","purchased_purges":0,"victory":false,"max_hp_per_floor":[82,82,82,82,82,82,82,82,82,82,82],"card_choices":[{"not_picked":["Leap","Compile Driver"],"picked":"Sweeping Beam","floor":1.0},{"not_picked":["Consume","Compile Driver"],"picked":"Coolheaded","floor":3.0},{"not_picked":["Beam Cell","Chill"],"picked":"Storm","floor":6},{"not_picked":["White Noise","Multi-Cast"],"picked":"Static Discharge","floor":7},{"not_picked":["Stack","Beam Cell"],"picked":"Leap","floor":8}],"player_experience":37648,"relics_obtained":[{"floor":6,"key":"Oddly Smooth Stone"},{"floor":9,"key":"Mercury Hourglass"}],"event_choices":[{"damage_healed":0.0,"max_hp_gain":0.0,"max_hp_loss":0.0,"gold_gain":75.0,"event_name":"World of Goop","player_choice":"Gather Gold","floor":2.0,"gold_loss":0.0,"damage_taken":11.0},{"damage_healed":0.0,"max_hp_gain":0.0,"max_hp_loss":0.0,"gold_gain":0.0,"event_name":"Living Wall","player_choice":"Grow","floor":4.0,"gold_loss":0.0,"damage_taken":0.0,"cards_upgraded":["Dualcast"]},{"damage_healed":0,"gold_gain":0,"player_choice":"Take Wound","damage_taken":0,"relics_obtained":["Golden Idol"],"max_hp_gain":0,"max_hp_loss":0,"event_name":"Golden Idol","floor":10,"gold_loss":0,"cards_obtained":["Injury"]}],"is_beta":false,"boss_relics":[],"items_purged_floors":[],"is_endless":false,"potions_floor_spawned":[3,7,8],"killed_by":"Exordium Wildlife","ascension_level":0}