{"path_per_floor":["M","?","M","$","?","R","E","R","T","M","E","M","$","M","R","B",null,"M","M","$","?","?","R","$","R","T","E","R","T","M","M","R","B",null,"M","?","M","$","T","$","R","E","T","M","R","$","R","M","R","B"],"character_chosen":"IRONCLAD","items_purchased":["Regen Potion","Feed","Shrug It Off","Happy Flower"],"gold_per_floor":[115,115,134,8,108,108,138,138,162,176,206,224,65,81,81,184,184,202,221,121,21,21,21,21,21,21,47,47,47,63,77,77,175,175,191,191,207,82,107,80,80,112,138,155,155,5,5,23,23,23],"floor_reached":51,"campfire_rested":2,"playtime":1709,"current_hp_per_floor":[78,78,80,80,80,80,78,78,78,80,76,79,79,86,86,46,81,74,80,80,80,60,60,60,60,60,57,57,57,46,53,53,40,94,81,81,81,81,81,81,81,30,30,37,73,73,73,83,120,82],"items_purged":["Defend_R","Strike_R","Strike_R"],"gold":23,"score":945,"play_id":"2d389965-4fb5-4f05-85a5-25bb712642ce","local_time":"20180403204908","is_prod":false,"is_daily":false,"is_ascension_mode":true,"campfire_upgraded":9,"timestamp":1522781348,"path_taken":["M","?","M","$","?","R","E","R","T","M","E","M","$","?","R","BOSS","M","M","?","?","?","R","$","R","T","E","R","?","?","M","R","BOSS","M","?","M","$","?","?","R","E","T","M","R","$","R","?","R","BOSS"],"build_version":"2018-03-29v2","purchased_purges":6,"victory":true,"master_deck":["Strike_R+1","Strike_R+1","Defend_R","Defend_R","Defend_R","Bash+1","Carnage+1","Corruption+1","Shrug It Off+1","Intimidate","True Grit+1","Feed+1","Demon Form+1","Perfected Strike+1","Headbutt+1","J.A.X.+1","Ghostly Armor","Demon Form+1","Shrug It Off","Uppercut+1","Heavy Blade+1","Heavy Blade"],"max_hp_per_floor":[80,80,80,80,80,80,80,80,80,80,87,87,87,90,90,93,93,96,99,99,99,104,104,104,104,104,104,104,104,104,108,108,112,112,112,112,112,112,112,112,112,116,116,120,120,120,120,124,124,124],"relics":["Burning Blood","Paper Frog","Whetstone","Strawberry","Snecko Eye","Ancient Tea Set","Bag of Preparation","Charon\u0027s Ashes","Sozu","Bronze Scales","Oddly Smooth Stone","Anchor","Happy Flower"],"card_choices":[{"not_picked":["Inflame","Cleave"],"picked":"Carnage","floor":1},{"not_picked":["Iron Wave","Barricade"],"picked":"Corruption","floor":7},{"not_picked":["Body Slam","Perfected Strike"],"picked":"Shrug It Off","floor":10},{"not_picked":["Power Through","Body Slam"],"picked":"Intimidate","floor":11},{"not_picked":["Dropkick","Wild Strike"],"picked":"True Grit","floor":12},{"not_picked":["Dark Embrace","Limit Break"],"picked":"Demon Form","floor":16},{"not_picked":["Flex","Cleave"],"picked":"Perfected Strike","floor":18},{"not_picked":["Second Wind","Heavy Blade"],"picked":"Headbutt","floor":19},{"not_picked":["Body Slam","Cleave"],"picked":"Ghostly Armor","floor":30},{"not_picked":["Barricade","Impervious"],"picked":"Demon Form","floor":33},{"not_picked":["Iron Wave","Pommel Strike"],"picked":"Uppercut","floor":42},{"not_picked":["Armaments","Uppercut"],"picked":"Heavy Blade","floor":44},{"not_picked":["Sever Soul","True Grit"],"picked":"Heavy Blade","floor":48}],"player_experience":217932,"potions_floor_usage":[16,16,16,33,50,50],"damage_taken":[{"damage":8,"enemies":"2 Louse","floor":1,"turns":3},{"damage":0,"enemies":"Cultist","floor":3,"turns":2},{"damage":8,"enemies":"Gremlin Nob","floor":7,"turns":3},{"damage":2,"enemies":"Jaw Worm","floor":10,"turns":2},{"damage":17,"enemies":"Lagavulin","floor":11,"turns":5},{"damage":3,"enemies":"Looter","floor":12,"turns":2},{"damage":2,"enemies":"3 Louse","floor":14,"turns":4},{"damage":62,"enemies":"The Guardian","floor":16,"turns":10},{"damage":16,"enemies":"Spheric Guardian","floor":18,"turns":4},{"damage":3,"enemies":"2 Thieves","floor":19,"turns":3},{"damage":9,"enemies":"Gremlin Leader","floor":27,"turns":4},{"damage":17,"enemies":"Snake Plant","floor":30,"turns":2},{"damage":3,"enemies":"Chosen and Byrds","floor":31,"turns":3},{"damage":23,"enemies":"Automaton","floor":33,"turns":6},{"damage":19,"enemies":"3 Darklings","floor":35,"turns":4},{"damage":6,"enemies":"Orb Walker","floor":37,"turns":2},{"damage":61,"enemies":"Giant Head","floor":42,"turns":6},{"damage":3,"enemies":"4 Shapes","floor":44,"turns":2},{"damage":0,"enemies":"Maw","floor":48,"turns":3},{"damage":44,"enemies":"Awakened One","floor":50,"turns":5}],"event_choices":[{"event_name":"Purifier","player_choice":"One Purge","floor":2,"damage_taken":0},{"event_name":"Golden Shrine","player_choice":"Pray","floor":5,"damage_taken":0},{"event_name":"Drug Dealer","player_choice":"Got JAXXED","floor":21,"damage_taken":0},{"event_name":"Forgotten Altar","player_choice":"Shed Blood","floor":22,"damage_taken":0},{"event_name":"Tomb of Lord Red Mask","player_choice":"Ignored","floor":36,"damage_taken":0}],"boss_relics":[{"not_picked":["Cursed Key","Philosopher\u0027s Stone"],"picked":"Snecko Eye"},{"not_picked":["Tiny House","Orrery"],"picked":"Sozu"}],"potions_floor_spawned":[1,7,11,27,30,33,48],"seed_played":"3786099181561557737","ascension_level":5,"is_trial":false}