{"path_per_floor":["M","?","$","M","M","E","R","E","T","$","M","?","?","E","R"],"character_chosen":"THE_SILENT","items_purchased":["Panache"],"gold_per_floor":[114,114,39,54,69,99,99,129,204,13,28,28,28,58,58],"floor_reached":16,"campfire_rested":0,"playtime":1013,"current_hp_per_floor":[70,70,70,70,67,44,44,2,2,2,2,2,70,49,49],"items_purged":["Strike_G"],"gold":58,"score":118,"play_id":"b050c720-fa96-4dd7-a61b-9842db8a00fb","local_time":"20180302192651","daily_mods":[{"name":"All Star","description":"Start with 2 colorless cards.","modID":"Allstar","img":{"data":{"file":{"file":{"path":"images\\ui\\run_mods\\all_star.png"},"type":"Internal"},"width":64,"height":64,"format":"RGBA8888","useMipMaps":false,"isPrepared":false},"glTarget":3553,"glHandle":684,"minFilter":"Linear","magFilter":"Linear","uWrap":"ClampToEdge","vWrap":"ClampToEdge"},"positive":true},{"name":"Lethal Enemies","description":"All enemies start with +3 Strength.","modID":"Lethal Enemies","img":{"data":{"file":{"file":{"path":"images\\ui\\run_mods\\lethal_enemies.png"},"type":"Internal"},"width":64,"height":64,"format":"RGBA8888","useMipMaps":false,"isPrepared":false},"glTarget":3553,"glHandle":675,"minFilter":"Linear","magFilter":"Linear","uWrap":"ClampToEdge","vWrap":"ClampToEdge"},"positive":false},{"name":"Elite Swarm","description":"Elite enemies are swarming the Spire.","modID":"Elite Swarm","img":{"data":{"file":{"file":{"path":"images\\ui\\run_mods\\elite_swarm.png"},"type":"Internal"},"width":64,"height":64,"format":"RGBA8888","useMipMaps":false,"isPrepared":false},"glTarget":3553,"glHandle":674,"minFilter":"Linear","magFilter":"Linear","uWrap":"ClampToEdge","vWrap":"ClampToEdge"},"positive":false},{"name":"Restless Journey","description":"You no longer heal when entering new acts.","modID":"Restless Journey","img":{"data":{"file":{"file":{"path":"images\\ui\\run_mods\\restless_journey.png"},"type":"Internal"},"width":64,"height":64,"format":"RGBA8888","useMipMaps":false,"isPrepared":false},"glTarget":3553,"glHandle":676,"minFilter":"Linear","magFilter":"Linear","uWrap":"ClampToEdge","vWrap":"ClampToEdge"},"positive":false}],"is_prod":false,"is_daily":true,"is_ascension_mode":false,"campfire_upgraded":2,"timestamp":1520036811,"path_taken":["M","?","$","M","M","E","R","E","T","$","M","?","?","E","R","BOSS"],"build_version":"2018-03-01-PROD1","purchased_purges":1,"victory":false,"master_deck":["Defend_G","Defend_G","Defend_G","Defend_G","Defend_G","Strike_G","Strike_G","Strike_G","Strike_G","Survivor","Neutralize","Dark Shackles","Purity","Sucker Punch","Outmaneuver+1","Cloak And Dagger","Bullet Time","Malaise+1","Panache+1","Dagger Spray+1","Setup"],"max_hp_per_floor":[70,70,70,70,70,70,70,70,70,70,70,70,70,70,70],"relics":["Ring of the Snake","Molten Egg 2","Juzu Bracelet","Toolbox","Bag of Marbles"],"card_choices":[{"not_picked":["Flechettes","Choke"],"picked":"Sucker Punch"},{"not_picked":["Slice","PiercingWail"],"picked":"Outmaneuver"},{"not_picked":["Backflip","Deflect"],"picked":"Cloak And Dagger"},{"not_picked":["Caltrops","Dagger Throw"],"picked":"Bullet Time"},{"not_picked":["Riddle With Holes","Outmaneuver"],"picked":"Malaise"},{"not_picked":["PiercingWail","Outmaneuver"],"picked":"Dagger Spray"},{"not_picked":["Poisoned Stab","Underhanded Strike"],"picked":"Setup"}],"player_experience":155519,"potions_floor_usage":[6,6,8,8,11],"damage_taken":[{"damage":0,"enemies":"Small Slimes","floor":1,"turns":4},{"damage":0,"enemies":"Cultist","floor":4,"turns":4},{"damage":3,"enemies":"2 Louse","floor":5,"turns":3},{"damage":23,"enemies":"Lagavulin","floor":6,"turns":8},{"damage":42,"enemies":"Gremlin Nob","floor":8,"turns":6},{"damage":0,"enemies":"Gremlin Gang","floor":11,"turns":1},{"damage":21,"enemies":"3 Sentries","floor":14,"turns":8},{"damage":49,"enemies":"Hexaghost","floor":16,"turns":15}],"event_choices":[{"event_name":"The Lab","player_choice":"Got Potions","floor":2,"damage_taken":0},{"event_name":"Accursed Blacksmith","player_choice":"Forge","floor":12,"damage_taken":0},{"event_name":"Wheel of Change","player_choice":"Full Heal","floor":13,"damage_taken":0}],"boss_relics":[],"potions_floor_spawned":[4,6,8],"seed_played":"7095695899989429765","killed_by":"Hexaghost","ascension_level":0,"is_trial":false}