{"path_per_floor":["M","M","M","M","M","R","E","R","T","M","R","?","M","?","R","B",null,"M","M","M","$","M","R","M","R","T","?","M","M","R","E","R","B",null,"M","?","M","M","M","R","$","R","T","?","R","M","M","?","R","B"],"character_chosen":"THE_SILENT","items_purchased":["Escape Plan","Well Laid Plans"],"gold_per_floor":[20,39,55,71,81,81,114,114,114,131,131,131,154,154,154,273,273,273,273,273,79,79,79,79,79,79,4,4,4,4,4,4,4,4,4,4,4,4,4,4,4,4,4,4,4,4,4,0,0,0],"floor_reached":51,"campfire_rested":4,"playtime":7421,"current_hp_per_floor":[70,70,70,67,67,67,54,54,54,47,47,30,30,30,51,38,70,70,70,70,70,68,68,66,66,66,66,50,48,48,47,68,60,70,70,61,59,41,27,48,48,48,48,48,69,69,69,69,69,40],"items_purged":["Strike_G"],"gold":0,"score":500,"play_id":"cfabebdb-4681-46e8-8b1a-07cfcde77a80","is_prod":false,"is_daily":false,"is_ascension_mode":false,"campfire_upgraded":8,"path_taken":["M","M","M","M","M","R","E","R","T","M","R","?","M","?","R","BOSS","M","M","M","$","M","R","M","R","T","?","M","M","R","E","R","BOSS","M","?","M","M","M","R","?","R","T","?","R","M","M","?","R","BOSS"],"build_version":"2018-02-22-PROD2","purchased_purges":1,"victory":true,"master_deck":["Defend_G","Defend_G","Defend_G","Defend_G","Defend_G","Strike_G","Survivor","Neutralize","Bane","Leg Sweep+1","Backflip","Infinite Blades","Dodge and Roll+1","Prepared+1","Blade Dance+1","Malaise+1","Terror+1","Glass Knife","Leg Sweep+1","Flying Knee","Slice","Escape Plan","Well Laid Plans","Finisher+1","Blur","Choke+1","Noxious Fumes+1","After Image","Expertise","Madness","Madness","Infinite Blades+1","Outmaneuver+1","PiercingWail","Escape Plan"],"max_hp_per_floor":[70,70,70,70,70,70,70,70,70,70,70,70,70,70,70,70,70,70,70,70,70,70,70,70,70,70,70,70,70,70,70,70,70,70,70,70,70,70,70,70,70,70,70,70,70,70,70,70,70,70],"relics":["Ring of the Snake","Oddly Smooth Stone","Unceasing Top","Ectoplasm","Pantograph","Sundial","Sozu","Lantern","Red Mask"],"card_choices":[{"not_picked":["Prepared","Cloak And Dagger"],"picked":"Leg Sweep"},{"not_picked":["Underhanded Strike","Sucker Punch"],"picked":"Backflip"},{"not_picked":["Blade Dance","Distraction"],"picked":"Infinite Blades"},{"not_picked":["Cloak And Dagger","Bane"],"picked":"Dodge and Roll"},{"not_picked":["Endless Agony","Outmaneuver"],"picked":"Prepared"},{"not_picked":["All Out Attack","Endless Agony"],"picked":"Blade Dance"},{"not_picked":["Prepared","Bane"],"picked":"Malaise"},{"not_picked":["Acrobatics","All Out Attack"],"picked":"Terror"},{"not_picked":["Bullet Time","Doppelganger"],"picked":"Glass Knife"},{"not_picked":["Poisoned Stab","Eviscerate"],"picked":"Leg Sweep"},{"not_picked":["Underhanded Strike","Glass Knife"],"picked":"Flying Knee"},{"not_picked":["Poisoned Stab","PiercingWail"],"picked":"Slice"},{"not_picked":["Slice","Choke"],"picked":"Finisher"},{"not_picked":["Well Laid Plans","Distraction"],"picked":"Blur"},{"not_picked":["Backflip","Dodge and Roll"],"picked":"Choke"},{"not_picked":["Backflip","Flechettes"],"picked":"Noxious Fumes"},{"not_picked":["Glass Knife","Bullet Time"],"picked":"After Image"},{"not_picked":["Endless Agony","Bane"],"picked":"Expertise"},{"not_picked":["Blur","Backflip"],"picked":"Infinite Blades"},{"not_picked":["Quick Slash","Riddle With Holes"],"picked":"Outmaneuver"},{"not_picked":["Choke","Dagger Spray"],"picked":"PiercingWail"},{"not_picked":["Terror","PiercingWail"],"picked":"Escape Plan"}],"player_experience":64941,"potions_floor_usage":[33,39,50],"damage_taken":[{"damage":0.0,"enemies":"Jaw Worm","floor":1.0,"turns":8.0},{"damage":0.0,"enemies":"Small Slimes","floor":2.0,"turns":6.0},{"damage":0.0,"enemies":"2 Louse","floor":3.0,"turns":3.0},{"damage":3.0,"enemies":"2 Fungi Beasts","floor":4.0,"turns":6.0},{"damage":0.0,"enemies":"Blue Slaver","floor":5.0,"turns":6.0},{"damage":13.0,"enemies":"Gremlin Nob","floor":7.0,"turns":5.0},{"damage":7.0,"enemies":"Exordium Wildlife","floor":10.0,"turns":7.0},{"damage":0.0,"enemies":"2 Fungi Beasts","floor":13.0,"turns":5.0},{"damage":13.0,"enemies":"Hexaghost","floor":16.0,"turns":14.0},{"damage":0.0,"enemies":"Chosen","floor":18.0,"turns":7.0},{"damage":0.0,"enemies":"3 Byrds","floor":19.0,"turns":8.0},{"damage":0.0,"enemies":"Snecko","floor":20.0,"turns":8.0},{"damage":2.0,"enemies":"Centurion and Healer","floor":22.0,"turns":6.0},{"damage":2.0,"enemies":"Slaver and Parasite","floor":24.0,"turns":6.0},{"damage":16.0,"enemies":"Cultist and Chosen","floor":28.0,"turns":14.0},{"damage":2.0,"enemies":"Centurion and Healer","floor":29.0,"turns":7.0},{"damage":1,"enemies":"Book of Stabbing","floor":31,"turns":6},{"damage":10,"enemies":"Champ","floor":33,"turns":12},{"damage":0,"enemies":"Orb Walker","floor":35,"turns":3},{"damage":2,"enemies":"3 Shapes","floor":37,"turns":9},{"damage":18,"enemies":"3 Darklings","floor":38,"turns":7},{"damage":14,"enemies":"Sphere and 2 Shapes","floor":39,"turns":6},{"damage":0,"enemies":"Maw","floor":46,"turns":6},{"damage":0,"enemies":"4 Shapes","floor":47,"turns":7},{"damage":30,"enemies":"Awakened One","floor":50,"turns":12}],"event_choices":[{"event_name":"Golden Idol","player_choice":"Take Damage","floor":12.0,"damage_taken":0.0},{"event_name":"Living Wall","player_choice":"Forget","floor":14.0,"damage_taken":0.0},{"event_name":"Beggar","player_choice":"Gave Gold","floor":27.0,"damage_taken":0.0},{"event_name":"Winding Halls","player_choice":"Embrace Madness","floor":36,"damage_taken":0},{"event_name":"The Moai Head","player_choice":"Gave Idol","floor":44,"damage_taken":0},{"event_name":"Tomb of Lord Red Mask","player_choice":"Paid","floor":48,"damage_taken":0}],"boss_relics":[{"not_picked":["Velvet Choker","Cursed Key"],"picked":"Sozu"}],"potions_floor_spawned":[1,4,7,13,16,18,19,20,31,33,35,37],"seed_played":"-2525427838784796959","ascension_level":0,"is_trial":false}