{"gold_per_floor":[12,12,0,0,0,0,15,15,41,41,53,53,53,64,64,165,165,177,197,129,129,129],"floor_reached":22,"playtime":1058,"items_purged":[],"score":172,"play_id":"28e732e1-fcaa-4640-b78f-520c52263a4c","local_time":"20180906190040","is_ascension_mode":false,"campfire_choices":[{"floor":8,"key":"REST"},{"data":"Zap","floor":10,"key":"SMITH"},{"floor":15,"key":"REST"}],"neow_cost":"NO_GOLD","seed_source_timestamp":34559878505376,"circlet_count":0,"master_deck":["Strike_B","Strike_B","Strike_B+1","Strike_B+1","Defend_B","Defend_B","Defend_B","Zap+1","Dualcast","Creative AI+1","Capacitor","Heatsinks","Echo Form","White Noise","Redo","Storm","RitualDagger"],"relics":["Cracked Core","Pen Nib","Orichalcum","Nuclear Battery"],"potions_floor_usage":[22],"damage_taken":[{"damage":11,"enemies":"Jaw Worm","floor":1,"turns":3},{"damage":1,"enemies":"Cultist","floor":7,"turns":3},{"damage":0,"enemies":"Small Slimes","floor":11,"turns":2},{"damage":4,"enemies":"Looter","floor":14,"turns":2},{"damage":48,"enemies":"The Guardian","floor":16,"turns":8},{"damage":40,"enemies":"3 Byrds","floor":18,"turns":5},{"damage":8,"enemies":"Chosen","floor":19,"turns":5},{"damage":22,"enemies":"Sentry and Sphere","floor":22,"turns":3}],"seed_played":"-4418480420769790019","potions_obtained":[{"floor":1,"key":"GamblersBrew"},{"floor":18,"key":"PowerPotion"}],"is_trial":false,"path_per_floor":["M","?","?","?","?","?","M","R","T","R","M","?","$","M","R","B",null,"M","M","$","?"],"character_chosen":"DEFECT","items_purchased":["Storm"],"campfire_rested":2,"item_purchase_floors":[20],"current_hp_per_floor":[64,64,64,64,57,42,41,63,63,63,63,63,63,59,75,27,75,35,27,27,21,0],"gold":129,"neow_bonus":"THREE_RARE_CARDS","is_prod":false,"is_daily":false,"chose_seed":false,"campfire_upgraded":1,"win_rate":0.0,"timestamp":1536256840,"path_taken":["M","?","?","?","?","?","?","R","T","R","M","?","$","M","R","BOSS","M","?","$","?","M"],"build_version":"2018-08-30","purchased_purges":0,"victory":false,"max_hp_per_floor":[75,75,75,75,75,75,75,75,75,75,75,75,75,75,75,75,75,75,75,75,75,75],"card_choices":[{"not_picked":["Core Surge","Hyperbeam"],"picked":"Creative AI","floor":0},{"not_picked":["Static Discharge","Hologram"],"picked":"Capacitor","floor":1},{"not_picked":["Hologram","Turbo"],"picked":"Heatsinks","floor":7},{"not_picked":["Coolheaded","Melter","Barrage"],"picked":"SKIP","floor":11},{"not_picked":["Rebound","All For One","Conserve Battery"],"picked":"SKIP","floor":14},{"not_picked":["Buffer","Core Surge"],"picked":"Echo Form","floor":16},{"not_picked":["Coolheaded","Darkness"],"picked":"White Noise","floor":18},{"not_picked":["Chill","Force Field+1"],"picked":"Redo","floor":19}],"player_experience":137631,"relics_obtained":[{"floor":9,"key":"Orichalcum"}],"event_choices":[{"event_name":"Wheel of Change","player_choice":"Card Removal","floor":2,"damage_taken":0},{"event_name":"World of Goop","player_choice":"Left","floor":3,"damage_taken":0},{"event_name":"Living Wall","player_choice":"Grow","floor":4,"damage_taken":0},{"event_name":"Scrap Ooze","player_choice":"success","floor":5,"damage_taken":7},{"event_name":"Shining Light","player_choice":"Entered Light","floor":6,"damage_taken":0},{"event_name":"Golden Wing","player_choice":"Ignored","floor":12,"damage_taken":0},{"event_name":"Nest","player_choice":"Joined the Cult","floor":21,"damage_taken":0}],"is_beta":false,"boss_relics":[{"not_picked":["Runic Dome","Eternal Feather"],"picked":"Nuclear Battery"}],"items_purged_floors":[],"is_endless":false,"potions_floor_spawned":[1,18],"killed_by":"Sentry and Sphere","ascension_level":0}