{"gold_per_floor":[210,210,14,30,45,80,80,112,136,164,164,198,198,216,216,292,292,308,308,308,321,321],"floor_reached":22,"playtime":1210,"items_purged":["Defend_B"],"score":350,"play_id":"77f2da99-e218-44a8-9eb7-a79d60d638d1","local_time":"20180920132242","is_ascension_mode":true,"campfire_choices":[{"floor":7,"key":"REST"},{"floor":13,"key":"REST"},{"floor":15,"key":"REST"}],"neow_cost":"NONE","seed_source_timestamp":433662332343808,"circlet_count":0,"master_deck":["Strike_B","Strike_B","Strike_B+1","Defend_B","Defend_B","Zap","Dualcast","AscendersBane","Self Repair","Static Discharge","Ball Lightning+1","Ball Lightning","White Noise","Doom and Gloom","Glacier","Self Repair"],"relics":["Cracked Core","Juzu Bracelet","Boot","Art of War","Bronze Scales","Whetstone","Eternal Feather"],"potions_floor_usage":[6,8,16,16],"damage_taken":[{"damage":13,"enemies":"Jaw Worm","floor":1,"turns":4},{"damage":13,"enemies":"2 Louse","floor":4,"turns":3},{"damage":6,"enemies":"Small Slimes","floor":5,"turns":3},{"damage":6,"enemies":"Gremlin Nob","floor":6,"turns":3},{"damage":10,"enemies":"3 Sentries","floor":8,"turns":2},{"damage":30,"enemies":"Lagavulin","floor":10,"turns":4},{"damage":30,"enemies":"3 Sentries","floor":12,"turns":4},{"damage":23,"enemies":"Exordium Wildlife","floor":14,"turns":3},{"damage":17,"enemies":"Hexaghost","floor":16,"turns":7},{"damage":9,"enemies":"Shell Parasite","floor":18,"turns":6},{"damage":43,"enemies":"Colosseum Slavers","floor":20,"turns":4},{"damage":11,"enemies":"3 Byrds","floor":21,"turns":2},{"damage":18,"enemies":"Snecko","floor":22,"turns":2}],"seed_played":"3415315481636169957","potions_obtained":[{"floor":5,"key":"AttackPotion"},{"floor":6,"key":"PowerPotion"},{"floor":12,"key":"Strength Potion"},{"floor":14,"key":"LiquidBronze"}],"is_trial":false,"path_per_floor":["M","?","$","M","M","E","R","E","T","E","?","E","R","M","R","B",null,"M","?","?","M"],"character_chosen":"DEFECT","items_purchased":["Static Discharge","Ball Lightning"],"campfire_rested":3,"item_purchase_floors":[3,3],"current_hp_per_floor":[55,48,48,42,43,44,66,63,63,40,40,17,39,23,45,28,63,61,61,25,14,0],"gold":321,"neow_bonus":"HUNDRED_GOLD","is_prod":false,"is_daily":false,"chose_seed":false,"campfire_upgraded":0,"win_rate":0,"timestamp":1537442562,"path_taken":["M","?","?","?","M","E","R","E","T","E","?","E","R","M","R","BOSS","M","?","?","M","M"],"build_version":"2018-09-06","purchased_purges":1,"victory":false,"max_hp_per_floor":[75,75,75,75,75,75,75,75,75,75,75,75,75,75,75,75,75,75,75,75,75,75],"card_choices":[{"not_picked":["Leap","Streamline"],"picked":"Self Repair","floor":1},{"not_picked":["Hologram","Gash"],"picked":"Ball Lightning","floor":4},{"not_picked":["Tempest","Blizzard","Streamline"],"picked":"SKIP","floor":5},{"not_picked":["Darkness","Steam Power"],"picked":"White Noise","floor":6},{"not_picked":["Streamline","Rebound","Fusion"],"picked":"SKIP","floor":8},{"not_picked":["Recycle","Sweeping Beam"],"picked":"Doom and Gloom","floor":10},{"not_picked":["Scrape","Sweeping Beam","Rainbow"],"picked":"SKIP","floor":12},{"not_picked":["Streamline","Sweeping Beam"],"picked":"Glacier","floor":14},{"not_picked":["Chaos","Blizzard","Stack"],"picked":"SKIP","floor":18},{"not_picked":["Streamline","Fusion"],"picked":"Self Repair","floor":21}],"player_experience":459256,"relics_obtained":[{"floor":6,"key":"Juzu Bracelet"},{"floor":8,"key":"Boot"},{"floor":9,"key":"Art of War"},{"floor":10,"key":"Bronze Scales"},{"floor":12,"key":"Whetstone"}],"event_choices":[{"event_name":"Golden Wing","player_choice":"Card Removal","floor":2,"damage_taken":0},{"event_name":"Dead Adventurer","player_choice":"Searched \u00270\u0027 times","floor":11,"damage_taken":0},{"event_name":"Back to Basics","player_choice":"Elegance","floor":19,"damage_taken":0},{"event_name":"Colosseum","player_choice":"Fight","floor":20,"damage_taken":0},{"event_name":"Colosseum","player_choice":"Fled From Nobs","floor":20,"damage_taken":0}],"is_beta":false,"boss_relics":[{"not_picked":["Orrery","Runic Pyramid"],"picked":"Eternal Feather"}],"items_purged_floors":[3],"is_endless":false,"potions_floor_spawned":[5,6,12,14,20],"killed_by":"Snecko","ascension_level":13}