{"gold_per_floor":[209,219,184,199,219,219,219,219,219,231,211,211,222,47,47,125,125,136,45,45,58,58],"floor_reached":22,"playtime":1495,"items_purged":["Defend_B"],"score":290,"play_id":"5051edaa-13a1-48cb-bdc1-46d802438593","local_time":"20180922052458","is_ascension_mode":true,"campfire_choices":[{"floor":6,"key":"REST"},{"data":"Static Discharge","floor":8,"key":"SMITH"},{"floor":12,"key":"REST"},{"data":"Defragment","floor":15,"key":"SMITH"}],"neow_cost":"NONE","seed_source_timestamp":577514459438425,"circlet_count":0,"master_deck":["Strike_B","Strike_B","Strike_B","Strike_B","Defend_B","Defend_B","Defend_B","Zap","Dualcast","AscendersBane","Static Discharge+1","Storm","Capacitor","Gash","Beam Cell","Gash","Defragment+1","Shame","Decay","Shame","FTL+1","Compile Driver","Double Energy+1","Skim+1"],"relics":["Cracked Core","Shuriken","Matryoshka","Calling Bell","Regal Pillow","Toxic Egg 2","Prayer Wheel","Symbiotic Virus"],"potions_floor_usage":[10,13,16,16,18],"damage_taken":[{"damage":7,"enemies":"Small Slimes","floor":1,"turns":3},{"damage":4,"enemies":"2 Louse","floor":2,"turns":3},{"damage":9,"enemies":"Jaw Worm","floor":4,"turns":4},{"damage":11,"enemies":"Blue Slaver","floor":5,"turns":3},{"damage":23,"enemies":"Exordium Thugs","floor":10,"turns":3},{"damage":14,"enemies":"Red Slaver","floor":13,"turns":3},{"damage":32,"enemies":"The Guardian","floor":16,"turns":6},{"damage":45,"enemies":"3 Byrds","floor":18,"turns":4},{"damage":12,"enemies":"Chosen","floor":21,"turns":4},{"damage":17,"enemies":"Colosseum Slavers","floor":22,"turns":1}],"seed_played":"2611361944794511064","potions_obtained":[{"floor":2,"key":"SpeedPotion"},{"floor":10,"key":"SpeedPotion"},{"floor":11,"key":"Regen Potion"},{"floor":13,"key":"FearPotion"},{"floor":16,"key":"Poison Potion"}],"is_trial":false,"path_per_floor":["M","M","?","M","M","R","?","R","T","M","?","R","M","$","R","B",null,"M","?","?","M"],"character_chosen":"DEFECT","items_purchased":["Gash","Defragment"],"campfire_rested":2,"item_purchase_floors":[14,14],"current_hp_per_floor":[61,57,75,66,55,75,63,63,63,40,40,62,57,57,57,25,63,18,18,18,6,0],"gold":58,"neow_bonus":"HUNDRED_GOLD","is_prod":false,"is_daily":false,"chose_seed":false,"campfire_upgraded":2,"win_rate":0,"timestamp":1537586698,"path_taken":["M","M","?","M","M","R","?","R","T","?","?","R","M","$","R","BOSS","M","?","?","M","?"],"build_version":"2018-09-20","purchased_purges":1,"victory":false,"max_hp_per_floor":[75,75,75,75,75,75,75,75,75,75,75,75,75,75,75,75,75,75,75,75,75,75],"card_choices":[{"not_picked":["Leap","Double Energy","Go for the Eyes"],"picked":"SKIP","floor":1},{"not_picked":["Stack","Skim"],"picked":"Static Discharge","floor":2},{"not_picked":["Sweeping Beam","Scrape"],"picked":"Storm","floor":4},{"not_picked":["Defragment","Turbo"],"picked":"Capacitor","floor":5},{"not_picked":["Go for the Eyes","Lockon"],"picked":"Gash","floor":10},{"not_picked":["Barrage","Glacier"],"picked":"Beam Cell","floor":13},{"not_picked":["Turbo+1","Rebound"],"picked":"FTL+1","floor":18},{"not_picked":["Beam Cell","Compile Driver","Streamline"],"picked":"SKIP","floor":18},{"not_picked":["Beam Cell","Streamline"],"picked":"Compile Driver","floor":18},{"not_picked":["Hyperbeam","Sweeping Beam"],"picked":"Double Energy+1","floor":21},{"not_picked":["Streamline","Rebound"],"picked":"Skim+1","floor":21}],"player_experience":513695,"relics_obtained":[{"floor":9,"key":"Matryoshka"},{"floor":17,"key":"Regal Pillow"},{"floor":17,"key":"Toxic Egg 2"},{"floor":17,"key":"Prayer Wheel"}],"event_choices":[{"event_name":"The Cleric","player_choice":"Healed","floor":3,"damage_taken":0},{"event_name":"Scrap Ooze","player_choice":"success","floor":7,"damage_taken":12},{"event_name":"The Woman in Blue","player_choice":"Bought 1 Potion","floor":11,"damage_taken":0},{"event_name":"WeMeetAgain","player_choice":"Gold","floor":19,"damage_taken":0},{"event_name":"Cursed Tome","player_choice":"Ignored","floor":20,"damage_taken":0},{"event_name":"Colosseum","player_choice":"Fight","floor":22,"damage_taken":0}],"is_beta":false,"boss_relics":[{"not_picked":["Philosopher\u0027s Stone","Ectoplasm"],"picked":"Calling Bell"}],"items_purged_floors":[14],"is_endless":false,"potions_floor_spawned":[2,10,13,16],"killed_by":"Colosseum Slavers","ascension_level":13}