{"path_per_floor":["M","$","$","M","M","E","?","R","T","R","E","M","E","M","R","B",null,"M","$","?","?","M","E","?","R","T","M","R","E","R","E","R","B",null,"M","?","M","T","?","R","E","R","T","$","E","?","M","M","R","B"],"character_chosen":"THE_SILENT","items_purchased":["Tiny Chest","Noxious Fumes","Finesse","Deadly Poison","Snake Skull","Catalyst","Adrenaline"],"gold_per_floor":[360,162,62,77,89,117,117,117,117,117,151,164,196,216,216,317,317,329,24,24,24,37,71,0,0,0,13,13,38,38,72,72,175,175,189,189,207,207,207,207,242,242,310,9,39,39,49,69,69,69],"floor_reached":51,"campfire_rested":0,"playtime":2424,"current_hp_per_floor":[67,67,67,67,66,39,39,39,39,39,35,35,29,29,29,22,70,66,66,66,53,53,21,21,29,29,29,39,37,47,36,46,35,75,56,56,56,56,56,68,66,75,75,75,75,75,75,75,75,65],"items_purged":["Doubt","Strike_G","Strike_G"],"gold":69,"score":957,"play_id":"bb720ae5-0ccb-4379-b4d8-b9e3d9f1c9ab","local_time":"20180510164222","is_prod":false,"is_daily":false,"chose_seed":false,"is_ascension_mode":true,"campfire_upgraded":10,"timestamp":1525963342,"path_taken":["M","?","$","M","M","E","?","R","T","R","E","M","E","?","R","BOSS","M","$","?","?","?","E","?","R","T","M","R","E","R","E","R","BOSS","M","?","M","?","?","R","E","R","T","$","E","?","M","M","R","BOSS"],"build_version":"2018-05-09","seed_source_timestamp":22659020922447,"purchased_purges":3,"victory":true,"master_deck":["Defend_G","Defend_G","Defend_G","Defend_G","Defend_G","Strike_G+1","Survivor","Neutralize+1","Bouncing Flask+1","Escape Plan","Dagger Spray+1","PiercingWail","Distraction","Crippling Poison+1","Malaise+1","Deflect","Night Terror+1","Deflect+1","Noxious Fumes+1","Finesse+1","Deadly Poison+1","Leg Sweep+1","Bouncing Flask+1","Deadly Poison+1","Calculated Gamble+1","Adrenaline+1","Catalyst+1","Dodge and Roll+1","Caltrops+1","PiercingWail+1","Deflect+1","Dodge and Roll+1","Adrenaline+1","Crippling Poison+1","Catalyst+1","Adrenaline+1","PiercingWail+1","Deadly Poison+1","PiercingWail+1"],"max_hp_per_floor":[70,70,70,70,70,70,70,70,70,70,70,70,70,70,70,70,70,70,70,70,75,75,75,75,75,75,75,75,75,75,75,75,75,75,75,75,75,75,75,75,75,75,75,75,75,75,75,75,75,75],"relics":["Ring of the Snake","Tiny Chest","Paper Crane","Ornamental Fan","Gambling Chip","Toolbox","Eternal Feather","Toxic Egg 2","Orichalcum","Whetstone","Juzu Bracelet","Orrery","Mercury Hourglass","Bag of Preparation","Tough Bandages","Snake Skull","Pen Nib"],"card_choices":[{"not_picked":["Acrobatics","Bane"],"picked":"Bouncing Flask","floor":1},{"not_picked":["Infinite Blades","Malaise"],"picked":"Escape Plan","floor":4},{"not_picked":["Skewer","Underhanded Strike"],"picked":"Dagger Spray","floor":5},{"not_picked":["Outmaneuver","Masterful Stab"],"picked":"PiercingWail","floor":6},{"not_picked":["Sucker Punch","Endless Agony"],"picked":"Crippling Poison","floor":11},{"not_picked":["Masterful Stab","Deadly Poison"],"picked":"Malaise","floor":12},{"not_picked":["Blur","Flying Knee"],"picked":"Deflect","floor":13},{"not_picked":["Wraith Form v2","A Thousand Cuts"],"picked":"Night Terror","floor":16},{"not_picked":["Sucker Punch","Dagger Spray"],"picked":"Deflect","floor":18},{"not_picked":["Sucker Punch","Bane"],"picked":"Leg Sweep","floor":22},{"not_picked":["Flechettes","Bane"],"picked":"Bouncing Flask","floor":23},{"not_picked":["Quick Slash","Prepared"],"picked":"Deadly Poison","floor":27},{"not_picked":["Backflip","Poisoned Stab"],"picked":"Calculated Gamble","floor":29},{"not_picked":["Phantasmal Killer","Corpse Explosion"],"picked":"Adrenaline","floor":33},{"not_picked":["Prepared","Dagger Spray"],"picked":"Catalyst","floor":34},{"not_picked":["Acrobatics","Calculated Gamble"],"picked":"Dodge and Roll","floor":34},{"not_picked":["Quick Slash","Sucker Punch"],"picked":"Caltrops","floor":34},{"not_picked":["Quick Slash","Flying Knee"],"picked":"PiercingWail","floor":34},{"not_picked":["Tactician","Noxious Fumes"],"picked":"Deflect","floor":34},{"not_picked":["Predator","Deadly Poison"],"picked":"Dodge and Roll","floor":37},{"not_picked":["Flying Knee","Dagger Throw"],"picked":"Crippling Poison","floor":41},{"not_picked":["Underhanded Strike","Reflex"],"picked":"PiercingWail","floor":45},{"not_picked":["Poisoned Stab","Sucker Punch"],"picked":"PiercingWail","floor":47}],"player_experience":57311,"potions_floor_usage":[16,23,33,50,50,50],"damage_taken":[{"damage":3,"enemies":"Cultist","floor":1,"turns":6},{"damage":0,"enemies":"Jaw Worm","floor":4,"turns":3},{"damage":1,"enemies":"2 Louse","floor":5,"turns":3},{"damage":27,"enemies":"Lagavulin","floor":6,"turns":9},{"damage":4,"enemies":"3 Sentries","floor":11,"turns":8},{"damage":0,"enemies":"Lots of Slimes","floor":12,"turns":1},{"damage":6,"enemies":"Gremlin Nob","floor":13,"turns":5},{"damage":0,"enemies":"Blue Slaver","floor":14,"turns":4},{"damage":7,"enemies":"The Guardian","floor":16,"turns":11},{"damage":4,"enemies":"Shell Parasite","floor":18,"turns":10},{"damage":0,"enemies":"Spheric Guardian","floor":22,"turns":4},{"damage":32,"enemies":"Gremlin Leader","floor":23,"turns":10},{"damage":0,"enemies":"Snake Plant","floor":27,"turns":6},{"damage":2,"enemies":"Book of Stabbing","floor":29,"turns":6},{"damage":11,"enemies":"Gremlin Leader","floor":31,"turns":5},{"damage":11,"enemies":"Automaton","floor":33,"turns":9},{"damage":19,"enemies":"3 Darklings","floor":35,"turns":10},{"damage":0,"enemies":"Orb Walker","floor":37,"turns":3},{"damage":2,"enemies":"Giant Head","floor":41,"turns":7},{"damage":0,"enemies":"2 Orb Walkers","floor":45,"turns":3},{"damage":0,"enemies":"4 Shapes","floor":47,"turns":2},{"damage":0,"enemies":"Sphere and 2 Shapes","floor":48,"turns":3},{"damage":10,"enemies":"Donu and Deca","floor":50,"turns":7}],"event_choices":[{"event_name":"Transmorgrifier","player_choice":"Transform","floor":7,"damage_taken":0},{"event_name":"Drug Dealer","player_choice":"Ignored","floor":20,"damage_taken":0},{"event_name":"Forgotten Altar","player_choice":"Shed Blood","floor":21,"damage_taken":0},{"event_name":"Masked Bandits","player_choice":"Paid Bandits 71 gold","floor":24,"damage_taken":0},{"event_name":"Tomb of Lord Red Mask","player_choice":"Ignored","floor":36,"damage_taken":0},{"event_name":"Duplicator","player_choice":"One dupe","floor":39,"damage_taken":0},{"event_name":"Transmorgrifier","player_choice":"Transform","floor":46,"damage_taken":0}],"boss_relics":[{"not_picked":["Philosopher\u0027s Stone","Runic Pyramid"],"picked":"Eternal Feather"},{"not_picked":["Black Star","Calling Bell"],"picked":"Orrery"}],"potions_floor_spawned":[5,11,13,14,16,22,29,35,37],"seed_played":"-5651979180587448040","ascension_level":2,"is_trial":false}