{"gold_per_floor":[112,112,112,41,56,56,86,86,110,34,65,15,15,31,31,136,136,149,74,74,85,96,96,113,113,113,113,38,38,38,38,38,38],"floor_reached":33,"playtime":966,"items_purged":["Defend_G"],"score":276,"play_id":"ae959ce6-9ac8-473e-8f6e-ef3552fe81c7","local_time":"20190122234956","is_ascension_mode":true,"campfire_choices":[{"data":"Poisoned Stab","floor":6,"key":"SMITH"},{"data":"Backflip","floor":8,"key":"SMITH"},{"data":"Survivor","floor":13,"key":"SMITH"},{"data":"Outmaneuver","floor":15,"key":"SMITH"},{"floor":23,"key":"REST"},{"data":"Caltrops","floor":25,"key":"SMITH"},{"data":"Caltrops","floor":27,"key":"SMITH"},{"data":"Caltrops","floor":29,"key":"SMITH"},{"floor":32,"key":"REST"}],"neow_cost":"NONE","seed_source_timestamp":6151510973363,"circlet_count":0,"master_deck":["Strike_G+1","Strike_G+1","Survivor+1","Neutralize+1","Backflip+1","Outmaneuver+1","Poisoned Stab+1","Noxious Fumes","Terror","Caltrops+1","Bullet Time","Acrobatics+1","Glass Knife+1","Deadly Poison+1","Outmaneuver+1","RitualDagger","Caltrops+1","Caltrops+1"],"relics":["Ring of the Snake","Pantograph","Whetstone","Ninja Scroll","Astrolabe","Happy Flower"],"potions_floor_usage":[7,16,21,30],"damage_taken":[{"damage":0,"enemies":"Jaw Worm","floor":1,"turns":6},{"damage":4,"enemies":"2 Louse","floor":5,"turns":4},{"damage":10,"enemies":"Lagavulin","floor":7,"turns":7},{"damage":10,"enemies":"Gremlin Nob","floor":11,"turns":4},{"damage":0,"enemies":"Cultist","floor":14,"turns":3},{"damage":45,"enemies":"Slime Boss","floor":16,"turns":13},{"damage":2,"enemies":"Chosen","floor":18,"turns":3},{"damage":3,"enemies":"Shell Parasite","floor":21,"turns":4},{"damage":39,"enemies":"Centurion and Healer","floor":22,"turns":5},{"damage":14,"enemies":"Snecko","floor":24,"turns":4},{"damage":0,"enemies":"Snake Plant","floor":30,"turns":1},{"damage":95,"enemies":"Automaton","floor":33,"turns":6}],"seed_played":"5487160788262832061","potions_obtained":[{"floor":1,"key":"Swift Potion"},{"floor":11,"key":"Block Potion"},{"floor":18,"key":"Poison Potion"},{"floor":22,"key":"SmokeBomb"}],"is_trial":false,"path_per_floor":["M","?","?","$","M","R","E","R","T","$","E","?","R","M","R","B",null,"M","?","?","M","M","R","M","R","T","R","$","R","M","?","R","B"],"character_chosen":"THE_SILENT","items_purchased":["Backflip","Outmaneuver","Noxious Fumes"],"campfire_rested":2,"item_purchase_floors":[4,4,10],"current_hp_per_floor":[77,70,70,70,66,66,56,56,56,56,46,46,46,46,46,26,77,75,75,69,66,27,50,36,36,36,36,36,36,36,36,59,0],"gold":38,"neow_bonus":"TEN_PERCENT_HP_BONUS","is_prod":false,"is_daily":false,"chose_seed":false,"campfire_upgraded":7,"win_rate":0,"timestamp":1548218996,"path_taken":["M","?","?","$","?","R","E","R","T","$","E","?","R","M","R","BOSS","M","?","?","M","?","R","M","R","T","R","$","R","M","?","R","BOSS"],"build_version":"2019-01-17v2","purchased_purges":1,"victory":false,"max_hp_per_floor":[77,77,77,77,77,77,77,77,77,77,77,77,77,77,77,77,77,77,77,77,77,77,77,77,77,77,77,77,77,77,77,77,77],"card_choices":[{"not_picked":["Choke","Escape Plan","Distraction"],"picked":"SKIP","floor":1},{"not_picked":["PiercingWail","Dagger Throw"],"picked":"Poisoned Stab","floor":5},{"not_picked":["Bane","Deflect","Cloak And Dagger"],"picked":"SKIP","floor":7},{"not_picked":["Reflex","All Out Attack"],"picked":"Terror","floor":11},{"not_picked":["Choke","Acrobatics"],"picked":"Caltrops","floor":14},{"not_picked":["A Thousand Cuts","Burst"],"picked":"Bullet Time","floor":16},{"not_picked":["Escape Plan","Dodge and Roll"],"picked":"Outmaneuver+1","floor":18},{"not_picked":["Acrobatics","PiercingWail"],"picked":"Caltrops","floor":21},{"not_picked":["Prepared","Blade Dance","Finisher"],"picked":"SKIP","floor":22},{"not_picked":["Skewer","Storm of Steel"],"picked":"Caltrops","floor":24}],"player_experience":573446,"relics_obtained":[{"floor":7,"key":"Pantograph"},{"floor":9,"key":"Whetstone"},{"floor":11,"key":"Ninja Scroll"},{"floor":26,"key":"Happy Flower"}],"event_choices":[{"cards_removed":["Defend_G"],"damage_healed":0,"gold_gain":0,"player_choice":"Card Removal","damage_taken":7,"max_hp_gain":0,"max_hp_loss":0,"event_name":"Golden Wing","floor":2,"gold_loss":0},{"damage_healed":0,"gold_gain":0,"player_choice":"Upgraded","damage_taken":0,"max_hp_gain":0,"max_hp_loss":0,"event_name":"Upgrade Shrine","floor":3,"gold_loss":0,"cards_upgraded":["Neutralize"]},{"cards_removed":["Strike_G"],"damage_healed":0,"gold_gain":0,"player_choice":"Card Removal","damage_taken":0,"max_hp_gain":0,"max_hp_loss":0,"event_name":"The Cleric","floor":12,"gold_loss":50},{"cards_removed":["Defend_G"],"damage_healed":0,"gold_gain":0,"player_choice":"Gave Gold","damage_taken":0,"max_hp_gain":0,"max_hp_loss":0,"event_name":"Beggar","floor":19,"gold_loss":75},{"damage_healed":0,"gold_gain":0,"player_choice":"Joined the Cult","damage_taken":6,"max_hp_gain":0,"max_hp_loss":0,"event_name":"Nest","floor":20,"gold_loss":0,"cards_obtained":["RitualDagger"]},{"cards_removed":["Defend_G"],"damage_healed":0,"gold_gain":0,"player_choice":"Purged","damage_taken":0,"max_hp_gain":0,"max_hp_loss":0,"event_name":"Purifier","floor":31,"gold_loss":0}],"is_beta":false,"boss_relics":[{"not_picked":["Lizard Tail","Ectoplasm"],"picked":"Astrolabe"}],"items_purged_floors":[28],"is_endless":false,"potions_floor_spawned":[1,11,18,22,30],"killed_by":"Automaton","ascension_level":2}