{"gold_per_floor":[115,41,41,58,77,105,33,33,33,33,33,45,45,63,63,63],"floor_reached":16,"playtime":2245,"items_purged":[],"score":100,"play_id":"5bec3973-204e-4251-ba16-c1e7ec450d5d","local_time":"20190124141124","is_ascension_mode":false,"campfire_choices":[{"data":"Footwork","floor":8,"key":"SMITH"},{"data":"Well Laid Plans","floor":11,"key":"SMITH"},{"data":"Footwork","floor":13,"key":"SMITH"},{"data":"Poisoned Stab","floor":15,"key":"SMITH"}],"neow_cost":"NONE","seed_source_timestamp":42347290545910,"circlet_count":0,"master_deck":["Defend_G","Defend_G","Defend_G","Defend_G","Defend_G","Strike_G","Strike_G","Strike_G","Strike_G","Survivor","Neutralize+1","Footwork+1","Footwork+1","Poisoned Stab","Poisoned Stab+1","Adrenaline","Well Laid Plans+1"],"relics":["Ring of the Snake","Dodecahedron","Pen Nib"],"potions_floor_usage":[6,6],"damage_taken":[{"damage":0,"enemies":"Jaw Worm","floor":1,"turns":5},{"damage":0,"enemies":"2 Louse","floor":4,"turns":4},{"damage":6,"enemies":"Cultist","floor":5,"turns":4},{"damage":8,"enemies":"3 Sentries","floor":6,"turns":12},{"damage":0,"enemies":"Red Slaver","floor":12,"turns":4},{"damage":0,"enemies":"Blue Slaver","floor":14,"turns":3},{"damage":59,"enemies":"Slime Boss","floor":16,"turns":16}],"seed_played":"-7716800123948730573","potions_obtained":[{"floor":1,"key":"AttackPotion"},{"floor":4,"key":"Ancient Potion"},{"floor":5,"key":"Block Potion"}],"is_trial":false,"path_per_floor":["M","$","?","M","M","E","$","R","T","?","R","M","R","M","R","B"],"character_chosen":"THE_SILENT","items_purchased":["Footwork","Well Laid Plans"],"campfire_rested":0,"item_purchase_floors":[2,7],"current_hp_per_floor":[77,77,77,77,71,63,63,63,63,56,56,56,56,56,56,0],"gold":63,"neow_bonus":"TEN_PERCENT_HP_BONUS","is_prod":false,"is_daily":false,"chose_seed":false,"campfire_upgraded":4,"win_rate":0,"timestamp":1548357084,"path_taken":["M","$","?","M","M","E","$","R","T","?","R","M","R","M","R","BOSS"],"build_version":"2019-01-23","purchased_purges":0,"victory":false,"max_hp_per_floor":[77,77,77,77,77,77,77,77,77,77,77,77,77,77,77,77],"card_choices":[{"not_picked":["Dodge and Roll","Predator"],"picked":"Footwork","floor":1},{"not_picked":["Acrobatics","Expertise"],"picked":"Poisoned Stab","floor":4},{"not_picked":["Outmaneuver","Crippling Poison"],"picked":"Poisoned Stab","floor":5},{"not_picked":["Prepared","Blade Dance"],"picked":"Adrenaline","floor":6},{"not_picked":["Dagger Spray","Skewer","Outmaneuver"],"picked":"SKIP","floor":12},{"not_picked":["Caltrops","Poisoned Stab","Flying Knee"],"picked":"SKIP","floor":14}],"player_experience":582368,"relics_obtained":[{"floor":6,"key":"Dodecahedron"},{"floor":9,"key":"Pen Nib"}],"event_choices":[{"damage_healed":0,"gold_gain":0,"player_choice":"Grow","damage_taken":0,"max_hp_gain":0,"max_hp_loss":0,"event_name":"Living Wall","floor":3,"gold_loss":0,"cards_upgraded":["Neutralize"]},{"cards_removed":["Strike_G"],"damage_healed":0,"gold_gain":0,"player_choice":"Card Removal","damage_taken":7,"max_hp_gain":0,"max_hp_loss":0,"event_name":"Golden Wing","floor":10,"gold_loss":0}],"is_beta":false,"boss_relics":[],"items_purged_floors":[],"is_endless":false,"potions_floor_spawned":[1,4,5],"killed_by":"Slime Boss","ascension_level":0}