{"gold_per_floor":[14,25,43,218,143,143,154,188,241,241,276,294,294,304,304,304],"floor_reached":16,"playtime":979,"items_purged":["Doubt"],"score":140,"play_id":"93490a4c-a0b3-4b00-81ee-32a95a134002","local_time":"20181108194508","is_ascension_mode":true,"campfire_choices":[{"data":"Pommel Strike","floor":6,"key":"SMITH"},{"floor":13,"key":"REST"},{"data":"Body Slam","floor":15,"key":"SMITH"}],"neow_cost":"NO_GOLD","seed_source_timestamp":20999781852390,"circlet_count":0,"master_deck":["Strike_R","Strike_R","Strike_R+1","Strike_R","Defend_R","Defend_R","Defend_R","Defend_R","Bash","Impervious","Pommel Strike+1","Metallicize","Clothesline+1","Offering","Shockwave","Shrug It Off","Body Slam+1"],"relics":["Burning Blood","Whetstone","Tiny Chest","Omamori"],"potions_floor_usage":[16],"damage_taken":[{"damage":6,"enemies":"Cultist","floor":1,"turns":3},{"damage":12,"enemies":"Jaw Worm","floor":2,"turns":2},{"damage":1,"enemies":"2 Louse","floor":3,"turns":3},{"damage":8,"enemies":"Looter","floor":7,"turns":3},{"damage":39,"enemies":"3 Sentries","floor":8,"turns":10},{"damage":12,"enemies":"Gremlin Nob","floor":11,"turns":3},{"damage":22,"enemies":"Exordium Thugs","floor":12,"turns":5},{"damage":12,"enemies":"Lots of Slimes","floor":14,"turns":6},{"damage":44,"enemies":"Hexaghost","floor":16,"turns":14}],"seed_played":"-4082100000141697168","potions_obtained":[{"floor":2,"key":"Explosive Potion"},{"floor":8,"key":"Dexterity Potion"},{"floor":11,"key":"SpeedPotion"},{"floor":14,"key":"Explosive Potion"}],"is_trial":false,"path_per_floor":["M","M","M","?","$","R","M","E","T","?","E","M","R","M","R","B"],"character_chosen":"IRONCLAD","items_purchased":[],"campfire_rested":1,"item_purchase_floors":[],"current_hp_per_floor":[80,74,79,79,79,79,77,44,44,44,38,22,46,40,40,0],"gold":304,"neow_bonus":"THREE_RARE_CARDS","is_prod":false,"is_daily":false,"chose_seed":false,"campfire_upgraded":2,"win_rate":0,"timestamp":1541724308,"path_taken":["M","M","M","?","$","R","M","E","T","?","E","M","R","M","R","BOSS"],"build_version":"2018-11-01","purchased_purges":1,"victory":false,"max_hp_per_floor":[80,80,80,80,80,80,80,80,80,80,80,80,80,80,80,80],"card_choices":[{"not_picked":["Fiend Fire","Immolate"],"picked":"Impervious","floor":0},{"not_picked":["Clothesline","Power Through"],"picked":"Pommel Strike","floor":1},{"not_picked":["Iron Wave","Heavy Blade"],"picked":"Metallicize","floor":2},{"not_picked":["Armaments","Infernal Blade"],"picked":"Clothesline","floor":3},{"not_picked":["Thunderclap","Rage","Hemokinesis"],"picked":"SKIP","floor":7},{"not_picked":["Iron Wave","Perfected Strike"],"picked":"Offering","floor":8},{"not_picked":["Warcry","Fire Breathing"],"picked":"Shockwave","floor":11},{"not_picked":["Sword Boomerang","Anger"],"picked":"Shrug It Off","floor":12},{"not_picked":["Cleave","Infernal Blade"],"picked":"Body Slam","floor":14}],"player_experience":193510,"relics_obtained":[{"floor":8,"key":"Whetstone"},{"floor":9,"key":"Tiny Chest"},{"floor":11,"key":"Omamori"}],"event_choices":[{"damage_healed":0,"gold_gain":175,"player_choice":"AGREE","damage_taken":0,"max_hp_gain":0,"max_hp_loss":0,"event_name":"Liars Game","floor":4,"gold_loss":0,"cards_obtained":["Doubt"]},{"cards_removed":["Strike_R"],"damage_healed":0,"gold_gain":0,"player_choice":"Forget","damage_taken":0,"max_hp_gain":0,"max_hp_loss":0,"event_name":"Living Wall","floor":10,"gold_loss":0}],"is_beta":false,"boss_relics":[],"items_purged_floors":[5],"is_endless":false,"potions_floor_spawned":[2,8,11,14],"killed_by":"Hexaghost","ascension_level":5}