{"gold_per_floor":[114,129,144,159,9,9,24,39,39,39,69,84,109,124,124,224,224,239,254,254,254,254],"floor_reached":22,"playtime":1075,"items_purged":[],"score":315,"play_id":"4b91c13f-f9bc-4295-a8ef-555ebfd10c31","local_time":"20190110141118","daily_mods":["Insanity","Hoarder","Night Terrors"],"is_ascension_mode":false,"campfire_choices":[{"data":"Metallicize","floor":6,"key":"SMITH"},{"data":"Metallicize","floor":15,"key":"SMITH"}],"neow_cost":"","seed_source_timestamp":0,"circlet_count":0,"master_deck":["Thunderclap","Iron Wave","Wild Strike","Perfected Strike","Anger","Cleave","Sword Boomerang","Disarm","Shrug It Off","Second Wind","Headbutt","Perfected Strike","Perfected Strike","Entrench","Flame Barrier","Dual Wield","Pommel Strike","Clothesline","Armaments","Combust","Clothesline","Spot Weakness","Flex","Shockwave","Warcry","Thunderclap","Bloodletting","Iron Wave","Entrench","Anger","Twin Strike","Sentinel","Body Slam","Anger","Clash","Carnage","Seeing Red","Thunderclap","Headbutt","Armaments","Warcry+1","Rampage","Anger","Inflame","Spot Weakness","Spot Weakness","Shrug It Off","Clash","Sever Soul+1","Carnage","Power Through","Power Through","Power Through","Metallicize+1","Metallicize+1","Metallicize","True Grit","True Grit","True Grit","Dropkick","Dropkick","Dropkick","Limit Break","Limit Break","Limit Break","Shrug It Off","Shrug It Off","Shrug It Off","Bite","Bite","Bite","Bite","Bite","Bite","Bite","Bite","Bite","Bite","Bite","Bite","Bite","Bite","Bite"],"special_seed":17906,"relics":["Burning Blood","Omamori","Bird Faced Urn","Bronze Scales","Busted Crown","Nloth\u0027s Gift"],"potions_floor_usage":[18,18],"damage_taken":[{"damage":0,"enemies":"Cultist","floor":1,"turns":2},{"damage":0,"enemies":"2 Louse","floor":2,"turns":2},{"damage":11,"enemies":"Jaw Worm","floor":3,"turns":2},{"damage":0,"enemies":"Exordium Wildlife","floor":4,"turns":3},{"damage":9,"enemies":"3 Louse","floor":7,"turns":3},{"damage":9,"enemies":"Gremlin Gang","floor":8,"turns":2},{"damage":11,"enemies":"3 Sentries","floor":11,"turns":4},{"damage":0,"enemies":"Exordium Wildlife","floor":12,"turns":2},{"damage":0,"enemies":"Red Slaver","floor":14,"turns":3},{"damage":10,"enemies":"The Guardian","floor":16,"turns":7},{"damage":0,"enemies":"3 Byrds","floor":18,"turns":2},{"damage":7,"enemies":"Shell Parasite","floor":19,"turns":4},{"damage":0,"enemies":"3 Cultists","floor":22,"turns":1}],"seed_played":"-5387358515685064469","potions_obtained":[{"floor":3,"key":"AttackPotion"},{"floor":4,"key":"Fire Potion"},{"floor":7,"key":"SneckoOil"},{"floor":16,"key":"Poison Potion"},{"floor":19,"key":"Strength Potion"}],"is_trial":false,"path_per_floor":["M","M","M","M","$","R","M","M","T","?","E","M","T","M","R","B",null,"M","M","?","?","M"],"character_chosen":"IRONCLAD","items_purchased":["Omamori"],"campfire_rested":0,"item_purchase_floors":[5],"current_hp_per_floor":[80,80,75,80,80,80,77,74,74,58,55,61,61,69,69,69,80,80,79,56,56,56],"gold":254,"neow_bonus":"","is_prod":false,"is_daily":true,"chose_seed":false,"campfire_upgraded":2,"win_rate":0,"timestamp":1547158278,"path_taken":["M","?","M","M","?","R","M","M","T","?","E","M","?","M","R","BOSS","M","M","?","?","?"],"build_version":"2019-01-03v4","purchased_purges":0,"victory":false,"max_hp_per_floor":[80,80,80,80,80,80,80,80,80,80,80,80,80,80,80,80,80,80,80,56,56,56],"card_choices":[{"not_picked":["Entrench","Combust","Warcry"],"picked":"SKIP","floor":1},{"not_picked":["Havoc","Feel No Pain","Reckless Charge"],"picked":"SKIP","floor":2},{"not_picked":["Havoc","Feel No Pain","Reckless Charge"],"picked":"SKIP","floor":2},{"not_picked":["Burning Pact","Clash"],"picked":"Power Through","floor":3},{"not_picked":["Infernal Blade","Cleave"],"picked":"Metallicize","floor":4},{"not_picked":["Pommel Strike","Iron Wave"],"picked":"True Grit","floor":7},{"not_picked":["Rage","Berserk","Spot Weakness"],"picked":"SKIP","floor":8},{"not_picked":["Headbutt","Iron Wave"],"picked":"Dropkick","floor":11},{"not_picked":["Clash","Armaments","Sword Boomerang"],"picked":"SKIP","floor":12},{"not_picked":["Sword Boomerang","Iron Wave"],"picked":"Limit Break","floor":14},{"not_picked":["Armaments"],"picked":"SKIP","floor":18},{"not_picked":[],"picked":"Shrug It Off","floor":19}],"player_experience":590339,"relics_obtained":[{"floor":9,"key":"Bird Faced Urn"},{"floor":11,"key":"Pocketwatch"},{"floor":13,"key":"Bronze Scales"}],"event_choices":[{"damage_healed":0,"gold_gain":0,"player_choice":"Entered Light","damage_taken":16,"max_hp_gain":0,"max_hp_loss":0,"event_name":"Shining Light","floor":10,"gold_loss":0,"cards_upgraded":["Sever Soul","Warcry"]},{"damage_healed":0,"gold_gain":0,"player_choice":"Became a vampire","damage_taken":0,"max_hp_gain":0,"max_hp_loss":24,"event_name":"Vampires","floor":20,"gold_loss":0,"cards_obtained":["Bite","Bite","Bite","Bite","Bite"]},{"damage_healed":0,"gold_gain":0,"player_choice":"Traded Relic","damage_taken":0,"relics_obtained":["Nloth\u0027s Gift"],"max_hp_gain":0,"max_hp_loss":0,"event_name":"N\u0027loth","floor":21,"relics_lost":["Pocketwatch"],"gold_loss":0}],"is_beta":false,"boss_relics":[{"not_picked":["Eternal Feather","Coffee Dripper"],"picked":"Busted Crown"}],"items_purged_floors":[],"is_endless":false,"potions_floor_spawned":[3,4,7,16,19],"killed_by":"3 Cultists","ascension_level":0}