{"path_per_floor":["M","?","M","M","?","R","$","M","T","R","E","T","R","E","R","B",null,"M","M","?","?","$","R","E","R","T","M","$","E","M","?","R","B",null,"M","?","M","?","?","R","E","$","T","R","M","M","?","M","R","B"],"character_chosen":"DEFECT","items_purchased":["Cables","FTL","Whetstone","Art of War","Master of Strategy","Heatsinks"],"gold_per_floor":[109,359,372,384,384,384,14,26,26,26,56,56,56,90,90,192,192,211,225,225,225,225,225,257,257,336,348,48,74,88,88,88,192,192,203,203,220,220,220,220,246,1,28,28,40,51,51,70,70,70],"floor_reached":51,"campfire_rested":3,"playtime":2129,"item_purchase_floors":[7,7,28,28,42,42],"current_hp_per_floor":[75,75,68,66,66,66,66,66,66,66,52,52,52,35,35,31,85,85,58,58,58,58,58,27,27,27,27,27,27,19,19,44,17,85,85,74,68,68,68,68,12,12,12,37,39,16,16,4,29,8],"items_purged":["Regret"],"gold":70,"score":816,"play_id":"13b5a26a-9324-4a39-92e5-2bf3e85bbac2","local_time":"20180530234640","is_prod":false,"is_daily":false,"chose_seed":false,"is_ascension_mode":true,"campfire_upgraded":7,"win_rate":0,"timestamp":1527738400,"campfire_choices":[{"data":"Zap","floor":6,"key":"SMITH"},{"data":"Hello World","floor":10,"key":"SMITH"},{"data":"Heatsinks","floor":13,"key":"SMITH"},{"data":"Go for the Eyes","floor":15,"key":"SMITH"},{"data":"Loop","floor":23,"key":"SMITH"},{"data":"Biased Cognition","floor":25,"key":"SMITH"},{"floor":32,"key":"REST"},{"data":"Electrodynamics","floor":40,"key":"SMITH"},{"floor":44,"key":"REST"},{"floor":49,"key":"REST"}],"path_taken":["M","?","?","M","?","R","$","M","T","R","E","?","R","E","R","BOSS","M","M","?","?","$","R","E","R","T","M","$","E","M","?","R","BOSS","M","?","M","?","?","R","E","$","T","R","M","?","?","M","R","BOSS"],"build_version":"2018-05-30","seed_source_timestamp":207945691286823,"purchased_purges":1,"victory":true,"master_deck":["Strike_B+1","Strike_B","Strike_B","Defend_B","Defend_B","Defend_B","Defend_B","Zap+1","Dualcast","Defragment+1","Heatsinks+1","FTL","Hello World+1","Leap","Go for the Eyes+1","Biased Cognition+1","Leap","Loop+1","Hello World","Loop","Static Discharge+1","Electrodynamics+1","Scrape","Madness","Madness","Stack+1","Machine Learning","Master of Strategy","Heatsinks","Skim+1","Recycle+1"],"max_hp_per_floor":[75,75,75,75,75,75,75,75,75,75,75,75,75,85,85,85,85,85,85,85,85,85,85,85,85,85,85,85,85,85,85,85,85,85,85,85,85,85,85,85,85,85,85,85,85,85,85,85,85,85],"relics":["Cracked Core","Anchor","Cables","Toolbox","Mercury Hourglass","Kunai","Pear","Inserter","Matryoshka","Happy Flower","Mummified Hand","Dodecahedron","Whetstone","Art of War","Question Card","Black Star","Vajra","Orichalcum","Blood Vial","Bag of Marbles"],"card_choices":[{"not_picked":["Ball Lightning","Turbo"],"picked":"Defragment","floor":1},{"not_picked":["Loop","Beam Cell"],"picked":"Heatsinks","floor":3},{"not_picked":["Ball Lightning","Tempest","Undo"],"picked":"SKIP","floor":4},{"not_picked":["Tempest","Conserve Battery"],"picked":"Hello World","floor":8},{"not_picked":["Storm","Darkness"],"picked":"Leap","floor":11},{"not_picked":["Sunder","Capacitor"],"picked":"Go for the Eyes","floor":14},{"not_picked":["Multi-Cast","Buffer"],"picked":"Biased Cognition","floor":16},{"not_picked":["Chill","Compile Driver"],"picked":"Melter","floor":18},{"not_picked":["Barrage","Fusion"],"picked":"Leap","floor":19},{"not_picked":["Fission","Beam Cell","Streamline"],"picked":"SKIP","floor":24},{"not_picked":["Sweeping Beam","Rebound+1"],"picked":"Hello World","floor":27},{"not_picked":["Cold Snap","Leap"],"picked":"Loop","floor":29},{"not_picked":["Ball Lightning","Reinforced Body","Glacier"],"picked":"Static Discharge+1","floor":30},{"not_picked":["Amplify","All For One","Seek"],"picked":"Electrodynamics","floor":33},{"not_picked":["Sweeping Beam+1","Gash","Compile Driver"],"picked":"Scrape","floor":35},{"not_picked":["Streamline","Leap","Redo"],"picked":"Stack+1","floor":37},{"not_picked":["Aggregate+1","Scrape+1","Loop"],"picked":"Machine Learning","floor":41},{"not_picked":["Self Repair+1","Doom and Gloom","Lockon"],"picked":"Skim+1","floor":45},{"not_picked":["Darkness","Loop","Fusion"],"picked":"Recycle+1","floor":46},{"not_picked":["Rebound","Conserve Battery","Beam Cell","Static Discharge"],"picked":"SKIP","floor":48}],"player_experience":217263,"potions_floor_usage":[24,24,24,50,50],"damage_taken":[{"damage":0,"enemies":"Cultist","floor":1,"turns":3},{"damage":7,"enemies":"2 Louse","floor":3,"turns":3},{"damage":2,"enemies":"Jaw Worm","floor":4,"turns":3},{"damage":0,"enemies":"3 Louse","floor":8,"turns":2},{"damage":14,"enemies":"Gremlin Nob","floor":11,"turns":3},{"damage":27,"enemies":"Lagavulin","floor":14,"turns":4},{"damage":4,"enemies":"Hexaghost","floor":16,"turns":8},{"damage":0,"enemies":"Chosen","floor":18,"turns":3},{"damage":27,"enemies":"3 Byrds","floor":19,"turns":4},{"damage":31,"enemies":"Slavers","floor":24,"turns":4},{"damage":0,"enemies":"Cultist and Chosen","floor":27,"turns":5},{"damage":0,"enemies":"Gremlin Leader","floor":29,"turns":5},{"damage":8,"enemies":"3 Cultists","floor":30,"turns":4},{"damage":27,"enemies":"Automaton","floor":33,"turns":6},{"damage":0,"enemies":"Orb Walker","floor":35,"turns":2},{"damage":6,"enemies":"Flame Bruiser 1 Orb","floor":37,"turns":4},{"damage":56,"enemies":"2 Orb Walkers","floor":41,"turns":5},{"damage":0,"enemies":"Transient","floor":45,"turns":5},{"damage":25,"enemies":"Maw","floor":46,"turns":5},{"damage":14,"enemies":"3 Darklings","floor":48,"turns":3},{"damage":49,"enemies":"Awakened One","floor":50,"turns":5}],"relics_obtained":[{"floor":9,"key":"Toolbox"},{"floor":11,"key":"Mercury Hourglass"},{"floor":12,"key":"Kunai"},{"floor":14,"key":"Pear"},{"floor":24,"key":"Happy Flower"},{"floor":26,"key":"Mummified Hand"},{"floor":26,"key":"Dodecahedron"},{"floor":29,"key":"Question Card"},{"floor":41,"key":"Vajra"},{"floor":41,"key":"Orichalcum"},{"floor":43,"key":"Blood Vial"},{"floor":43,"key":"Bag of Marbles"}],"event_choices":[{"event_name":"Golden Shrine","player_choice":"Desecrate","floor":2,"damage_taken":0},{"event_name":"Upgrade Shrine","player_choice":"Upgraded","floor":5,"damage_taken":0},{"event_name":"The Library","player_choice":"Read","floor":20,"damage_taken":0},{"event_name":"The Mausoleum","player_choice":"Yes","floor":21,"damage_taken":0},{"event_name":"Match and Keep!","player_choice":"0 cards matched","floor":31,"damage_taken":0},{"event_name":"Winding Halls","player_choice":"Embrace Madness","floor":36,"damage_taken":0},{"event_name":"Bonfire Elementals","player_choice":"BASIC","floor":38,"damage_taken":0},{"event_name":"Tomb of Lord Red Mask","player_choice":"Ignored","floor":39,"damage_taken":0}],"boss_relics":[{"not_picked":["Eternal Feather","White Beast Statue"],"picked":"Inserter"},{"not_picked":["Nuclear Battery","Tiny House"],"picked":"Black Star"}],"items_purged_floors":[7],"potions_floor_spawned":[1,3,4,16,19,24,27,45,46],"seed_played":"7673043965267258315","ascension_level":2,"potions_obtained":[{"floor":1,"key":"GamblersBrew"},{"floor":3,"key":"SkillPotion"},{"floor":4,"key":"EssenceOfSteel"},{"floor":16,"key":"Energy Potion"},{"floor":24,"key":"Dexterity Potion"},{"floor":27,"key":"FairyPotion"},{"floor":45,"key":"FocusPotion"}],"is_trial":false}