{"gold_per_floor":[414,589,232,247,247,277,307,337,337,337,352,352,39,69,69,169,169,139,39,139,0,30,30,60,75,75,75,105,105,55,70,70,170,170,185,185,185,60,75,105,135,150,150,180,210,60,60,90,90,90],"floor_reached":51,"playtime":2431,"items_purged":["Doubt","Normality","Pain","Normality"],"score":1248,"play_id":"d72da668-6954-4506-8719-95cd41298e49","local_time":"20190121210900","daily_mods":["Heirloom","Flight","DeadlyEvents"],"is_ascension_mode":false,"campfire_choices":[{"floor":10,"key":"REST"},{"data":"Apotheosis","floor":15,"key":"SMITH"},{"floor":23,"key":"REST"},{"floor":29,"key":"REST"},{"data":"Accuracy","floor":32,"key":"SMITH"},{"floor":49,"key":"DIG"}],"neow_cost":"","seed_source_timestamp":0,"circlet_count":0,"master_deck":["Defend_G","Defend_G","Defend_G","Defend_G","Defend_G","Strike_G","Strike_G+1","Strike_G","Strike_G+1","Strike_G","Survivor","Neutralize","Accuracy","Blade Dance+1","Accuracy+1","Cloak And Dagger+1","After Image+1","Apotheosis+1","Accuracy+1","Blade Dance","Burst","Blade Dance","Cloak And Dagger","Cloak And Dagger","Cloak And Dagger+1","A Thousand Cuts+1","Panacea","Acrobatics+1","Envenom+1","Accuracy+1","Acrobatics+1"],"special_seed":17918,"relics":["Ring of the Snake","Old Coin","Lantern","Bottled Lightning","PreservedInsect","Frozen Egg 2","Darkstone Periapt","Ancient Tea Set","Calling Bell","Centennial Puzzle","Ninja Scroll","The Specimen","Thread and Needle","Letter Opener","Question Card","Boot","Whetstone","Bag of Marbles","Busted Crown","Bottled Tornado","Dream Catcher","Snake Skull","Shovel","Singing Bowl","Sundial","Meat on the Bone","Mercury Hourglass"],"potions_floor_usage":[8,18,20,20,40,50,50,50,50,50,50],"damage_taken":[{"damage":0,"enemies":"Small Slimes","floor":1,"turns":4},{"damage":0,"enemies":"Jaw Worm","floor":4,"turns":3},{"damage":9,"enemies":"3 Sentries","floor":6,"turns":7},{"damage":13,"enemies":"Gremlin Nob","floor":7,"turns":4},{"damage":9,"enemies":"Lagavulin","floor":8,"turns":5},{"damage":0,"enemies":"2 Louse","floor":11,"turns":2},{"damage":0,"enemies":"3 Sentries","floor":14,"turns":5},{"damage":17,"enemies":"Hexaghost","floor":16,"turns":7},{"damage":26,"enemies":"2 Thieves","floor":18,"turns":5},{"damage":18,"enemies":"Colosseum Slavers","floor":20,"turns":4},{"damage":2,"enemies":"Colosseum Nobs","floor":20,"turns":4},{"damage":6,"enemies":"Gremlin Leader","floor":22,"turns":3},{"damage":1,"enemies":"Slavers","floor":24,"turns":3},{"damage":3,"enemies":"Spheric Guardian","floor":25,"turns":3},{"damage":11,"enemies":"Book of Stabbing","floor":28,"turns":3},{"damage":0,"enemies":"3 Cultists","floor":31,"turns":4},{"damage":41,"enemies":"Champ","floor":33,"turns":7},{"damage":0,"enemies":"Orb Walker","floor":35,"turns":2},{"damage":0,"enemies":"3 Shapes","floor":39,"turns":3},{"damage":6,"enemies":"Reptomancer","floor":40,"turns":6},{"damage":0,"enemies":"Nemesis","floor":41,"turns":4},{"damage":11,"enemies":"Maw","floor":42,"turns":5},{"damage":0,"enemies":"Giant Head","floor":44,"turns":4},{"damage":0,"enemies":"Nemesis","floor":45,"turns":3},{"damage":0,"enemies":"Reptomancer","floor":48,"turns":3},{"damage":0,"enemies":"Donu and Deca","floor":50,"turns":5}],"seed_played":"-6286355576629178474","potions_obtained":[{"floor":1,"key":"GhostInAJar"},{"floor":8,"key":"AttackPotion"},{"floor":16,"key":"Fire Potion"},{"floor":18,"key":"SkillPotion"},{"floor":33,"key":"Poison Potion"},{"floor":39,"key":"Explosive Potion"},{"floor":42,"key":"SteroidPotion"},{"floor":48,"key":"EntropicBrew"}],"is_trial":false,"path_per_floor":["M","?","$","M","?","E","E","E","T","R","M","?","$","E","R","B",null,"M","$","?","?","E","R","E","M","T","$","E","R","$","M","R","B",null,"M","?","?","$","M","E","E","M","T","E","E","$","T","E","R","B",null],"character_chosen":"THE_SILENT","items_purchased":["Blade Dance","Accuracy","Lantern","Apotheosis","Accuracy+1","Blade Dance","Cloak And Dagger"],"campfire_rested":3,"item_purchase_floors":[3,3,3,13,13,13,30],"current_hp_per_floor":[70,70,70,70,70,61,48,39,39,60,60,60,60,60,60,43,88,62,62,42,42,36,62,61,58,58,58,47,73,73,73,73,32,88,88,88,88,88,88,82,82,71,71,71,73,73,73,75,75,75],"gold":90,"neow_bonus":"","is_prod":false,"is_daily":true,"chose_seed":false,"campfire_upgraded":2,"win_rate":0,"timestamp":1548133740,"path_taken":["M","?","$","M","?","E","?","E","T","R","?","?","$","E","R","BOSS","M","$","?","?","?","R","E","?","T","?","E","R","$","M","R","BOSS","M","?","?","$","?","E","E","M","T","E","?","$","?","?","R","BOSS"],"build_version":"2019-01-17v2","purchased_purges":4,"victory":true,"max_hp_per_floor":[70,70,70,70,70,70,70,70,70,70,70,70,70,70,70,70,88,88,88,88,88,88,88,88,88,88,88,88,88,88,88,88,88,88,88,88,88,88,88,88,88,88,88,88,90,90,90,92,92,92],"card_choices":[{"not_picked":["Eviscerate","Distraction"],"picked":"Accuracy","floor":1},{"not_picked":["Sucker Punch","Well Laid Plans","All Out Attack"],"picked":"SKIP","floor":4},{"not_picked":["Noxious Fumes","Dodge and Roll","Flying Knee"],"picked":"SKIP","floor":6},{"not_picked":["Backstab","Prepared"],"picked":"Cloak And Dagger","floor":7},{"not_picked":["Blade Dance","Flying Knee"],"picked":"After Image","floor":8},{"not_picked":["Finisher","Flying Knee","Underhanded Strike"],"picked":"SKIP","floor":11},{"not_picked":["Concentrate","Masterful Stab","Bane"],"picked":"SKIP","floor":14},{"not_picked":["Doppelganger","Wraith Form v2+1"],"picked":"Burst","floor":16},{"not_picked":["Heel Hook","Underhanded Strike"],"picked":"Blade Dance","floor":18},{"not_picked":["Outmaneuver","Sucker Punch"],"picked":"Cloak And Dagger","floor":20},{"not_picked":["Distraction+1","Doppelganger","Crippling Poison"],"picked":"SKIP","floor":22},{"not_picked":["Slice","Dagger Spray","Outmaneuver","Predator"],"picked":"SKIP","floor":24},{"not_picked":["Quick Slash","Flechettes","Choke+1","PiercingWail"],"picked":"SKIP","floor":25},{"not_picked":["Catalyst","Sucker Punch+1","Dash","Endless Agony"],"picked":"SKIP","floor":28},{"not_picked":["Backflip+1","PiercingWail+1","Dagger Spray+1"],"picked":"Cloak And Dagger+1","floor":31},{"not_picked":["Storm of Steel","Malaise","Corpse Explosion"],"picked":"A Thousand Cuts+1","floor":33},{"not_picked":["All Out Attack","Flying Knee+1"],"picked":"SKIP","floor":35},{"not_picked":["Thinking Ahead"],"picked":"Panacea","floor":36},{"not_picked":["Blur+1"],"picked":"Acrobatics+1","floor":39},{"not_picked":["Sucker Punch+1"],"picked":"Envenom+1","floor":40},{"not_picked":["Escape Plan"],"picked":"Accuracy+1","floor":41},{"not_picked":["Deadly Poison+1","Prepared"],"picked":"SKIP","floor":42},{"not_picked":["Infinite Blades+1"],"picked":"Acrobatics+1","floor":44},{"not_picked":["Blur","Deadly Poison"],"picked":"Singing Bowl","floor":45},{"not_picked":["Phantasmal Killer","Backflip+1"],"picked":"Singing Bowl","floor":48}],"player_experience":598574,"relics_obtained":[{"floor":6,"key":"Bottled Lightning"},{"floor":7,"key":"PreservedInsect"},{"floor":8,"key":"Frozen Egg 2"},{"floor":9,"key":"Darkstone Periapt"},{"floor":14,"key":"Ancient Tea Set"},{"floor":17,"key":"Centennial Puzzle"},{"floor":17,"key":"Ninja Scroll"},{"floor":17,"key":"The Specimen"},{"floor":20,"key":"Thread and Needle"},{"floor":20,"key":"Letter Opener"},{"floor":22,"key":"Question Card"},{"floor":24,"key":"Boot"},{"floor":26,"key":"Whetstone"},{"floor":28,"key":"Bag of Marbles"},{"floor":40,"key":"Bottled Tornado"},{"floor":41,"key":"Dream Catcher"},{"floor":43,"key":"Snake Skull"},{"floor":44,"key":"Shovel"},{"floor":45,"key":"Singing Bowl"},{"floor":47,"key":"Sundial"},{"floor":48,"key":"Meat on the Bone"},{"floor":49,"key":"Mercury Hourglass"}],"event_choices":[{"damage_healed":0,"gold_gain":175,"player_choice":"AGREE","damage_taken":0,"max_hp_gain":0,"max_hp_loss":0,"event_name":"Liars Game","floor":2,"gold_loss":0,"cards_obtained":["Doubt"]},{"damage_healed":0,"gold_gain":0,"player_choice":"Grow","damage_taken":0,"max_hp_gain":0,"max_hp_loss":0,"event_name":"Living Wall","floor":5,"gold_loss":0,"cards_upgraded":["Blade Dance"]},{"damage_healed":0,"gold_gain":0,"player_choice":"Forge","damage_taken":0,"max_hp_gain":0,"max_hp_loss":0,"event_name":"Accursed Blacksmith","floor":12,"gold_loss":0,"cards_upgraded":["Cloak And Dagger"]},{"damage_healed":0,"gold_gain":0,"player_choice":"Fight","damage_taken":0,"max_hp_gain":0,"max_hp_loss":0,"event_name":"Colosseum","floor":20,"gold_loss":0},{"damage_healed":0,"gold_gain":0,"player_choice":"Fought Nobs","damage_taken":0,"max_hp_gain":0,"max_hp_loss":0,"event_name":"Colosseum","floor":20,"gold_loss":0},{"damage_healed":0,"gold_gain":0,"player_choice":"Paid Fearfully","damage_taken":0,"max_hp_gain":0,"max_hp_loss":0,"event_name":"Masked Bandits","floor":21,"gold_loss":139},{"damage_healed":0,"gold_gain":0,"player_choice":"Memory 1","damage_taken":0,"max_hp_gain":0,"max_hp_loss":0,"event_name":"SensoryStone","floor":36,"gold_loss":0},{"damage_healed":0,"gold_gain":0,"player_choice":"Ignored","damage_taken":0,"max_hp_gain":0,"max_hp_loss":0,"event_name":"Tomb of Lord Red Mask","floor":37,"gold_loss":0}],"is_beta":false,"boss_relics":[{"not_picked":["White Beast Statue","Lizard Tail"],"picked":"Calling Bell"},{"not_picked":["Runic Pyramid","Pandora\u0027s Box"],"picked":"Busted Crown"}],"items_purged_floors":[3,19,38,46],"is_endless":false,"potions_floor_spawned":[1,8,16,18,20,33,39,42,48],"ascension_level":0}