{"path_per_floor":["M","?","?","M","?","M","E","?","T","E","R","E","R","M","R","B",null,"M","?","M","?","$","R","E","R","T","E","R","$","?","E","R","B",null,"M","?","M","$","M","E","M","E","T","E","R","E","M","$","R","B"],"character_chosen":"THE_SILENT","items_purchased":["Meat on the Bone","Backflip","Mummified Hand"],"gold_per_floor":[114,114,64,79,33,48,78,78,78,108,108,138,138,153,153,253,253,268,268,283,283,33,33,63,63,63,93,93,93,8,38,38,138,138,153,153,168,87,102,132,147,177,177,207,207,237,252,52,52,52],"floor_reached":51,"campfire_rested":2,"playtime":3149,"current_hp_per_floor":[70,70,70,70,70,70,61,49,55,29,51,49,49,46,46,50,82,67,57,56,62,62,70,55,63,69,57,65,65,65,63,73,60,136,128,128,130,130,89,80,77,68,74,80,94,92,81,81,140,111],"items_purged":["Regret"],"gold":52,"score":1037,"play_id":"201bf0f3-8ec5-46da-99a4-07cf7982066a","local_time":"20180324193736","daily_mods":["Heirloom","Cursed Run","Elite Swarm"],"is_prod":false,"is_daily":true,"is_ascension_mode":false,"campfire_upgraded":6,"timestamp":1521945456,"path_taken":["M","?","?","M","?","?","E","?","T","E","R","E","R","M","R","BOSS","M","?","M","?","$","R","E","R","T","E","R","$","?","E","R","BOSS","M","?","M","$","M","E","M","E","T","E","R","E","M","$","R","BOSS"],"build_version":"2018-03-22v2","purchased_purges":1,"victory":true,"master_deck":["Defend_G","Defend_G","Defend_G","Defend_G","Strike_G","Strike_G","Strike_G","Strike_G","Survivor","Neutralize+1","Blur","Malaise+1","Dodge and Roll","Adrenaline","Injury","A Thousand Cuts+1","Tools of the Trade","Necronomicurse","Prepared+1","Decay","Tools of the Trade","Parasite","Envenom+1","Glass Knife+1","Injury","Decay","Regret","Underhanded Strike+1","Backflip+1","Blade Dance+1","After Image","Footwork","A Thousand Cuts","Regret","A Thousand Cuts+1","Adrenaline+1","Sucker Punch","Acrobatics+1","Doubt"],"max_hp_per_floor":[70,70,70,70,70,70,70,70,76,76,76,76,76,76,76,82,82,82,88,88,94,94,94,94,94,100,100,100,100,100,110,110,118,136,136,136,138,138,138,138,138,138,144,144,144,151,151,151,151,157],"relics":["Cursed Key","Darkstone Periapt","Du-Vu Doll","Girya","Dead Branch","Dodecahedron","Bronze Scales","Orichalcum","Vajra","Eternal Feather","Necronomicon","Meat on the Bone","Toxic Egg 2","Shovel","Oddly Smooth Stone","Singing Bowl","Pear","Calling Bell","Ancient Tea Set","Bag of Preparation","The Courier","Dream Catcher","Bird Faced Urn","Ginger","Blood Vial","Strawberry","Mummified Hand"],"card_choices":[{"not_picked":["Deflect","Eviscerate"],"picked":"Blur","floor":1},{"not_picked":["Dagger Throw","Poisoned Stab"],"picked":"Malaise","floor":4},{"not_picked":["Choke","Wraith Form"],"picked":"Dodge and Roll","floor":6},{"not_picked":["Envenom","Unload"],"picked":"Adrenaline","floor":7},{"not_picked":["Unload","Burst"],"picked":"A Thousand Cuts","floor":10},{"not_picked":["Adrenaline","Corpse Explosion"],"picked":"Tools of the Trade","floor":12},{"not_picked":["Leg Sweep","Deadly Poison"],"picked":"Prepared","floor":20},{"not_picked":["Corpse Explosion","Storm of Steel"],"picked":"Tools of the Trade","floor":24},{"not_picked":["Storm of Steel","Unload"],"picked":"Envenom","floor":27},{"not_picked":["Doppelganger","Grand Finale"],"picked":"Glass Knife","floor":31},{"not_picked":["Bane","Dash"],"picked":"Underhanded Strike","floor":35},{"not_picked":["Crippling Poison","Deadly Poison"],"picked":"Blade Dance","floor":39},{"not_picked":["Glass Knife","Tools of the Trade"],"picked":"After Image","floor":40},{"not_picked":["Flying Knee","Slice"],"picked":"Footwork","floor":41},{"not_picked":["Bullet Time","Doppelganger"],"picked":"A Thousand Cuts","floor":42},{"not_picked":["Doppelganger","Unload"],"picked":"A Thousand Cuts","floor":44},{"not_picked":["Burst","Tools of the Trade"],"picked":"Adrenaline","floor":46},{"not_picked":["Dagger Throw","Quick Slash"],"picked":"Sucker Punch","floor":47},{"not_picked":["Dodge and Roll","Glass Knife"],"picked":"Acrobatics","floor":49}],"player_experience":235877,"potions_floor_usage":[24,27,27,40,46,50],"damage_taken":[{"damage":0,"enemies":"Jaw Worm","floor":1,"turns":4},{"damage":0,"enemies":"Cultist","floor":4,"turns":4},{"damage":0,"enemies":"2 Louse","floor":6,"turns":4},{"damage":9,"enemies":"3 Sentries","floor":7,"turns":17},{"damage":26,"enemies":"Gremlin Nob","floor":10,"turns":5},{"damage":2,"enemies":"3 Sentries","floor":12,"turns":3},{"damage":3,"enemies":"Blue Slaver","floor":14,"turns":4},{"damage":2,"enemies":"Slime Boss","floor":16,"turns":7},{"damage":15,"enemies":"Spheric Guardian","floor":18,"turns":4},{"damage":1,"enemies":"3 Byrds","floor":20,"turns":2},{"damage":15,"enemies":"Book of Stabbing","floor":24,"turns":6},{"damage":24,"enemies":"Slavers","floor":27,"turns":4},{"damage":12,"enemies":"Gremlin Leader","floor":31,"turns":5},{"damage":33,"enemies":"Collector","floor":33,"turns":10},{"damage":8,"enemies":"Orb Walker","floor":35,"turns":3},{"damage":0,"enemies":"3 Darklings","floor":37,"turns":4},{"damage":41,"enemies":"4 Shapes","floor":39,"turns":4},{"damage":21,"enemies":"2 Orb Walkers","floor":40,"turns":2},{"damage":3,"enemies":"Maw","floor":41,"turns":6},{"damage":21,"enemies":"Giant Head","floor":42,"turns":9},{"damage":14,"enemies":"2 Orb Walkers","floor":44,"turns":4},{"damage":25,"enemies":"Giant Head","floor":46,"turns":7},{"damage":27,"enemies":"Sphere and 2 Shapes","floor":47,"turns":4},{"damage":55,"enemies":"Awakened One","floor":50,"turns":8}],"event_choices":[{"event_name":"Purifier","player_choice":"One Purge","floor":2,"damage_taken":0},{"event_name":"The Cleric","player_choice":"Card Removal","floor":3,"damage_taken":0},{"event_name":"World of Goop","player_choice":"Left","floor":5,"damage_taken":0},{"event_name":"Scrap Ooze","player_choice":"success","floor":8,"damage_taken":12},{"event_name":"Cursed Tome","player_choice":"Obtained Book","floor":19,"damage_taken":0},{"event_name":"Forgotten Altar","player_choice":"Smashed Altar","floor":21,"damage_taken":0},{"event_name":"Addict","player_choice":"Obtained Relic","floor":30,"damage_taken":0},{"event_name":"Wheel of Change","player_choice":"Card Removal","floor":36,"damage_taken":0}],"boss_relics":[{"not_picked":["White Beast Statue","Lizard Tail"],"picked":"Eternal Feather"},{"not_picked":["Pandora\u0027s Box","Runic Dome"],"picked":"Calling Bell"}],"potions_floor_spawned":[1,7,12,16,20,24,33,37,44,47],"seed_played":"-458385073084776932","ascension_level":0,"is_trial":false}