{"gold_per_floor":[117,133,58,58,76,76,93,93,120,195,210,229,246,246,246,317,317,327,327,327,347,347,347,380,380,428,428,442,442,119,119,119,194,194,212,212,212,231,84,84,116,47,47,47,65,65,80,80],"floor_reached":48,"playtime":2009,"items_purged":["Survivor"],"score":869,"play_id":"9c8a8175-0c6e-4da2-915e-c5b68197afb4","local_time":"20180723195313","is_ascension_mode":true,"campfire_choices":[{"data":"Neutralize","floor":6.0,"key":"SMITH"},{"floor":8.0,"key":"REST"},{"floor":15.0,"key":"REST"},{"floor":23.0,"key":"REST"},{"floor":25.0,"key":"REST"},{"data":"A Thousand Cuts","floor":27.0,"key":"SMITH"},{"floor":29.0,"key":"REST"},{"data":"Infinite Blades","floor":32.0,"key":"SMITH"},{"data":"Envenom","floor":40,"key":"SMITH"},{"floor":44,"key":"REST"},{"floor":46,"key":"REST"}],"neow_cost":"","seed_source_timestamp":0,"circlet_count":0,"master_deck":["Defend_G+1","Defend_G+1","Defend_G+1","Defend_G+1","Defend_G+1","Strike_G+1","Neutralize+1","AscendersBane","Dagger Throw","Dagger Spray","Dagger Spray","Caltrops","Dagger Throw","Backflip","Dagger Throw","Adrenaline","Infinite Blades+1","PiercingWail","A Thousand Cuts+1","Terror","Envenom+1","Neutralize","Bane","Backflip+1","Dodge and Roll+1","A Thousand Cuts","Parasite","Dash+1","Blade Dance+1"],"special_seed":0,"relics":["Ring of the Snake","Centennial Puzzle","Empty Cage","Orichalcum","Kunai","Boot","Pear","Cursed Key","Strawberry","Molten Egg 2","Question Card"],"potions_floor_usage":[45],"damage_taken":[{"damage":7.0,"enemies":"2 Louse","floor":1.0,"turns":2.0},{"damage":1.0,"enemies":"Cultist","floor":2.0,"turns":4.0},{"damage":0.0,"enemies":"Small Slimes","floor":5.0,"turns":2.0},{"damage":7.0,"enemies":"Exordium Wildlife","floor":7.0,"turns":7.0},{"damage":3.0,"enemies":"Blue Slaver","floor":11.0,"turns":4.0},{"damage":0.0,"enemies":"Large Slime","floor":12.0,"turns":5.0},{"damage":5.0,"enemies":"2 Fungi Beasts","floor":13.0,"turns":2.0},{"damage":54.0,"enemies":"Slime Boss","floor":16.0,"turns":10.0},{"damage":15.0,"enemies":"Shell Parasite","floor":18.0,"turns":6.0},{"damage":21.0,"enemies":"2 Thieves","floor":21.0,"turns":4.0},{"damage":28.0,"enemies":"Slavers","floor":24.0,"turns":5.0},{"damage":2.0,"enemies":"Snecko","floor":28.0,"turns":5.0},{"damage":71.0,"enemies":"Automaton","floor":33.0,"turns":11.0},{"damage":0,"enemies":"Flame Bruiser 1 Orb","floor":35,"turns":4},{"damage":13,"enemies":"Orb Walker","floor":38,"turns":3},{"damage":40,"enemies":"Nemesis","floor":41,"turns":5},{"damage":17,"enemies":"Sphere and 2 Shapes","floor":45,"turns":4},{"damage":30,"enemies":"4 Shapes","floor":47,"turns":6},{"damage":23,"enemies":"Flame Bruiser 2 Orb","floor":48,"turns":2}],"seed_played":"345907070498623246","potions_obtained":[{"floor":5.0,"key":"SkillPotion"},{"floor":7.0,"key":"GamblersBrew"},{"floor":12.0,"key":"Energy Potion"},{"floor":21.0,"key":"Swift Potion"},{"floor":41,"key":"AttackPotion"}],"is_trial":false,"path_per_floor":["M","M","?","?","M","R","M","R","T","?","M","M","M","?","R","B",null,"M","?","?","M","?","R","E","R","T","R","M","R","$","?","R","B",null,"M","?","?","M","$","R","E","$","T","R","M","R","M"],"character_chosen":"THE_SILENT","items_purchased":["Pear","Strawberry","A Thousand Cuts"],"campfire_rested":7,"item_purchase_floors":[30,39,42],"current_hp_per_floor":[52,51,51,56,56,56,49,70,70,59,56,56,51,44,65,11,56,41,41,41,20,34,55,27,48,48,48,46,67,77,77,77,6,62,62,62,62,49,56,56,16,16,16,42,25,51,21,0],"gold":80,"neow_bonus":"","is_prod":false,"is_daily":false,"chose_seed":false,"campfire_upgraded":4,"win_rate":0,"timestamp":1532400793,"path_taken":["M","M","?","?","M","R","M","R","T","?","M","M","?","?","R","BOSS","M","?","?","M","?","R","E","R","T","R","?","R","$","?","R","BOSS","M","?","?","M","$","R","E","?","T","R","?","R","?","M"],"build_version":"2018-07-19v2","purchased_purges":1,"victory":false,"max_hp_per_floor":[66,66,66,71,71,71,71,71,71,71,71,71,71,71,71,71,71,71,71,71,71,71,71,71,71,71,71,71,71,81,81,81,81,81,81,81,81,81,88,88,88,88,88,88,88,88,88,88],"card_choices":[{"not_picked":["Deadly Poison","Catalyst"],"picked":"Dagger Throw","floor":1.0},{"not_picked":["Dodge and Roll","Quick Slash"],"picked":"Dagger Spray","floor":2.0},{"not_picked":["Night Terror","Poisoned Stab"],"picked":"Dagger Spray","floor":5.0},{"not_picked":["Expertise","Leg Sweep"],"picked":"Caltrops","floor":7.0},{"not_picked":["Riddle With Holes","Poisoned Stab"],"picked":"Dagger Throw","floor":11.0},{"not_picked":["Crippling Poison","Finisher"],"picked":"Backflip","floor":12.0},{"not_picked":["PiercingWail","Deflect"],"picked":"Dagger Throw","floor":13.0},{"not_picked":["Unload","Bullet Time"],"picked":"Adrenaline","floor":16.0},{"not_picked":["Slice","Dodge and Roll"],"picked":"Infinite Blades","floor":18.0},{"not_picked":["Slice","All Out Attack"],"picked":"PiercingWail","floor":21.0},{"not_picked":["Bullet Time","Prepared"],"picked":"A Thousand Cuts","floor":24.0},{"not_picked":["Slice","Prepared"],"picked":"Terror","floor":28.0},{"not_picked":["Corpse Explosion","Phantasmal Killer"],"picked":"Envenom","floor":33.0},{"not_picked":["Dagger Throw","Heel Hook","Bane"],"picked":"SKIP","floor":35},{"not_picked":["Flying Knee+1","Underhanded Strike+1"],"picked":"Backflip+1","floor":38},{"not_picked":["Flying Knee","Slice"],"picked":"Dodge and Roll+1","floor":41},{"not_picked":["Poisoned Stab+1","Deadly Poison+1","Backflip"],"picked":"Dash+1","floor":45},{"not_picked":["Bouncing Flask","Slice+1","Envenom"],"picked":"Blade Dance+1","floor":47}],"player_experience":374124,"relics_obtained":[{"floor":9.0,"key":"Centennial Puzzle"},{"floor":24.0,"key":"Kunai"},{"floor":26.0,"key":"Boot"},{"floor":41,"key":"Molten Egg 2"},{"floor":43,"key":"Question Card"}],"event_choices":[{"event_name":"The Cleric","player_choice":"Card Removal","floor":3.0,"damage_taken":0.0},{"event_name":"Big Fish","player_choice":"Donut","floor":4.0,"damage_taken":0.0},{"event_name":"World of Goop","player_choice":"Gather Gold","floor":10.0,"damage_taken":0.0},{"event_name":"Golden Wing","player_choice":"Card Removal","floor":14.0,"damage_taken":0.0},{"event_name":"Back to Basics","player_choice":"Simplicity","floor":19.0,"damage_taken":0.0},{"event_name":"Wheel of Change","player_choice":"Relic","floor":20.0,"damage_taken":0.0},{"event_name":"The Library","player_choice":"Heal","floor":22.0,"damage_taken":0.0},{"event_name":"Vampires","player_choice":"Ignored","floor":31.0,"damage_taken":0.0},{"event_name":"Match and Keep!","player_choice":"2 cards matched","floor":36,"damage_taken":0},{"event_name":"Tomb of Lord Red Mask","player_choice":"Ignored","floor":37,"damage_taken":0}],"is_beta":false,"boss_relics":[{"not_picked":["Runic Pyramid","Philosopher\u0027s Stone"],"picked":"Empty Cage"},{"not_picked":["Pandora\u0027s Box","Velvet Choker"],"picked":"Cursed Key"}],"items_purged_floors":[30],"is_endless":false,"potions_floor_spawned":[5,7,12,13,21,41],"killed_by":"Flame Bruiser 2 Orb","ascension_level":15}