{"path_per_floor":["M","T","M","M","M","R","M","E","T","?","M","?","R","M","R","B",null,"M","M","?","$","M","R","?","E","T","R","M","M","?","?","R"],"character_chosen":"IRONCLAD","items_purchased":["Apotheosis","Offering"],"gold_per_floor":[116,143,158,171,181,181,195,228,228,403,414,414,414,424,424,528,528,547,560,560,129,147,147,70,104,404,404,420,431,346,346,346,346],"floor_reached":33,"campfire_rested":2,"playtime":3251,"item_purchase_floors":[21,21],"current_hp_per_floor":[80,80,80,80,73,73,76,67,67,67,56,56,56,60,60,52,80,77,75,75,75,57,57,57,34,34,58,52,46,53,53,79,0],"items_purged":["Doubt"],"gold":346,"score":296,"play_id":"f2430927-cf51-4c93-b17c-71dc728a55f7","local_time":"20180530054747","is_prod":false,"is_daily":false,"chose_seed":false,"is_ascension_mode":true,"campfire_upgraded":4,"win_rate":0,"timestamp":1527652067,"campfire_choices":[{"data":"Uppercut","floor":6,"key":"SMITH"},{"data":"Flame Barrier","floor":13,"key":"SMITH"},{"data":"Clothesline","floor":15,"key":"SMITH"},{"data":"Limit Break","floor":23,"key":"SMITH"},{"floor":27,"key":"REST"},{"floor":32,"key":"REST"}],"path_taken":["M","?","M","M","M","R","M","E","T","?","M","?","R","M","R","BOSS","M","M","?","$","M","R","?","E","T","R","M","M","?","?","R","BOSS"],"build_version":"2018-05-28","seed_source_timestamp":218870172255417,"purchased_purges":1,"victory":false,"master_deck":["Strike_R+1","Strike_R+1","Strike_R+1","Strike_R+1","Strike_R+1","Defend_R+1","Defend_R+1","Defend_R+1","Defend_R+1","Bash","Uppercut+1","Flame Barrier+1","Clothesline","Anger","Headbutt","Limit Break+1","Rupture","Pain","Body Slam","Clothesline+1","Brutality","Pommel Strike","Iron Wave","Apotheosis","Offering","Shockwave+1","J.A.X.","Spot Weakness+1","Pommel Strike","Headbutt+1","Decay"],"max_hp_per_floor":[80,80,80,80,80,80,80,80,80,80,80,80,80,80,80,80,80,80,80,80,80,80,80,80,80,80,80,80,80,87,87,87,87],"relics":["Burning Blood","Juzu Bracelet","Thread and Needle","Orichalcum","Velvet Choker","Mercury Hourglass","Old Coin","Strawberry"],"card_choices":[{"not_picked":["Cleave","Whirlwind"],"picked":"Uppercut","floor":1},{"not_picked":["Rampage","Heavy Blade"],"picked":"Flame Barrier","floor":3},{"not_picked":["Thunderclap","Fire Breathing"],"picked":"Clothesline","floor":4},{"not_picked":["Searing Blow","Perfected Strike"],"picked":"Anger","floor":5},{"not_picked":["Sword Boomerang","Cleave"],"picked":"Headbutt","floor":7},{"not_picked":["Sword Boomerang","Second Wind"],"picked":"Limit Break","floor":8},{"not_picked":["Clash","Shockwave"],"picked":"Rupture","floor":11},{"not_picked":["Warcry","Reckless Charge"],"picked":"Clothesline","floor":14},{"not_picked":["Offering","Limit Break"],"picked":"Brutality","floor":16},{"not_picked":["Sword Boomerang","Infernal Blade+1"],"picked":"Pommel Strike","floor":18},{"not_picked":["Searing Blow","Reckless Charge+1"],"picked":"Iron Wave","floor":19},{"not_picked":["Sword Boomerang","Warcry"],"picked":"Shockwave+1","floor":22},{"not_picked":["Bludgeon","Carnage"],"picked":"Spot Weakness+1","floor":25},{"not_picked":["Feel No Pain","Body Slam"],"picked":"Pommel Strike","floor":28},{"not_picked":["Cleave","Reckless Charge+1"],"picked":"Headbutt+1","floor":29}],"player_experience":135010,"potions_floor_usage":[8,8,16,18,19,22,33],"damage_taken":[{"damage":1,"enemies":"Cultist","floor":1,"turns":4},{"damage":4,"enemies":"Jaw Worm","floor":3,"turns":4},{"damage":1,"enemies":"2 Louse","floor":4,"turns":4},{"damage":13,"enemies":"2 Fungi Beasts","floor":5,"turns":4},{"damage":3,"enemies":"Looter","floor":7,"turns":3},{"damage":23,"enemies":"Lagavulin","floor":8,"turns":8},{"damage":17,"enemies":"Lots of Slimes","floor":11,"turns":5},{"damage":2,"enemies":"2 Fungi Beasts","floor":14,"turns":3},{"damage":14,"enemies":"Hexaghost","floor":16,"turns":12},{"damage":9,"enemies":"Shell Parasite","floor":18,"turns":6},{"damage":8,"enemies":"Chosen","floor":19,"turns":4},{"damage":24,"enemies":"Slaver and Parasite","floor":22,"turns":6},{"damage":29,"enemies":"Slavers","floor":25,"turns":5},{"damage":12,"enemies":"Snake Plant","floor":28,"turns":4},{"damage":12,"enemies":"Cultist and Chosen","floor":29,"turns":4},{"damage":79,"enemies":"Automaton","floor":33,"turns":6}],"relics_obtained":[{"floor":2,"key":"Juzu Bracelet"},{"floor":8,"key":"Thread and Needle"},{"floor":9,"key":"Orichalcum"},{"floor":25,"key":"Mercury Hourglass"},{"floor":26,"key":"Old Coin"}],"event_choices":[{"event_name":"Liars Game","player_choice":"agreed","floor":10,"damage_taken":0},{"event_name":"Match and Keep!","player_choice":"2 cards matched","floor":12,"damage_taken":0},{"event_name":"Back to Basics","player_choice":"Simplicity","floor":20,"damage_taken":0},{"event_name":"Drug Dealer","player_choice":"Got JAXXED","floor":24,"damage_taken":0},{"event_name":"Addict","player_choice":"Obtained Relic","floor":30,"damage_taken":0},{"event_name":"Forgotten Altar","player_choice":"Smashed Altar","floor":31,"damage_taken":0}],"boss_relics":[{"not_picked":["Philosopher\u0027s Stone","Ectoplasm"],"picked":"Velvet Choker"}],"items_purged_floors":[21],"potions_floor_spawned":[1,4,7,14,16,19,29],"seed_played":"3353490320293408820","killed_by":"Automaton","ascension_level":2,"potions_obtained":[{"floor":1,"key":"Swift Potion"},{"floor":4,"key":"Ancient Potion"},{"floor":7,"key":"BloodPotion"},{"floor":14,"key":"SkillPotion"},{"floor":16,"key":"SkillPotion"},{"floor":19,"key":"EssenceOfSteel"},{"floor":29,"key":"Fire Potion"}],"is_trial":false}