{"path_per_floor":["M","M","?","?","M","E","R","M","T","?","E","R","E","T","R","B",null,"M","?","?","T","?","R","M","E","T","E","R","M","R","E","R"],"character_chosen":"DEFECT","items_purchased":[],"gold_per_floor":[111,127,127,127,150,188,188,201,201,201,232,232,272,297,297,416,416,430,468,468,468,383,383,407,438,438,469,469,483,483,556,556,556],"floor_reached":33,"campfire_rested":3,"playtime":1056,"item_purchase_floors":[],"current_hp_per_floor":[75,75,57,57,57,31,31,19,19,19,1,38,19,19,19,5,58,44,25,25,25,25,62,59,21,21,30,30,23,60,36,36,0],"items_purged":[],"gold":556,"score":399,"play_id":"d7aa7418-cacf-4896-b55f-68e57b461b44","local_time":"20180602030439","is_prod":false,"is_daily":false,"chose_seed":false,"is_ascension_mode":true,"campfire_upgraded":4,"win_rate":0,"timestamp":1527923079,"campfire_choices":[{"data":"Defragment","floor":7,"key":"SMITH"},{"floor":12,"key":"REST"},{"data":"Core Surge","floor":15,"key":"SMITH"},{"floor":23,"key":"REST"},{"data":"Double Energy","floor":28,"key":"SMITH"},{"floor":30,"key":"REST"},{"data":"Biased Cognition","floor":32,"key":"SMITH"}],"path_taken":["M","?","?","?","M","E","R","M","T","?","E","R","E","?","R","BOSS","M","?","?","?","?","R","M","E","T","E","R","M","R","E","R","BOSS"],"build_version":"2018-05-30v2","seed_source_timestamp":393622554364951,"purchased_purges":0,"victory":false,"master_deck":["Strike_B","Strike_B","Strike_B","Strike_B","Defend_B","Defend_B+1","Defend_B","Defend_B","Zap+1","Dualcast+1","Defragment+1","Compile Driver","Loop+1","Hologram","Double Energy+1","Core Surge+1","Biased Cognition+1","Cold Snap+1","Sweeping Beam+1","Core Surge+1","Rip and Tear+1","Streamline+1","Fusion+1","Machine Learning","Go for the Eyes+1"],"max_hp_per_floor":[75,75,75,75,75,75,75,75,75,75,75,75,75,75,75,75,75,75,75,75,75,75,75,75,75,75,75,75,75,75,75,75,75],"relics":["Cracked Core","NeowsBlessing","Golden Idol","War Paint","Regal Pillow","Letter Opener","Girya","Ancient Tea Set","Lizard Tail","Red Mask","Molten Egg 2","Centennial Puzzle","Anchor","Shuriken","Juzu Bracelet","Tiny Chest"],"card_choices":[{"not_picked":["Recycle","Melter","Barrage"],"picked":"SKIP","floor":1},{"not_picked":["Force Field","Loop"],"picked":"Defragment","floor":2},{"not_picked":["Gash","Steam"],"picked":"Compile Driver","floor":5},{"not_picked":["Conserve Battery","Recycle"],"picked":"Loop","floor":6},{"not_picked":["BootSequence","Static Discharge"],"picked":"Hologram","floor":8},{"not_picked":["Auto Shields","Beam Cell"],"picked":"Double Energy","floor":11},{"not_picked":["Ball Lightning","Gash"],"picked":"Core Surge","floor":13},{"not_picked":["Amplify","All For One"],"picked":"Biased Cognition","floor":16},{"not_picked":["Hologram","Streamline"],"picked":"Cold Snap+1","floor":18},{"not_picked":["Ball Lightning","Stack"],"picked":"Sweeping Beam+1","floor":19},{"not_picked":["Steam","Consume+1"],"picked":"Rip and Tear+1","floor":24},{"not_picked":["Cold Snap+1","Chaos"],"picked":"Streamline+1","floor":25},{"not_picked":["Steam","Turbo+1"],"picked":"Fusion+1","floor":27},{"not_picked":["Undo","Barrage+1"],"picked":"Machine Learning","floor":29},{"not_picked":["Leap","Buffer"],"picked":"Go for the Eyes+1","floor":31}],"player_experience":257728,"potions_floor_usage":[6,11,16,25,27,27,27,31],"damage_taken":[{"damage":0,"enemies":"Cultist","floor":1,"turns":1},{"damage":0,"enemies":"Jaw Worm","floor":2,"turns":1},{"damage":0,"enemies":"Small Slimes","floor":5,"turns":1},{"damage":26,"enemies":"3 Sentries","floor":6,"turns":7},{"damage":12,"enemies":"Exordium Wildlife","floor":8,"turns":3},{"damage":30,"enemies":"Gremlin Nob","floor":11,"turns":4},{"damage":19,"enemies":"3 Sentries","floor":13,"turns":5},{"damage":21,"enemies":"Hexaghost","floor":16,"turns":8},{"damage":14,"enemies":"Chosen","floor":18,"turns":4},{"damage":19,"enemies":"Masked Bandits","floor":19,"turns":4},{"damage":3,"enemies":"Spheric Guardian","floor":24,"turns":3},{"damage":38,"enemies":"Book of Stabbing","floor":25,"turns":5},{"damage":29,"enemies":"Slavers","floor":27,"turns":3},{"damage":7,"enemies":"Centurion and Healer","floor":29,"turns":4},{"damage":24,"enemies":"Book of Stabbing","floor":31,"turns":4},{"damage":67,"enemies":"Automaton","floor":33,"turns":6}],"relics_obtained":[{"floor":6,"key":"War Paint"},{"floor":9,"key":"Regal Pillow"},{"floor":11,"key":"Letter Opener"},{"floor":13,"key":"Girya"},{"floor":14,"key":"Ancient Tea Set"},{"floor":19,"key":"Red Mask"},{"floor":21,"key":"Molten Egg 2"},{"floor":25,"key":"Anchor"},{"floor":26,"key":"Shuriken"},{"floor":27,"key":"Juzu Bracelet"},{"floor":31,"key":"Tiny Chest"}],"event_choices":[{"event_name":"Golden Idol","player_choice":"Take Damage","floor":3,"damage_taken":0},{"event_name":"Living Wall","player_choice":"Grow","floor":4,"damage_taken":0},{"event_name":"Accursed Blacksmith","player_choice":"Forge","floor":10,"damage_taken":0},{"event_name":"Masked Bandits","player_choice":"Fought over 430 gold","floor":19,"damage_taken":0},{"event_name":"Duplicator","player_choice":"One dupe","floor":20,"damage_taken":0},{"event_name":"Addict","player_choice":"Obtained Relic","floor":22,"damage_taken":0}],"boss_relics":[{"not_picked":["Eternal Feather","Runic Pyramid"],"picked":"Lizard Tail"}],"items_purged_floors":[],"potions_floor_spawned":[1,5,8,11,16,18,24,25,27],"seed_played":"4374982573917271231","killed_by":"Automaton","ascension_level":5,"potions_obtained":[{"floor":1,"key":"Regen Potion"},{"floor":5,"key":"Energy Potion"},{"floor":8,"key":"FairyPotion"},{"floor":11,"key":"EssenceOfSteel"},{"floor":16,"key":"Swift Potion"},{"floor":18,"key":"Dexterity Potion"},{"floor":24,"key":"Explosive Potion"},{"floor":25,"key":"LiquidBronze"},{"floor":27,"key":"Energy Potion"}],"is_trial":false}