{"gold_per_floor":[112,123,123,123,136,169,169,189,189,203,223,223,223,241,241,343,373,393,393,9,9,29,29,43,58,85,85,85,85,85,99,99,99],"floor_reached":33,"playtime":1996,"items_purged":[],"score":249,"play_id":"46206d7a-4c1c-410d-ae2d-050c16b41063","local_time":"20180624001952","is_ascension_mode":false,"campfire_choices":[{"floor":7,"key":"REST"},{"data":"Searing Blow","floor":15,"key":"SMITH"},{"floor":23,"key":"REST"},{"floor":27,"key":"REST"},{"floor":29,"key":"REST"},{"floor":32,"key":"REST"}],"neow_cost":"NONE","seed_source_timestamp":841125350283076,"circlet_count":0,"master_deck":["Strike_R","Strike_R","Strike_R","Strike_R","Defend_R","Defend_R","Defend_R","Defend_R","Bash","Headbutt","Flex","Clash","Carnage","Iron Wave","Cleave","Searing Blow+1","Metallicize","Juggernaut+1","Anger","Metallicize","Anger","Good Instincts","Iron Wave","Feed","Uppercut","Decay","Rage"],"special_seed":17705,"relics":["Burning Blood","Juzu Bracelet","Orichalcum","Kunai","Tiny House","Happy Flower","Potion Belt","Oddly Smooth Stone"],"potions_floor_usage":[16,16,16,22,31,31],"damage_taken":[{"damage":2,"enemies":"Cultist","floor":1,"turns":5},{"damage":8,"enemies":"Jaw Worm","floor":2,"turns":3},{"damage":8,"enemies":"2 Louse","floor":5,"turns":3},{"damage":30,"enemies":"Gremlin Nob","floor":6,"turns":4},{"damage":0,"enemies":"Exordium Wildlife","floor":8,"turns":3},{"damage":9,"enemies":"Blue Slaver","floor":10,"turns":3},{"damage":10,"enemies":"3 Louse","floor":11,"turns":3},{"damage":8,"enemies":"Red Slaver","floor":14,"turns":2},{"damage":63,"enemies":"Hexaghost","floor":16,"turns":10},{"damage":25,"enemies":"Shell Parasite","floor":18,"turns":6},{"damage":31,"enemies":"3 Byrds","floor":22,"turns":4},{"damage":2,"enemies":"Snecko","floor":24,"turns":5},{"damage":37,"enemies":"Snake Plant","floor":25,"turns":5},{"damage":31,"enemies":"Cultist and Chosen","floor":31,"turns":5},{"damage":85,"enemies":"Automaton","floor":33,"turns":8}],"seed_played":"4635847569568105278","potions_obtained":[{"floor":2,"key":"Energy Potion"},{"floor":3,"key":"BloodPotion"},{"floor":3,"key":"Strength Potion"},{"floor":16,"key":"Strength Potion"},{"floor":17,"key":"Ancient Potion"},{"floor":22,"key":"Block Potion"},{"floor":24,"key":"SkillPotion"}],"is_trial":false,"path_per_floor":["M","M","?","?","M","E","R","M","T","M","M","?","?","M","R","B",null,"M","?","$","?","M","R","M","M","T","R","?","R","?","M","R"],"character_chosen":"IRONCLAD","items_purchased":["Good Instincts","Happy Flower","Potion Belt"],"campfire_rested":5,"item_purchase_floors":[20,20,20],"current_hp_per_floor":[80,78,78,78,76,52,76,80,80,77,73,73,73,71,71,22,85,66,66,66,66,41,66,70,39,39,64,64,85,85,60,85,0],"gold":99,"neow_bonus":"RANDOM_COMMON_RELIC","is_prod":false,"is_daily":false,"chose_seed":false,"campfire_upgraded":1,"win_rate":0.0,"timestamp":1529792392,"path_taken":["M","M","?","?","M","E","R","M","T","M","M","?","?","M","R","BOSS","M","?","$","?","M","R","M","M","T","R","?","R","?","M","R","BOSS"],"build_version":"2018-06-21v2","purchased_purges":0,"victory":false,"max_hp_per_floor":[80,80,80,80,80,80,80,80,80,80,80,80,80,80,80,80,85,85,85,85,85,85,85,85,85,85,85,85,85,85,85,85,85],"card_choices":[{"not_picked":["Shrug It Off","Clash"],"picked":"Headbutt","floor":1},{"not_picked":["Whirlwind","Blood for Blood"],"picked":"Flex","floor":2},{"not_picked":["Clothesline","Dual Wield"],"picked":"Clash","floor":5},{"not_picked":["Twin Strike","Flex"],"picked":"Carnage","floor":6},{"not_picked":["Whirlwind","Uppercut"],"picked":"Iron Wave","floor":8},{"not_picked":["Pommel Strike","Shockwave"],"picked":"Cleave","floor":10},{"not_picked":["Sword Boomerang","Perfected Strike"],"picked":"Searing Blow","floor":11},{"not_picked":["Cleave","Perfected Strike"],"picked":"Metallicize","floor":14},{"not_picked":["Brutality","Offering"],"picked":"Juggernaut","floor":16},{"not_picked":["Flex","Power Through"],"picked":"Anger","floor":17},{"not_picked":["Cleave+1","Warcry"],"picked":"Metallicize","floor":18},{"not_picked":["Twin Strike","True Grit"],"picked":"Iron Wave","floor":22},{"not_picked":["Burning Pact","Battle Trance"],"picked":"Feed","floor":24},{"not_picked":["Dual Wield","Perfected Strike"],"picked":"Uppercut","floor":25},{"not_picked":["True Grit+1","Body Slam"],"picked":"Rage","floor":31}],"player_experience":7715,"relics_obtained":[{"floor":6,"key":"Orichalcum"},{"floor":9,"key":"Kunai"},{"floor":26,"key":"Oddly Smooth Stone"}],"event_choices":[{"event_name":"The Lab","player_choice":"Got Potions","floor":3,"damage_taken":0},{"event_name":"The Cleric","player_choice":"Leave","floor":4,"damage_taken":0},{"event_name":"Bonfire Elementals","player_choice":"BASIC","floor":12,"damage_taken":0},{"event_name":"The Woman in Blue","player_choice":"Bought 0 Potions","floor":13,"damage_taken":0},{"event_name":"Duplicator","player_choice":"One dupe","floor":19,"damage_taken":0},{"event_name":"Addict","player_choice":"Ignored","floor":21,"damage_taken":0},{"event_name":"Ghosts","player_choice":"Ignored","floor":28,"damage_taken":0},{"event_name":"Forgotten Altar","player_choice":"Smashed Altar","floor":30,"damage_taken":0}],"boss_relics":[{"not_picked":["Astrolabe","Runic Cube"],"picked":"Tiny House"}],"items_purged_floors":[],"is_endless":false,"potions_floor_spawned":[2,8,10,14,16,22,24],"killed_by":"Automaton","ascension_level":0}