{"path_per_floor":["M","?","?","$","M","R","E","R","T","R","?","?","M","M","R","B",null,"M","M","M","$","M","R","E"],"character_chosen":"THE_SILENT","items_purchased":["Infinite Blades","Noxious Fumes","Master of Strategy","Blade Dance"],"gold_per_floor":[113,288,288,141,154,154,187,187,256,256,256,256,281,304,304,434,434,458,472,486,38,59,59,100],"floor_reached":25,"campfire_rested":2,"playtime":3354,"current_hp_per_floor":[70,70,56,56,56,56,31,52,52,52,52,52,52,50,50,22,65,53,42,27,27,16,35,1],"items_purged":["Doubt","Strike_G"],"gold":100,"play_id":"25742fbc-cfcf-4d3e-bdd9-56981c60591d","is_prod":false,"is_daily":false,"campfire_rituals":0,"campfire_upgraded":3,"is_hardmode":false,"path_taken":["M","?","?","$","?","R","E","R","T","R","?","?","M","M","R","BOSS","M","M","M","$","M","R","E","M"],"build_version":"2018-01-11-PROD2","purchased_purges":2,"victory":false,"master_deck":["Defend_G","Defend_G","Defend_G","Defend_G","Defend_G","Strike_G","Strike_G","Strike_G","Strike_G","Survivor","Neutralize","Dagger Spray","Infinite Blades","Deflect","Calculated Gamble","Noxious Fumes","Slice","Venomology","Dagger Throw","Slice","Dagger Spray","Noxious Fumes","Master of Strategy","Blade Dance","Leg Sweep"],"max_hp_per_floor":[70,70,70,70,70,70,70,70,70,70,65,65,65,65,65,65,65,65,65,65,65,65,65,65],"relics":["Ring of the Snake","Frozen Eye","Shuriken","Golden Idol","Question Card","Dream Catcher"],"campfire_meditates":0,"card_choices":[{"not_picked":["Outmaneuver","Flechettes"],"picked":"Dagger Spray"},{"not_picked":["Slice","Prepared"],"picked":"Deflect"},{"not_picked":["Flying Knee","Deflect"],"picked":"Calculated Gamble"},{"not_picked":["Glass Knife","Eviscerate"],"picked":"Noxious Fumes"},{"not_picked":["Quick Slash","Deflect"],"picked":"Slice"},{"not_picked":["Glass Knife","Phantasmal Killer"],"picked":"Venomology"},{"not_picked":["PiercingWail","Prepared","Deflect"],"picked":"Dagger Throw"},{"not_picked":["Masterful Stab","Doppelganger","Backstab"],"picked":"Slice"},{"not_picked":["Backstab","Sucker Punch","Deflect"],"picked":"Dagger Spray"},{"not_picked":["Flying Knee","Heel Hook","Outmaneuver"],"picked":"Leg Sweep"}],"player_experience":2066,"potions_floor_usage":[18,18,19,22,22,24,24,25,25],"damage_taken":[{"damage":0,"enemies":"2 Louse","floor":1,"turns":4},{"damage":0,"enemies":"Small Slimes","floor":5,"turns":4},{"damage":25,"enemies":"Gremlin Nob","floor":7,"turns":5},{"damage":0,"enemies":"Jaw Worm","floor":13,"turns":3},{"damage":2,"enemies":"Exordium Thugs","floor":14,"turns":6},{"damage":28,"enemies":"Slime Boss","floor":16,"turns":6},{"damage":12,"enemies":"2 Thieves","floor":18,"turns":5},{"damage":11,"enemies":"Spheric Guardian","floor":19,"turns":4},{"damage":15,"enemies":"Snake Plant","floor":20,"turns":5},{"damage":11,"enemies":"Snecko","floor":22,"turns":5},{"damage":34,"enemies":"Slavers","floor":24,"turns":6},{"damage":10,"enemies":"Sentry and Sphere","floor":25,"turns":5}],"event_choices":[{"event_name":"Liars Game","player_choice":"agreed","floor":2,"damage_taken":0},{"event_name":"Shining Light","player_choice":"Entered Light","floor":3,"damage_taken":0},{"event_name":"Golden Idol","player_choice":"Lose Max HP","floor":11,"damage_taken":0},{"event_name":"Accursed Blacksmith","player_choice":"Forge","floor":12,"damage_taken":0}],"boss_relics":[{"not_picked":["Eternal Feather","Runic Pyramid"],"picked":"Question Card"}],"potions_floor_spawned":[5,13,16,18,22],"seed_played":"-1113565607593858452","killed_by":"Sentry and Sphere","is_trial":false}