{"gold_per_floor":[115,290,290,310,322,322,351,365,389,389,401,428,428,428,428,428],"floor_reached":16,"playtime":618,"items_purged":[],"score":110,"play_id":"1b68004f-c9c9-4941-a2f4-ca6a670945b3","local_time":"20180906162702","is_ascension_mode":false,"campfire_choices":[{"floor":6,"key":"REST"},{"floor":13,"key":"REST"},{"data":"Zap","floor":15,"key":"SMITH"}],"neow_cost":"NONE","seed_source_timestamp":25788702803083,"circlet_count":0,"master_deck":["Strike_B","Strike_B","Strike_B","Strike_B","Defend_B","Defend_B","Defend_B+1","Zap+1","Dualcast+1","Ball Lightning","Doubt","Streamline","Gash","Go for the Eyes","Steam","Beam Cell"],"relics":["Cracked Core","Pen Nib","Juzu Bracelet","Bottled Lightning","Blood Vial","SsserpentHead"],"potions_floor_usage":[7,12,12],"damage_taken":[{"damage":8,"enemies":"Small Slimes","floor":1,"turns":3},{"damage":0,"enemies":"2 Louse","floor":4,"turns":2},{"damage":6,"enemies":"Jaw Worm","floor":5,"turns":2},{"damage":28,"enemies":"Lagavulin","floor":7,"turns":5},{"damage":6,"enemies":"3 Louse","floor":8,"turns":3},{"damage":14,"enemies":"Exordium Thugs","floor":11,"turns":4},{"damage":12,"enemies":"3 Sentries","floor":12,"turns":4},{"damage":47,"enemies":"Slime Boss","floor":16,"turns":8}],"seed_played":"-5148279147419632481","potions_obtained":[{"floor":1,"key":"LiquidBronze"},{"floor":4,"key":"Regen Potion"},{"floor":8,"key":"FocusPotion"},{"floor":12,"key":"Dexterity Potion"}],"is_trial":false,"path_per_floor":["M","?","?","M","M","R","E","M","T","T","M","E","R","?","R"],"character_chosen":"DEFECT","items_purchased":[],"campfire_rested":2,"item_purchase_floors":[],"current_hp_per_floor":[67,67,52,52,46,68,52,46,46,46,32,20,42,42,42,0],"gold":428,"neow_bonus":"REMOVE_CARD","is_prod":false,"is_daily":false,"chose_seed":false,"campfire_upgraded":1,"win_rate":0.0,"timestamp":1536247622,"path_taken":["M","?","?","M","?","R","E","M","T","?","M","E","R","?","R","BOSS"],"build_version":"2018-08-30","purchased_purges":0,"victory":false,"max_hp_per_floor":[75,75,75,75,75,75,75,75,75,75,75,75,75,75,75,75],"card_choices":[{"not_picked":["Reinforced Body","Streamline"],"picked":"Ball Lightning","floor":1},{"not_picked":["Turbo","Stack"],"picked":"Streamline","floor":4},{"not_picked":["Undo","Compile Driver"],"picked":"Gash","floor":5},{"not_picked":["Rebound","All For One"],"picked":"Go for the Eyes","floor":7},{"not_picked":["Leap","Coolheaded"],"picked":"Steam","floor":8},{"not_picked":["Coolheaded","Compile Driver","Rip and Tear"],"picked":"SKIP","floor":11},{"not_picked":["Reinforced Body","Steam"],"picked":"Beam Cell","floor":12}],"player_experience":129080,"relics_obtained":[{"floor":7,"key":"Pen Nib"},{"floor":9,"key":"Juzu Bracelet"},{"floor":10,"key":"Bottled Lightning"},{"floor":12,"key":"Blood Vial"}],"event_choices":[{"event_name":"Liars Game","player_choice":"agreed","floor":2,"damage_taken":0},{"event_name":"Shining Light","player_choice":"Entered Light","floor":3,"damage_taken":0},{"event_name":"FaceTrader","player_choice":"Trade","floor":14,"damage_taken":0}],"is_beta":false,"boss_relics":[],"items_purged_floors":[],"is_endless":false,"potions_floor_spawned":[1,4,8,12],"killed_by":"Slime Boss","ascension_level":0}