{"gold_per_floor":[114,129,144,144,144,144,182,182,207,226,176,176,195,233,233,358,358,377,27,27,46,65,65,103,103,103,27,65,65,190,190,190,315,315,334,353,372,391,410,410,174,174,174,36,87,212,250,0,0,0],"floor_reached":51,"playtime":2235,"items_purged":["Defend_B","Defend_B","Strike_B","Strike_B+1"],"score":971,"play_id":"b0bd63ad-d8f3-4e01-816a-c4c5bf31e9a1","local_time":"20190315154519","daily_mods":["Heirloom","ControlledChaos","Night Terrors"],"is_ascension_mode":false,"campfire_choices":[{"data":"Zap","floor":6.0,"key":"SMITH"},{"data":"Fission","floor":8.0,"key":"SMITH"},{"data":"Defragment","floor":15.0,"key":"SMITH"},{"data":"Machine Learning","floor":23,"key":"SMITH"},{"data":"Dualcast","floor":25,"key":"SMITH"},{"data":"Ball Lightning","floor":29,"key":"SMITH"},{"data":"Machine Learning","floor":32,"key":"SMITH"},{"data":"Cold Snap","floor":40,"key":"SMITH"},{"data":"Machine Learning","floor":42,"key":"SMITH"},{"data":"Defragment","floor":49,"key":"SMITH"}],"neow_cost":"","seed_source_timestamp":0,"circlet_count":0,"master_deck":["Strike_B+1","Defend_B","Zap+1","Dualcast+1","Leap","Ball Lightning+1","Fission+1","Machine Learning+1","Cold Snap+1","Defragment+1","Machine Learning+1","Auto Shields+1","Turbo+1","Redo+1","Rebound+1","White Noise+1","Echo Form","Skim+1","Leap+1","Cold Snap+1","Machine Learning+1","Defragment+1","Defragment+1","Hologram+1"],"special_seed":17970,"relics":["Cracked Core","Frozen Eye","Incense Burner","Golden Idol","Dodecahedron","Whetstone","Pear","Inserter","Membership Card","Ice Cream","WingedGreaves","Symbiotic Virus","Meat on the Bone","Thread and Needle","Bottled Lightning","Pen Nib","Philosopher\u0027s Stone","Emotion Chip","Girya","Oddly Smooth Stone","Bird Faced Urn","Ginger","Art of War","HandDrill"],"potions_floor_usage":[22,22,22,24,30,33,33,45,45,50,50,50,50,50,50],"damage_taken":[{"damage":6.0,"enemies":"Jaw Worm","floor":1.0,"turns":3.0},{"damage":0.0,"enemies":"Small Slimes","floor":2.0,"turns":2.0},{"damage":0.0,"enemies":"Cultist","floor":3.0,"turns":3.0},{"damage":6.0,"enemies":"3 Sentries","floor":7.0,"turns":5.0},{"damage":2.0,"enemies":"3 Louse","floor":10.0,"turns":2.0},{"damage":0.0,"enemies":"Large Slime","floor":13.0,"turns":4.0},{"damage":9.0,"enemies":"Lagavulin","floor":14.0,"turns":6.0},{"damage":0.0,"enemies":"Slime Boss","floor":16.0,"turns":6.0},{"damage":8.0,"enemies":"2 Thieves","floor":18.0,"turns":4.0},{"damage":5.0,"enemies":"3 Byrds","floor":21.0,"turns":5.0},{"damage":5,"enemies":"Centurion and Healer","floor":22,"turns":7},{"damage":4,"enemies":"Slavers","floor":24,"turns":6},{"damage":16,"enemies":"Gremlin Leader","floor":28,"turns":6},{"damage":0,"enemies":"Colosseum Slavers","floor":30,"turns":3},{"damage":20,"enemies":"Colosseum Nobs","floor":30,"turns":4},{"damage":0,"enemies":"Champ","floor":33,"turns":10},{"damage":0,"enemies":"3 Darklings","floor":35,"turns":4},{"damage":0,"enemies":"Orb Walker","floor":36,"turns":3},{"damage":0,"enemies":"Maw","floor":37,"turns":5},{"damage":19,"enemies":"Transient","floor":38,"turns":5},{"damage":3,"enemies":"3 Darklings","floor":39,"turns":4},{"damage":11,"enemies":"2 Orb Walkers","floor":45,"turns":3},{"damage":0,"enemies":"Mind Bloom Boss Battle","floor":46,"turns":4},{"damage":0,"enemies":"Nemesis","floor":47,"turns":7},{"damage":0,"enemies":"Time Eater","floor":50,"turns":6}],"seed_played":"1956191728071383589","potions_obtained":[{"floor":1.0,"key":"SpeedPotion"},{"floor":2.0,"key":"Regen Potion"},{"floor":16.0,"key":"Dexterity Potion"},{"floor":21.0,"key":"EntropicBrew"},{"floor":22,"key":"FocusPotion"},{"floor":30,"key":"SkillPotion"},{"floor":35,"key":"Poison Potion"},{"floor":37,"key":"Block Potion"},{"floor":39,"key":"PowerPotion"},{"floor":46,"key":"Weak Potion"}],"is_trial":false,"path_per_floor":["M","M","M","?","?","R","E","R","T","M","?","?","M","E","R","B",null,"M","$","?","M","M","R","E","R","T","$","E","R","?","T","R","B",null,"M","M","M","M","M","R","$","R","T","$","?","?","E","$","R","B",null],"character_chosen":"DEFECT","items_purchased":["Membership Card","Ice Cream","FocusPotion","Emotion Chip","Machine Learning","Oddly Smooth Stone","HandDrill","PowerPotion","EntropicBrew"],"campfire_rested":0,"item_purchase_floors":[19,19,27,41,41,44,48,48,48],"current_hp_per_floor":[69,69,69,69,69,69,63,63,63,61,61,61,61,71,71,71,79,71,71,71,66,61,61,57,57,57,57,41,41,33,33,33,45,79,79,79,79,60,57,57,57,57,57,57,46,70,79,79,79,79],"gold":0,"neow_bonus":"","is_prod":false,"is_daily":true,"chose_seed":false,"campfire_upgraded":10,"win_rate":0,"timestamp":1552679119,"path_taken":["M","M","M","?","?","R","E","R","T","?","?","?","?","E","R","BOSS","M","$","?","M","M","R","E","R","T","$","E","R","?","?","R","BOSS","M","M","M","M","M","R","$","R","T","$","?","?","E","$","R","BOSS"],"build_version":"2019-02-06","purchased_purges":4,"victory":true,"max_hp_per_floor":[75,75,75,69,69,69,69,69,69,69,69,69,69,79,79,79,79,79,79,79,79,79,79,79,79,79,79,79,79,79,79,79,79,79,79,79,79,79,79,79,79,79,79,79,79,79,79,79,79,79],"card_choices":[{"not_picked":["Rebound","Reprogram"],"picked":"Leap","floor":1.0},{"not_picked":["Barrage","Compile Driver"],"picked":"Ball Lightning","floor":2.0},{"not_picked":["Beam Cell","Compile Driver"],"picked":"Fission","floor":3.0},{"not_picked":["Hologram","Conserve Battery"],"picked":"Machine Learning","floor":7.0},{"not_picked":["Stack","Turbo"],"picked":"Cold Snap","floor":10.0},{"not_picked":["Hologram","White Noise"],"picked":"Defragment","floor":13.0},{"not_picked":["Hologram","Stack","Sweeping Beam"],"picked":"SKIP","floor":14.0},{"not_picked":["Fission","Seek"],"picked":"Machine Learning","floor":16.0},{"not_picked":["Compile Driver","Streamline"],"picked":"Auto Shields+1","floor":18.0},{"not_picked":["Aggregate","Auto Shields"],"picked":"Turbo+1","floor":21.0},{"not_picked":["Streamline","Doom and Gloom","Genetic Algorithm"],"picked":"SKIP","floor":22},{"not_picked":["Hologram","Leap"],"picked":"Redo+1","floor":24},{"not_picked":["Doom and Gloom","Hello World"],"picked":"Rebound+1","floor":28},{"not_picked":["Doom and Gloom+1","Chill"],"picked":"White Noise+1","floor":30},{"not_picked":["Fission","Seek"],"picked":"Echo Form","floor":33},{"not_picked":["Rebound","Hologram","Steam"],"picked":"SKIP","floor":35},{"not_picked":["Rebound","Hologram","Steam"],"picked":"SKIP","floor":35},{"not_picked":["Steam+1","Doom and Gloom","FTL"],"picked":"SKIP","floor":36},{"not_picked":["Consume+1","Chill+1"],"picked":"Skim+1","floor":37},{"not_picked":["Undo","Stack"],"picked":"Leap+1","floor":38},{"not_picked":["FTL+1","BootSequence"],"picked":"Cold Snap+1","floor":39},{"not_picked":["Leap","Sunder"],"picked":"Defragment","floor":45},{"not_picked":["Conserve Battery+1","Gash"],"picked":"Defragment+1","floor":46},{"not_picked":["Sunder","Conserve Battery"],"picked":"Hologram+1","floor":47}],"player_experience":748746,"relics_obtained":[{"floor":7.0,"key":"Dodecahedron"},{"floor":9.0,"key":"Whetstone"},{"floor":14.0,"key":"Pear"},{"floor":24,"key":"WingedGreaves"},{"floor":26,"key":"Symbiotic Virus"},{"floor":28,"key":"Meat on the Bone"},{"floor":30,"key":"Thread and Needle"},{"floor":30,"key":"Bottled Lightning"},{"floor":31,"key":"Pen Nib"},{"floor":43,"key":"Girya"},{"floor":45,"key":"Bird Faced Urn"},{"floor":46,"key":"Ginger"},{"floor":47,"key":"Art of War"}],"event_choices":[{"damage_healed":0.0,"max_hp_gain":0.0,"max_hp_loss":6.0,"gold_gain":0.0,"event_name":"Golden Idol","player_choice":"Lose Max HP","floor":4.0,"gold_loss":0.0,"damage_taken":0.0,"relics_obtained":["Golden Idol"]},{"cards_removed":["Strike_B"],"damage_healed":0.0,"max_hp_gain":0.0,"max_hp_loss":0.0,"gold_gain":0.0,"event_name":"Bonfire Elementals","player_choice":"Offered Basic","floor":5.0,"gold_loss":0.0,"damage_taken":0.0},{"cards_removed":["Defend_B"],"damage_healed":0.0,"max_hp_gain":0.0,"max_hp_loss":0.0,"gold_gain":0.0,"event_name":"The Cleric","player_choice":"Card Removal","floor":11.0,"gold_loss":50.0,"damage_taken":0.0},{"damage_healed":0.0,"max_hp_gain":0.0,"max_hp_loss":0.0,"gold_gain":0.0,"event_name":"Match and Keep!","player_choice":"0 cards matched","floor":12.0,"gold_loss":0.0,"damage_taken":0.0,"cards_obtained":[]},{"damage_healed":0.0,"max_hp_gain":0.0,"max_hp_loss":0.0,"gold_gain":0.0,"event_name":"Beggar","player_choice":"Ignored","floor":20.0,"gold_loss":0.0,"damage_taken":0.0},{"damage_healed":0,"gold_gain":0,"player_choice":"Fight","damage_taken":0,"max_hp_gain":0,"max_hp_loss":0,"event_name":"Colosseum","floor":30,"gold_loss":0},{"damage_healed":0,"gold_gain":0,"player_choice":"Fought Nobs","damage_taken":0,"max_hp_gain":0,"max_hp_loss":0,"event_name":"Colosseum","floor":30,"gold_loss":0},{"damage_healed":0,"gold_gain":0,"player_choice":"Fight","damage_taken":0,"max_hp_gain":0,"max_hp_loss":0,"event_name":"Mysterious Sphere","floor":45,"gold_loss":0},{"damage_healed":0,"gold_gain":0,"player_choice":"Fight","damage_taken":0,"max_hp_gain":0,"max_hp_loss":0,"event_name":"MindBloom","floor":46,"gold_loss":0}],"is_beta":true,"boss_relics":[{"not_picked":["Snecko Eye","Black Star"],"picked":"Inserter"},{"not_picked":["Eternal Feather","Tiny House"],"picked":"Philosopher\u0027s Stone"}],"items_purged_floors":[27,41,44,48],"is_endless":false,"potions_floor_spawned":[1,2,16,21,22,30,30,35,37,38,39,46],"ascension_level":0}