{"gold_per_floor":[110,123,142,67,87,115,115,125,125,16,16,16,32,63,63,140,140,152,171,371,43,53,53,79,79],"floor_reached":25,"playtime":1345,"items_purged":["Strike_G"],"score":419,"play_id":"66a54ce4-3faf-4ed9-b16d-0b3f372f00b3","local_time":"20181201093322","is_ascension_mode":true,"campfire_choices":[{"floor":7,"key":"RECALL"},{"floor":12,"key":"REST"},{"floor":15,"key":"REST"},{"data":"A Thousand Cuts","floor":23,"key":"SMITH"}],"neow_cost":"NONE","seed_source_timestamp":310502983531332,"circlet_count":0,"master_deck":["AscendersBane","Defend_G","Defend_G","Defend_G","Defend_G+1","Defend_G","Strike_G","Strike_G","Strike_G","Strike_G","Survivor","Neutralize","Slice","Poisoned Stab","Bane","Footwork","Terror","Deadly Poison","Cloak And Dagger","Footwork","Cloak And Dagger","Adrenaline+1","A Thousand Cuts+1","Cloak And Dagger","Envenom","Backflip","A Thousand Cuts"],"relics":["White Beast Statue","Bottled Flame","Darkstone Periapt","Turnip","Molten Egg 2","Philosopher\u0027s Stone","Blood Vial","War Paint"],"potions_floor_usage":[6,6,13,16,19,24,24],"damage_taken":[{"damage":1,"enemies":"Cultist","floor":1,"turns":4},{"damage":6,"enemies":"Jaw Worm","floor":2,"turns":4},{"damage":2,"enemies":"2 Louse","floor":3,"turns":2},{"damage":1,"enemies":"Blue Slaver","floor":5,"turns":5},{"damage":18,"enemies":"Gremlin Nob","floor":6,"turns":4},{"damage":7,"enemies":"Red Slaver","floor":8,"turns":4},{"damage":13,"enemies":"Lots of Slimes","floor":13,"turns":6},{"damage":17,"enemies":"Lagavulin","floor":14,"turns":8},{"damage":16,"enemies":"The Guardian","floor":16,"turns":12},{"damage":8,"enemies":"Spheric Guardian","floor":18,"turns":5},{"damage":0,"enemies":"3 Byrds","floor":19,"turns":6},{"damage":11,"enemies":"Snecko","floor":22,"turns":5},{"damage":34,"enemies":"Book of Stabbing","floor":24,"turns":6},{"damage":16,"enemies":"Centurion and Healer","floor":25,"turns":4}],"seed_played":"-8066531553553513620","potions_obtained":[{"floor":1,"key":"Poison Potion"},{"floor":2,"key":"GhostInAJar"},{"floor":3,"key":"Poison Potion"},{"floor":6,"key":"Weak Potion"},{"floor":8,"key":"Block Potion"},{"floor":13,"key":"SteroidPotion"},{"floor":14,"key":"Regen Potion"},{"floor":16,"key":"SpeedPotion"},{"floor":18,"key":"Dexterity Potion"},{"floor":19,"key":"Energy Potion"},{"floor":22,"key":"Strength Potion"},{"floor":24,"key":"Poison Potion"}],"is_trial":false,"path_per_floor":["M","M","M","$","M","E","R","M","T","$","T","R","M","E","R","B",null,"M","M","?","$","M","R","E","M"],"character_chosen":"THE_SILENT","items_purchased":["Cloak And Dagger","Footwork","Blood Vial","Envenom"],"campfire_rested":2,"item_purchase_floors":[10,10,21,21],"current_hp_per_floor":[58,52,50,50,49,31,31,24,24,24,24,43,30,13,32,31,57,49,49,49,49,40,40,8,0],"gold":79,"neow_bonus":"BOSS_RELIC","is_prod":false,"is_daily":false,"chose_seed":false,"campfire_upgraded":1,"win_rate":0,"timestamp":1543685602,"path_taken":["M","M","M","$","M","E","R","M","T","$","?","R","M","E","R","BOSS","M","M","?","$","M","R","E","M"],"build_version":"2018-11-15","purchased_purges":1,"victory":false,"max_hp_per_floor":[66,66,66,66,66,66,66,66,66,66,66,66,66,66,66,66,66,66,66,66,66,66,66,66,66],"card_choices":[{"not_picked":["PiercingWail","Outmaneuver"],"picked":"Slice","floor":1},{"not_picked":["Acrobatics","Catalyst"],"picked":"Poisoned Stab","floor":2},{"not_picked":["Dash","Masterful Stab"],"picked":"Bane","floor":3},{"not_picked":["Dagger Spray","Concentrate"],"picked":"Footwork","floor":5},{"not_picked":["Phantasmal Killer","Poisoned Stab"],"picked":"Terror","floor":6},{"not_picked":["Accuracy","Dagger Spray"],"picked":"Deadly Poison","floor":8},{"not_picked":["Distraction","Prepared"],"picked":"Cloak And Dagger","floor":13},{"not_picked":["Tactician","Die Die Die"],"picked":"Adrenaline","floor":14},{"not_picked":["Adrenaline","Unload+1"],"picked":"A Thousand Cuts","floor":16},{"not_picked":["Heel Hook+1","Noxious Fumes"],"picked":"Cloak And Dagger","floor":18},{"not_picked":["Terror","Deadly Poison","Flechettes+1"],"picked":"SKIP","floor":19},{"not_picked":["Deflect","Accuracy"],"picked":"Backflip","floor":22},{"not_picked":["Outmaneuver","Leg Sweep"],"picked":"A Thousand Cuts","floor":24}],"player_experience":554368,"relics_obtained":[{"floor":6,"key":"Bottled Flame"},{"floor":9,"key":"Darkstone Periapt"},{"floor":11,"key":"Turnip"},{"floor":14,"key":"Molten Egg 2"},{"floor":24,"key":"War Paint"}],"event_choices":[{"damage_healed":0,"gold_gain":200,"player_choice":"Gold","damage_taken":0,"max_hp_gain":0,"max_hp_loss":0,"event_name":"Wheel of Change","floor":20,"gold_loss":0}],"is_beta":false,"boss_relics":[{"not_picked":["Runic Pyramid","Sozu"],"picked":"Philosopher\u0027s Stone"}],"items_purged_floors":[4],"is_endless":false,"potions_floor_spawned":[1,2,3,5,6,8,13,14,16,18,19,22,24],"killed_by":"Centurion and Healer","ascension_level":16}