{"path_per_floor":["M","?","?","M","M","R","E","?","T","R","M","E","R","M","R","B",null,"M","$","?","?","M","R","E","R","T","M","M","M","R","M","R","B",null,"M","T","M","?","?","E","T","M","T","R","$","M","$","E","R","B"],"character_chosen":"THE_SILENT","items_purchased":["Omamori","Anchor","Apotheosis","Malaise","Flash of Steel"],"gold_per_floor":[119,69,69,84,100,100,135,135,135,135,153,186,186,207,207,326,326,342,36,36,36,52,52,90,90,169,183,198,217,217,232,232,361,361,384,466,484,484,484,520,520,543,566,566,210,234,28,66,66,66],"floor_reached":51,"campfire_rested":4,"playtime":7831,"current_hp_per_floor":[62,62,62,62,62,62,37,20,20,41,41,41,41,41,41,20,58,43,43,43,43,43,43,44,44,44,43,38,38,38,38,62,18,65,61,61,61,61,51,49,49,51,51,75,75,61,61,47,71,42],"items_purged":["Strike_G","Strike_G"],"gold":66,"score":1055,"play_id":"edba26e2-fcec-4be7-bc49-4fd750e9868f","local_time":"20180508202051","is_prod":false,"is_daily":false,"chose_seed":false,"is_ascension_mode":true,"campfire_upgraded":6,"timestamp":1525836051,"path_taken":["M","?","?","M","?","R","E","?","T","R","?","E","R","M","R","BOSS","M","$","?","?","M","R","E","R","T","?","M","M","R","?","R","BOSS","M","?","M","?","?","E","?","M","T","R","$","M","$","E","R","BOSS"],"build_version":"2018-05-03","seed_source_timestamp":0,"purchased_purges":2,"victory":true,"master_deck":["Defend_G+1","Defend_G+1","Defend_G+1","Strike_G+1","Neutralize+1","Cloak And Dagger+1","Dagger Throw","Cloak And Dagger+1","Flying Knee","Deflect","Sucker Punch+1","Terror+1","Envenom+1","Quick Slash","Escape Plan","Footwork+1","Flying Knee+1","Prepared","Caltrops+1","Blade Dance","Blade Dance+1","Skewer+1","Terror+1","Accuracy+1","Backflip","Master of Strategy","Madness","Madness","Parasite","Acrobatics+1","Decay","Dash","Apotheosis","Malaise","Sucker Punch","Flash of Steel","Backstab+1","Backflip"],"max_hp_per_floor":[70,70,70,70,70,70,70,70,70,70,70,70,70,70,70,70,70,70,70,70,70,70,70,80,80,80,80,80,80,80,80,80,80,80,80,80,80,80,80,80,80,80,80,80,80,80,80,80,80,80],"relics":["Ring of the Snake","Ornamental Fan","Golden Idol","Gremlin Horn","Lantern","Cursed Key","Omamori","Anchor","Pear","Tiny Chest","Astrolabe","Tough Bandages","Snake Skull","Blood Vial","Dream Catcher","Kunai"],"card_choices":[{"not_picked":["Flying Knee","Masterful Stab"],"picked":"Cloak And Dagger","floor":1.0},{"not_picked":["Concentrate","Distraction"],"picked":"Dagger Throw","floor":4.0},{"not_picked":["Endless Agony","Dagger Throw"],"picked":"Cloak And Dagger","floor":5.0},{"not_picked":["Riddle With Holes","Unload"],"picked":"Flying Knee","floor":7.0},{"not_picked":["Endless Agony","Crippling Poison"],"picked":"Deflect","floor":11.0},{"not_picked":["Distraction","Calculated Gamble"],"picked":"Sucker Punch","floor":12.0},{"not_picked":["Backflip","Footwork"],"picked":"Terror","floor":14.0},{"not_picked":["Bullet Time","Night Terror"],"picked":"Envenom","floor":16.0},{"not_picked":["Terror","Flying Knee"],"picked":"Quick Slash","floor":18.0},{"not_picked":["PiercingWail","Well Laid Plans"],"picked":"Escape Plan","floor":22.0},{"not_picked":["Finisher","Terror"],"picked":"Footwork","floor":24},{"not_picked":["Concentrate","Deadly Poison"],"picked":"Flying Knee","floor":27},{"not_picked":["Poisoned Stab","Outmaneuver"],"picked":"Prepared","floor":28},{"not_picked":["Quick Slash","Underhanded Strike"],"picked":"Caltrops","floor":29},{"not_picked":["PiercingWail","Deflect"],"picked":"Blade Dance","floor":31},{"not_picked":["Flying Knee","PiercingWail"],"picked":"Accuracy","floor":35},{"not_picked":["Eviscerate","Quick Slash"],"picked":"Backflip","floor":37},{"not_picked":["Panacea","Deep Breath"],"picked":"Master of Strategy","floor":38},{"not_picked":["Setup","Deflect"],"picked":"Acrobatics","floor":42},{"not_picked":["Calculated Gamble","Masterful Stab"],"picked":"Dash","floor":44},{"not_picked":["Footwork","Backstab"],"picked":"Sucker Punch","floor":46},{"not_picked":["Finisher","Corpse Explosion"],"picked":"Backstab","floor":48},{"not_picked":["Poisoned Stab","Underhanded Strike"],"picked":"Backflip","floor":49}],"player_experience":259854,"potions_floor_usage":[33,33,40,46,50,50],"damage_taken":[{"damage":1.0,"enemies":"2 Louse","floor":1.0,"turns":3.0},{"damage":0.0,"enemies":"Small Slimes","floor":4.0,"turns":5.0},{"damage":0.0,"enemies":"Cultist","floor":5.0,"turns":3.0},{"damage":25.0,"enemies":"Gremlin Nob","floor":7.0,"turns":4.0},{"damage":0.0,"enemies":"Looter","floor":11.0,"turns":3.0},{"damage":0.0,"enemies":"3 Sentries","floor":12.0,"turns":4.0},{"damage":0.0,"enemies":"Lots of Slimes","floor":14.0,"turns":2.0},{"damage":21.0,"enemies":"The Guardian","floor":16.0,"turns":15.0},{"damage":15.0,"enemies":"Spheric Guardian","floor":18.0,"turns":4.0},{"damage":0.0,"enemies":"Shell Parasite","floor":22.0,"turns":4.0},{"damage":9.0,"enemies":"Slavers","floor":24.0,"turns":5.0},{"damage":1,"enemies":"Centurion and Healer","floor":27,"turns":4},{"damage":5,"enemies":"Slaver and Parasite","floor":28,"turns":6},{"damage":0,"enemies":"Snecko","floor":29,"turns":4},{"damage":0,"enemies":"Cultist and Chosen","floor":31,"turns":4},{"damage":44,"enemies":"Champ","floor":33,"turns":12},{"damage":4,"enemies":"3 Darklings","floor":35,"turns":6},{"damage":0,"enemies":"Orb Walker","floor":37,"turns":4},{"damage":2,"enemies":"2 Orb Walkers","floor":40,"turns":3},{"damage":0,"enemies":"4 Shapes","floor":42,"turns":3},{"damage":16,"enemies":"3 Darklings","floor":46,"turns":4},{"damage":16,"enemies":"Giant Head","floor":48,"turns":7},{"damage":31,"enemies":"Awakened One","floor":50,"turns":12}],"event_choices":[{"event_name":"The Cleric","player_choice":"Card Removal","floor":2.0,"damage_taken":0.0},{"event_name":"Accursed Blacksmith","player_choice":"Forge","floor":3.0,"damage_taken":0.0},{"event_name":"Golden Idol","player_choice":"Take Damage","floor":8.0,"damage_taken":0.0},{"event_name":"Back to Basics","player_choice":"Simplicity","floor":20.0,"damage_taken":0.0},{"event_name":"Cursed Tome","player_choice":"Ignored","floor":21.0,"damage_taken":0.0},{"event_name":"SensoryStone","player_choice":"Memory 1","floor":38,"damage_taken":0},{"event_name":"Winding Halls","player_choice":"Embrace Madness","floor":39,"damage_taken":0}],"boss_relics":[{"not_picked":["Lizard Tail","Sozu"],"picked":"Astrolabe"}],"potions_floor_spawned":[4,5,14,18,27,28,29,33,37,40,42],"seed_played":"-8455049060049721429","ascension_level":9,"is_trial":false}