{"gold_per_floor":[10000117,9999426,9999501,9998672,9998847,9998877,9998877,9998893,9998918,9998918,9998932,9998952,9998964,9998982,9998982,9999077,9999077,9999090,9998123,9998142,9997010,9997024,9997037,9997037],"floor_reached":24,"playtime":946,"items_purged":["Dagger Spray","Doubt","Expertise"],"score":325,"play_id":"f8ab78e0-01b9-4afc-b0cc-48518e444412","local_time":"20190223161452","is_ascension_mode":false,"campfire_choices":[{"data":"Secret Technique","floor":7,"key":"SMITH"},{"data":"Outmaneuver","floor":10,"key":"SMITH"},{"floor":15,"key":"REST"}],"neow_cost":"NONE","seed_source_timestamp":0,"circlet_count":0,"master_deck":["Survivor","Neutralize","Deadly Poison","PiercingWail","Dodge and Roll","Outmaneuver+1","Poisoned Stab","Slice","Blade Dance","Caltrops","Caltrops","Caltrops","Caltrops","Secret Technique+1","Envenom","Well Laid Plans+1","Mayhem+1"],"special_seed":0,"relics":["Pandora\u0027s Box","NeowsBlessing","PreservedInsect","Anchor","Frozen Eye","Matryoshka","HandDrill","Bag of Marbles","Mercury Hourglass","Ancient Tea Set","Potion Belt","Coffee Dripper","Strange Spoon","Frozen Egg 2","Bottled Tornado","Ice Cream","MealTicket","Ninja Scroll"],"potions_floor_usage":[14,14,16,18,23],"damage_taken":[{"damage":0.0,"enemies":"Cultist","floor":1.0,"turns":1.0},{"damage":0,"enemies":"Gremlin Nob","floor":6,"turns":1},{"damage":0,"enemies":"Jaw Worm","floor":8,"turns":1},{"damage":3,"enemies":"Small Slimes","floor":11,"turns":3},{"damage":12,"enemies":"Exordium Wildlife","floor":12,"turns":3},{"damage":7,"enemies":"Blue Slaver","floor":13,"turns":4},{"damage":2,"enemies":"Large Slime","floor":14,"turns":4},{"damage":36,"enemies":"The Guardian","floor":16,"turns":8},{"damage":8,"enemies":"Shell Parasite","floor":18,"turns":4},{"damage":5,"enemies":"2 Thieves","floor":20,"turns":4},{"damage":21,"enemies":"Chosen and Byrds","floor":22,"turns":5},{"damage":8,"enemies":"Shelled Parasite and Fungi","floor":23,"turns":5},{"damage":10,"enemies":"Centurion and Healer","floor":24,"turns":3}],"seed_played":"-4246747259300490048","potions_obtained":[{"floor":14,"key":"SteroidPotion"},{"floor":16,"key":"EssenceOfSteel"}],"is_trial":false,"path_per_floor":["M","$","?","$","?","E","R","M","T","R","M","M","M","M","R","B",null,"M","$","M","$","M","M","M"],"character_chosen":"THE_SILENT","items_purchased":["PreservedInsect","Anchor","Frozen Eye","Secret Technique","Matryoshka","HandDrill","Bag of Marbles","EssenceOfSteel","Strength Potion","Fire Potion","Strange Spoon","Frozen Egg 2","Bottled Tornado","Weak Potion","EssenceOfSteel","FearPotion","Ice Cream","MealTicket","Ninja Scroll","Well Laid Plans+1","Mayhem+1","Strength Potion"],"campfire_rested":1,"item_purchase_floors":[2,2,2,2,4,4,4,4,4,4,19,19,19,19,19,19,21,21,21,21,21,21],"current_hp_per_floor":[70,70,59,59,59,59,59,59,59,59,56,44,37,35,56,20,70,62,62,57,57,36,28,18],"gold":9997037,"neow_bonus":"THREE_ENEMY_KILL","is_prod":false,"is_daily":false,"chose_seed":false,"campfire_upgraded":2,"win_rate":0,"timestamp":1550956492,"path_taken":["M","?","?","$","?","E","R","M","T","R","M","M","M","M","R","BOSS","M","$","M","$","M","M","M"],"build_version":"2019-01-23","purchased_purges":3,"victory":false,"max_hp_per_floor":[70,70,70,70,70,70,70,70,70,70,70,70,70,70,70,70,70,70,70,70,70,70,70,70],"card_choices":[{"not_picked":["Endless Agony","Concentrate","Deflect"],"picked":"SKIP","floor":1},{"not_picked":["Deadly Poison","Dagger Spray","Prepared"],"picked":"SKIP","floor":6},{"not_picked":["Backflip","Cloak And Dagger","Distraction"],"picked":"SKIP","floor":8},{"not_picked":["Leg Sweep","Cloak And Dagger","Deflect"],"picked":"SKIP","floor":11},{"not_picked":["Acrobatics","Prepared","Underhanded Strike"],"picked":"SKIP","floor":12},{"not_picked":["Infinite Blades","Masterful Stab","Dagger Spray"],"picked":"SKIP","floor":13},{"not_picked":["Choke","Outmaneuver","Dodge and Roll"],"picked":"SKIP","floor":14},{"not_picked":["Night Terror","Die Die Die"],"picked":"Envenom","floor":16},{"not_picked":["Eviscerate+1","Cloak And Dagger","Backflip"],"picked":"SKIP","floor":18},{"not_picked":["Poisoned Stab","Terror","Blade Dance"],"picked":"SKIP","floor":20},{"not_picked":["PiercingWail","Cloak And Dagger","Bane"],"picked":"SKIP","floor":22},{"not_picked":["Dagger Spray","Flying Knee","Masterful Stab"],"picked":"SKIP","floor":23}],"player_experience":732360,"relics_obtained":[{"floor":6,"key":"Mercury Hourglass"},{"floor":9,"key":"Ancient Tea Set"},{"floor":9,"key":"Potion Belt"}],"event_choices":[{"damage_healed":0,"gold_gain":75,"player_choice":"Gather Gold","damage_taken":11,"max_hp_gain":0,"max_hp_loss":0,"event_name":"World of Goop","floor":3,"gold_loss":0},{"damage_healed":0,"gold_gain":175,"player_choice":"AGREE","damage_taken":0,"max_hp_gain":0,"max_hp_loss":0,"event_name":"Liars Game","floor":5,"gold_loss":0,"cards_obtained":["Doubt"]}],"is_beta":false,"boss_relics":[{"not_picked":["HoveringKite","Velvet Choker"],"picked":"Coffee Dripper"}],"items_purged_floors":[4,19,21],"is_endless":false,"potions_floor_spawned":[6,14,16],"killed_by":"Centurion and Healer","ascension_level":0}