{"gold_per_floor":[109,109,127,22,41,41,61,71,71,71,81,93,104,117,117,212,212,180,180,103,123,123],"floor_reached":22,"playtime":1313,"items_purged":[],"score":182,"play_id":"285f74d5-57a2-4265-abfb-b7ca054cc31f","local_time":"20180704223036","is_ascension_mode":false,"campfire_choices":[{"data":"Seeing Red","floor":6,"key":"SMITH"},{"data":"Feed","floor":15,"key":"SMITH"}],"neow_cost":"NONE","seed_source_timestamp":12037170930321,"circlet_count":0,"master_deck":["Strike_R+1","Strike_R","Strike_R","Strike_R","Defend_R","Defend_R+1","Defend_R","Defend_R","Bash","Armaments","Seeing Red+1","Metallicize","Uppercut","Shrug It Off","Inflame","Anger","Feed+1","Metallicize+1","Anger","Intimidate","Offering","Flame Barrier+1","J.A.X.","Heavy Blade"],"relics":["Black Blood","NeowsBlessing","Frozen Egg 2","Nilry\u0027s Codex"],"potions_floor_usage":[11,11,21,22],"damage_taken":[{"damage":0,"enemies":"2 Louse","floor":1,"turns":1},{"damage":0,"enemies":"Jaw Worm","floor":3,"turns":1},{"damage":0,"enemies":"Cultist","floor":5,"turns":1},{"damage":4,"enemies":"Looter","floor":7,"turns":4},{"damage":4,"enemies":"Exordium Wildlife","floor":8,"turns":3},{"damage":11,"enemies":"Exordium Thugs","floor":11,"turns":4},{"damage":15,"enemies":"3 Louse","floor":12,"turns":5},{"damage":6,"enemies":"Looter","floor":13,"turns":4},{"damage":5,"enemies":"Lots of Slimes","floor":14,"turns":5},{"damage":24,"enemies":"Slime Boss","floor":16,"turns":11},{"damage":18,"enemies":"2 Thieves","floor":18,"turns":5},{"damage":23,"enemies":"3 Byrds","floor":21,"turns":6},{"damage":56,"enemies":"Cultist and Chosen","floor":22,"turns":6}],"seed_played":"390285098346767714","potions_obtained":[{"floor":3,"key":"Strength Potion"},{"floor":7,"key":"AttackPotion"},{"floor":13,"key":"Swift Potion"},{"floor":14,"key":"Weak Potion"}],"is_trial":false,"path_per_floor":["M","?","M","$","M","R","M","M","T","?","M","M","M","M","R","B",null,"M","?","?","M"],"character_chosen":"IRONCLAD","items_purchased":["Metallicize","Uppercut"],"campfire_rested":0,"item_purchase_floors":[4,4],"current_hp_per_floor":[80,64,70,70,76,76,78,80,80,80,75,66,66,70,70,56,87,79,63,63,54,0],"gold":123,"neow_bonus":"THREE_ENEMY_KILL","is_prod":false,"is_daily":false,"chose_seed":false,"campfire_upgraded":2,"win_rate":0.0,"timestamp":1530736236,"path_taken":["M","?","M","$","M","R","M","M","T","?","M","M","M","M","R","BOSS","M","?","?","M","?"],"build_version":"2018-06-28","purchased_purges":0,"victory":false,"max_hp_per_floor":[80,80,80,80,80,80,80,80,80,80,80,80,80,83,83,87,87,87,87,87,91,91],"card_choices":[{"not_picked":["Iron Wave","Twin Strike"],"picked":"Armaments","floor":1},{"not_picked":["Flex","Burning Pact"],"picked":"Seeing Red","floor":3},{"not_picked":["Corruption","Clash"],"picked":"Shrug It Off","floor":5},{"not_picked":["Headbutt","Clash"],"picked":"Inflame","floor":7},{"not_picked":["Headbutt","Inflame"],"picked":"Anger","floor":8},{"not_picked":["Anger","Flex"],"picked":"Feed","floor":11},{"not_picked":["Pommel Strike","Dual Wield"],"picked":"Metallicize+1","floor":12},{"not_picked":["Perfected Strike","Pommel Strike"],"picked":"Anger","floor":13},{"not_picked":["Clash","Heavy Blade"],"picked":"Intimidate","floor":14},{"not_picked":["Limit Break","Reaper"],"picked":"Offering","floor":16},{"not_picked":["Thunderclap+1","Headbutt"],"picked":"Flame Barrier+1","floor":18},{"not_picked":["Headbutt","Shrug It Off"],"picked":"Heavy Blade","floor":21}],"player_experience":36774,"relics_obtained":[{"floor":9,"key":"Frozen Egg 2"},{"floor":19,"key":"Nilry\u0027s Codex"}],"event_choices":[{"event_name":"Shining Light","player_choice":"Entered Light","floor":2,"damage_taken":0},{"event_name":"Wheel of Change","player_choice":"Card Removal","floor":10,"damage_taken":0},{"event_name":"Cursed Tome","player_choice":"Obtained Book","floor":19,"damage_taken":0},{"event_name":"Drug Dealer","player_choice":"Got JAXXED","floor":20,"damage_taken":0}],"boss_relics":[{"not_picked":["Eternal Feather","White Beast Statue"],"picked":"Black Blood"}],"items_purged_floors":[],"is_endless":false,"potions_floor_spawned":[3,7,13,14],"killed_by":"Cultist and Chosen","ascension_level":0}