{"gold_per_floor":[110,41,216,69,79,79,79,91,146,146,162,162,177,193,193,292,292,292,292,292,292,10,10,10,10,10,10,10,10,10,10,10,10,10,10,10,10,10,10,10],"floor_reached":40,"playtime":2284,"items_purged":["Doubt","Strike_B"],"score":499,"play_id":"f06a02b9-0855-401f-8300-1d89ff846eaf","local_time":"20180915172110","is_ascension_mode":true,"campfire_choices":[{"data":"Static Discharge","floor":6,"key":"SMITH"},{"data":"Dualcast","floor":10,"key":"SMITH"},{"data":"Go for the Eyes","floor":12,"key":"SMITH"},{"data":"Melter","floor":15,"key":"SMITH"},{"data":"Storm","floor":23,"key":"SMITH"},{"floor":27,"key":"REST"},{"floor":29,"key":"REST"},{"floor":32,"key":"REST"}],"neow_cost":"TEN_PERCENT_HP_LOSS","seed_source_timestamp":14891454740768,"circlet_count":0,"master_deck":["Strike_B","Defend_B+1","Defend_B","Defend_B","Zap+1","Dualcast+1","Rebound","Static Discharge+1","FTL+1","Go for the Eyes+1","Melter+1","Sweeping Beam+1","Electrodynamics","Storm+1","Gash","Consume+1","Rebound","Capacitor","Loop+1","Double Energy+1","Chill+1","Defragment","Force Field+1"],"relics":["Cracked Core","War Paint","Ectoplasm","Whetstone","Lizard Tail"],"potions_floor_usage":[11,13,16,21,21,25,25,28,30,31,35,40],"damage_taken":[{"damage":0,"enemies":"2 Louse","floor":1,"turns":1},{"damage":7,"enemies":"Jaw Worm","floor":5,"turns":2},{"damage":4,"enemies":"Small Slimes","floor":8,"turns":2},{"damage":6,"enemies":"Exordium Wildlife","floor":11,"turns":3},{"damage":0,"enemies":"Lots of Slimes","floor":13,"turns":2},{"damage":4,"enemies":"2 Fungi Beasts","floor":14,"turns":2},{"damage":11,"enemies":"Slime Boss","floor":16,"turns":7},{"damage":0,"enemies":"Chosen","floor":18,"turns":3},{"damage":9,"enemies":"Shell Parasite","floor":20,"turns":3},{"damage":9,"enemies":"Shelled Parasite and Fungi","floor":21,"turns":2},{"damage":19,"enemies":"Centurion and Healer","floor":24,"turns":3},{"damage":10,"enemies":"3 Cultists","floor":25,"turns":3},{"damage":23,"enemies":"Snecko","floor":28,"turns":4},{"damage":9,"enemies":"Shelled Parasite and Fungi","floor":30,"turns":4},{"damage":0,"enemies":"Centurion and Healer","floor":31,"turns":4},{"damage":34,"enemies":"Champ","floor":33,"turns":7},{"damage":0,"enemies":"3 Darklings","floor":35,"turns":2},{"damage":16,"enemies":"3 Shapes","floor":37,"turns":4},{"damage":30,"enemies":"Sphere and 2 Shapes","floor":39,"turns":4},{"damage":53,"enemies":"2 Orb Walkers","floor":40,"turns":3}],"seed_played":"1419677754282127308","potions_obtained":[{"floor":5,"key":"SkillPotion"},{"floor":8,"key":"SteroidPotion"},{"floor":14,"key":"FearPotion"},{"floor":18,"key":"SteroidPotion"},{"floor":20,"key":"FocusPotion"},{"floor":25,"key":"Strength Potion"},{"floor":28,"key":"GamblersBrew"},{"floor":30,"key":"EssenceOfSteel"},{"floor":33,"key":"SkillPotion"},{"floor":39,"key":"Fire Potion"}],"is_trial":false,"path_per_floor":["M","$","?","$","M","R","?","M","T","R","M","R","M","M","R","B",null,"M","?","M","M","$","R","M","M","T","R","M","R","M","M","R","B",null,"M","$","M","$","M"],"character_chosen":"DEFECT","items_purchased":["Static Discharge","FTL","Capacitor","Explosive Potion","SteroidPotion"],"campfire_rested":3,"item_purchase_floors":[2,4,22,22,22],"current_hp_per_floor":[68,68,68,68,61,61,61,57,57,57,51,51,51,47,47,36,60,60,60,51,42,42,42,23,13,13,33,10,30,21,21,41,7,53,53,53,37,37,7,0],"gold":10,"neow_bonus":"REMOVE_TWO","is_prod":false,"is_daily":false,"chose_seed":false,"campfire_upgraded":5,"win_rate":0,"timestamp":1537024870,"path_taken":["M","$","?","$","M","R","?","M","T","R","M","R","M","M","R","BOSS","M","?","M","M","$","R","?","M","T","R","M","R","M","M","R","BOSS","M","$","M","$","M","E"],"build_version":"2018-09-06","purchased_purges":2,"victory":false,"max_hp_per_floor":[68,68,68,68,68,68,68,68,68,68,68,68,68,68,68,68,68,68,68,68,68,68,68,68,68,68,68,68,68,68,68,68,68,68,68,68,68,68,68,68],"card_choices":[{"not_picked":["Conserve Battery","BootSequence"],"picked":"Rebound","floor":1},{"not_picked":["Turbo","Compile Driver"],"picked":"Go for the Eyes","floor":5},{"not_picked":["Scrape","Stack"],"picked":"Melter","floor":8},{"not_picked":["Steam Power","Blizzard"],"picked":"Sweeping Beam","floor":11},{"not_picked":["Go for the Eyes","Stack","Heatsinks"],"picked":"SKIP","floor":13},{"not_picked":["Stack","Compile Driver","Barrage"],"picked":"SKIP","floor":14},{"not_picked":["All For One","Amplify"],"picked":"Electrodynamics","floor":16},{"not_picked":["Turbo","Redo"],"picked":"Storm","floor":18},{"not_picked":["Hello World","Steam"],"picked":"Consume+1","floor":20},{"not_picked":["Barrage","Core Surge"],"picked":"Rebound","floor":21},{"not_picked":["Go for the Eyes","Cold Snap"],"picked":"Loop+1","floor":24},{"not_picked":["Cold Snap","Barrage"],"picked":"Double Energy+1","floor":25},{"not_picked":["Gash","Sweeping Beam"],"picked":"Chill+1","floor":28},{"not_picked":["Reinforced Body+1","Blizzard+1"],"picked":"Defragment","floor":30},{"not_picked":["Rip and Tear+1","Rebound","Melter"],"picked":"SKIP","floor":31},{"not_picked":["Rebound+1","Aggregate+1","Turbo"],"picked":"SKIP","floor":35},{"not_picked":["Stack+1","Storm","Go for the Eyes"],"picked":"SKIP","floor":37},{"not_picked":["Cold Snap","Compile Driver+1"],"picked":"Force Field+1","floor":39}],"player_experience":195253,"relics_obtained":[{"floor":9,"key":"War Paint"},{"floor":26,"key":"Whetstone"}],"event_choices":[{"event_name":"Liars Game","player_choice":"agreed","floor":3,"damage_taken":0},{"event_name":"Purifier","player_choice":"One Purge","floor":7,"damage_taken":0},{"event_name":"The Library","player_choice":"Read","floor":19,"damage_taken":0}],"is_beta":false,"boss_relics":[{"not_picked":["Coffee Dripper","Astrolabe"],"picked":"Ectoplasm"},{"not_picked":["Inserter","Empty Cage"],"picked":"Lizard Tail"}],"items_purged_floors":[4,22],"is_endless":false,"potions_floor_spawned":[5,8,14,18,20,25,28,30,33,39],"killed_by":"2 Orb Walkers","ascension_level":6}