{"path_per_floor":["M","$","?","M","T","E","R","E","T","R","M","?","E","M","R","B",null,"M","?","$","?","M","E","M","?","T","?","E","$","R","?","R","B",null,"M","$","?","M","?","R","?","R","T","R","M","E","?","M","R","B"],"character_chosen":"IRONCLAD","items_purchased":["Frozen Egg 2","Inflame","Heavy Blade","Vajra","SteroidPotion"],"gold_per_floor":[360,2,2,13,36,68,68,99,167,167,180,180,215,225,225,320,320,337,337,105,105,116,148,160,75,75,75,104,4,4,104,104,204,234,246,71,71,83,136,136,136,136,136,136,148,173,173,190,190,190],"floor_reached":51,"campfire_rested":0,"playtime":1785,"current_hp_per_floor":[69,69,74,77,77,67,67,69,69,69,78,78,80,61,61,39,86,86,70,70,70,71,58,54,54,54,60,58,58,58,58,58,53,106,90,90,116,116,81,81,71,71,71,71,58,29,105,83,83,32],"items_purged":["Strike_R","Strike_R","Writhe"],"gold":190,"score":927,"play_id":"8fd0225a-e42e-4b5b-9702-38ac96ca3911","local_time":"20180512133101","is_prod":false,"is_daily":false,"chose_seed":false,"is_ascension_mode":true,"campfire_upgraded":9,"timestamp":1526124661,"path_taken":["M","$","?","M","?","E","R","E","T","R","M","?","E","M","R","BOSS","M","?","$","?","M","E","M","?","T","?","E","?","R","?","R","BOSS","M","$","?","M","?","R","?","R","T","R","M","E","?","M","R","BOSS"],"build_version":"2018-05-11","seed_source_timestamp":184621135947816,"purchased_purges":3,"victory":true,"master_deck":["Strike_R","Strike_R","Defend_R","Defend_R","Defend_R","Defend_R","Bash+1","Inflame+1","Inflame+1","Heavy Blade+1","Iron Wave","Offering","Feed+1","Twin Strike+1","Rupture+1","Spot Weakness+1","Hemokinesis+1","Flex+1","Battle Trance","Blood for Blood+1","Limit Break+1","Clothesline+1","Sword Boomerang+1","Master of Strategy","Secret Weapon+1","Shrug It Off+1"],"max_hp_per_floor":[72,72,77,77,77,77,77,77,77,77,80,80,80,83,83,86,86,86,86,86,86,89,92,95,95,95,101,101,101,101,101,101,101,106,106,106,116,116,120,120,120,120,120,120,120,120,105,105,105,105],"relics":["Burning Blood","Frozen Egg 2","Anchor","Oddly Smooth Stone","Juzu Bracelet","Darkstone Periapt","Torii","Velvet Choker","Enchiridion","Vajra","Dream Catcher","Mummified Hand","Letter Opener","Dodecahedron","Happy Flower","Tiny House","Du-Vu Doll","Toolbox","Lantern"],"card_choices":[{"not_picked":["Combust","Headbutt"],"picked":"Inflame","floor":1},{"not_picked":["Perfected Strike","Sever Soul"],"picked":"Iron Wave","floor":4},{"not_picked":["Armaments","Reaper"],"picked":"Offering","floor":6},{"not_picked":["Armaments","Shockwave"],"picked":"Feed","floor":8},{"not_picked":["Intimidate","Flex"],"picked":"Twin Strike","floor":11},{"not_picked":["Ghostly Armor","Clash"],"picked":"Spot Weakness","floor":13},{"not_picked":["Anger","Dual Wield","Uppercut"],"picked":"SKIP","floor":14},{"not_picked":["Berserk+1","Bludgeon"],"picked":"Impervious","floor":16},{"not_picked":["Thunderclap+1","Anger"],"picked":"Hemokinesis","floor":18},{"not_picked":["Bloodletting","Carnage+1"],"picked":"Flex+1","floor":22},{"not_picked":["Heavy Blade","Headbutt"],"picked":"Battle Trance","floor":23},{"not_picked":["Pommel Strike+1","Cleave","Hemokinesis"],"picked":"SKIP","floor":24},{"not_picked":["Second Wind","Clothesline"],"picked":"Blood for Blood","floor":28},{"not_picked":["Brutality+1","Double Tap"],"picked":"Limit Break","floor":33},{"not_picked":["Body Slam+1","Infernal Blade"],"picked":"Clothesline+1","floor":35},{"not_picked":["True Grit","Thunderclap","Cleave+1"],"picked":"SKIP","floor":38},{"not_picked":["Heavy Blade","Fire Breathing+1"],"picked":"Sword Boomerang+1","floor":39},{"not_picked":["Sadistic Nature","Enlightenment"],"picked":"Master of Strategy","floor":41},{"not_picked":["Deep Breath","Jack Of All Trades"],"picked":"Secret Weapon","floor":41},{"not_picked":["Clothesline","Perfected Strike","Iron Wave+1"],"picked":"SKIP","floor":45},{"not_picked":["Thunderclap","Rampage","Perfected Strike+1"],"picked":"SKIP","floor":46},{"not_picked":["Body Slam","Warcry"],"picked":"Shrug It Off+1","floor":48}],"player_experience":68411,"potions_floor_usage":[14,23,33,50,50,50,50,50],"damage_taken":[{"damage":9,"enemies":"Jaw Worm","floor":1,"turns":4},{"damage":0,"enemies":"Cultist","floor":4,"turns":3},{"damage":16,"enemies":"Lagavulin","floor":6,"turns":7},{"damage":4,"enemies":"Gremlin Nob","floor":8,"turns":2},{"damage":0,"enemies":"2 Louse","floor":11,"turns":2},{"damage":4,"enemies":"Lagavulin","floor":13,"turns":3},{"damage":28,"enemies":"Exordium Wildlife","floor":14,"turns":5},{"damage":31,"enemies":"The Guardian","floor":16,"turns":10},{"damage":6,"enemies":"Shell Parasite","floor":18,"turns":3},{"damage":8,"enemies":"Spheric Guardian","floor":22,"turns":3},{"damage":22,"enemies":"Slavers","floor":23,"turns":4},{"damage":13,"enemies":"Centurion and Healer","floor":24,"turns":4},{"damage":8,"enemies":"Book of Stabbing","floor":28,"turns":3},{"damage":11,"enemies":"Automaton","floor":33,"turns":6},{"damage":22,"enemies":"3 Darklings","floor":35,"turns":4},{"damage":0,"enemies":"Orb Walker","floor":38,"turns":2},{"damage":45,"enemies":"Mysterious Sphere","floor":39,"turns":4},{"damage":19,"enemies":"3 Darklings","floor":45,"turns":5},{"damage":35,"enemies":"2 Orb Walkers","floor":46,"turns":3},{"damage":28,"enemies":"Maw","floor":48,"turns":4},{"damage":57,"enemies":"Awakened One","floor":50,"turns":5}],"event_choices":[{"event_name":"Big Fish","player_choice":"Donut","floor":3,"damage_taken":0},{"event_name":"Living Wall","player_choice":"Change","floor":12,"damage_taken":0},{"event_name":"Cursed Tome","player_choice":"Obtained Book","floor":19,"damage_taken":0},{"event_name":"The Lab","player_choice":"Got Potions","floor":21,"damage_taken":0},{"event_name":"Addict","player_choice":"Obtained Relic","floor":25,"damage_taken":0},{"event_name":"The Mausoleum","player_choice":"Yes","floor":27,"damage_taken":0},{"event_name":"Golden Shrine","player_choice":"Pray","floor":31,"damage_taken":0},{"event_name":"Bonfire Elementals","player_choice":"RARE","floor":37,"damage_taken":0},{"event_name":"Mysterious Sphere","player_choice":"Fight","floor":39,"damage_taken":0},{"event_name":"SensoryStone","player_choice":"Memory 3","floor":41,"damage_taken":0},{"event_name":"The Moai Head","player_choice":"Heal","floor":47,"damage_taken":0}],"boss_relics":[{"not_picked":["Calling Bell","Snecko Eye"],"picked":"Velvet Choker"},{"not_picked":["Orrery","Runic Dome"],"picked":"Tiny House"}],"potions_floor_spawned":[1,8,11,22,33,35,38,39],"seed_played":"-7761793272097849601","ascension_level":2,"is_trial":false}