{"gold_per_floor":[113,130,130,130,146,146,173,183,183,38,38,16,36,55,55,160,160,170,189,206,42,52,86,18,18,18,18,18,31,31,46,46,142,142,157,157,157],"floor_reached":37,"playtime":1507,"items_purged":[],"score":441,"play_id":"9579c3cc-f56b-4a21-8f82-a251887d70b3","local_time":"20190122154254","is_ascension_mode":false,"campfire_choices":[{"data":"Zap","floor":6,"key":"SMITH"},{"data":"Dualcast","floor":11,"key":"SMITH"},{"data":"White Noise","floor":15,"key":"SMITH"},{"data":"Static Discharge","floor":25,"key":"SMITH"},{"data":"Static Discharge","floor":28,"key":"SMITH"},{"data":"Trip","floor":30,"key":"SMITH"},{"data":"Melter","floor":32,"key":"SMITH"}],"neow_cost":"NONE","seed_source_timestamp":133654501430513,"circlet_count":0,"master_deck":["Strike_B","Strike_B","Strike_B","Strike_B","Defend_B","Defend_B+1","Defend_B+1","Defend_B","Zap+1","Dualcast+1","BootSequence+1","Seek+1","Melter+1","Hologram","White Noise+1","Core Surge","Hologram+1","Conserve Battery+1","Coolheaded+1","Static Discharge+1","Trip+1","FTL","Static Discharge+1","BootSequence+1","Coolheaded+1","White Noise+1","Seek+1"],"relics":["Runic Pyramid","Mercury Hourglass","Centennial Puzzle","Symbiotic Virus","War Paint","Sozu","Ancient Tea Set","Toxic Egg 2","Busted Crown"],"potions_floor_usage":[7,16,18],"damage_taken":[{"damage":10,"enemies":"Jaw Worm","floor":1,"turns":4},{"damage":9,"enemies":"Cultist","floor":2,"turns":4},{"damage":0,"enemies":"2 Louse","floor":5,"turns":3},{"damage":1,"enemies":"Lagavulin","floor":7,"turns":8},{"damage":4,"enemies":"Large Slime","floor":8,"turns":5},{"damage":0,"enemies":"Lots of Slimes","floor":13,"turns":3},{"damage":0,"enemies":"3 Louse","floor":14,"turns":2},{"damage":0,"enemies":"Slime Boss","floor":16,"turns":6},{"damage":0,"enemies":"2 Thieves","floor":18,"turns":3},{"damage":2,"enemies":"Chosen","floor":19,"turns":4},{"damage":0,"enemies":"Sentry and Sphere","floor":20,"turns":2},{"damage":0,"enemies":"3 Cultists","floor":22,"turns":5},{"damage":6,"enemies":"Gremlin Leader","floor":23,"turns":6},{"damage":4,"enemies":"Snake Plant","floor":29,"turns":3},{"damage":0,"enemies":"Sentry and Sphere","floor":31,"turns":3},{"damage":14,"enemies":"Automaton","floor":33,"turns":9},{"damage":0,"enemies":"3 Darklings","floor":35,"turns":5},{"damage":88,"enemies":"Donu and Deca","floor":37,"turns":8}],"seed_played":"5340578118514866719","potions_obtained":[{"floor":5,"key":"EssenceOfSteel"},{"floor":7,"key":"Block Potion"},{"floor":8,"key":"FearPotion"}],"is_trial":false,"path_per_floor":["M","M","?","T","M","R","E","M","T","$","R","$","M","M","R","B",null,"M","M","M","$","M","E","$","R","T","?","R","M","R","M","R","B",null,"M","?","B"],"character_chosen":"DEFECT","items_purchased":["War Paint","Hologram","Static Discharge","Trip","Static Discharge"],"campfire_rested":0,"item_purchase_floors":[10,12,21,21,24],"current_hp_per_floor":[65,56,41,41,41,41,40,36,36,36,36,36,36,36,36,36,75,75,73,73,73,73,67,67,67,67,67,67,63,63,63,63,49,75,75,75,0],"gold":157,"neow_bonus":"BOSS_RELIC","is_prod":false,"is_daily":false,"chose_seed":false,"campfire_upgraded":7,"win_rate":0,"timestamp":1548189774,"path_taken":["M","M","?","?","M","R","E","M","T","$","R","$","M","M","R","BOSS","M","?","M","$","M","E","?","R","T","?","R","M","R","M","R","BOSS","M","?","BOSS"],"build_version":"2019-01-17v2","purchased_purges":0,"victory":false,"max_hp_per_floor":[75,75,75,75,75,75,75,75,75,75,75,75,75,75,75,75,75,75,75,75,75,75,75,75,75,75,75,75,75,75,75,75,75,75,75,75,75],"card_choices":[{"not_picked":["Cold Snap","Sweeping Beam"],"picked":"BootSequence","floor":1},{"not_picked":["Hello World","Streamline"],"picked":"Seek","floor":2},{"not_picked":["Barrage","Go for the Eyes","Streamline"],"picked":"SKIP","floor":5},{"not_picked":["Skim","Beam Cell"],"picked":"Melter","floor":7},{"not_picked":["Cold Snap","Static Discharge","Coolheaded"],"picked":"SKIP","floor":8},{"not_picked":["Stack","Barrage"],"picked":"White Noise","floor":13},{"not_picked":["Turbo","Steam Power","Redo"],"picked":"SKIP","floor":14},{"not_picked":["Biased Cognition","Echo Form"],"picked":"Core Surge","floor":16},{"not_picked":["Barrage+1","Self Repair"],"picked":"Hologram+1","floor":18},{"not_picked":["Sweeping Beam","Turbo"],"picked":"Conserve Battery+1","floor":19},{"not_picked":["Fusion","Steam"],"picked":"Coolheaded+1","floor":20},{"not_picked":["Streamline","Steam+1","Go for the Eyes+1"],"picked":"SKIP","floor":22},{"not_picked":["Amplify","Sweeping Beam"],"picked":"FTL","floor":23},{"not_picked":["Beam Cell","Rip and Tear"],"picked":"Coolheaded+1","floor":29},{"not_picked":["Sweeping Beam+1","Force Field+1"],"picked":"White Noise+1","floor":31},{"not_picked":["Reboot+1","Meteor Strike"],"picked":"Seek+1","floor":33},{"not_picked":["Undo+1"],"picked":"SKIP","floor":35}],"player_experience":562744,"relics_obtained":[{"floor":4,"key":"Mercury Hourglass"},{"floor":7,"key":"Centennial Puzzle"},{"floor":9,"key":"Symbiotic Virus"},{"floor":23,"key":"Ancient Tea Set"},{"floor":26,"key":"Toxic Egg 2"}],"event_choices":[{"damage_healed":0,"gold_gain":0,"player_choice":"Entered Light","damage_taken":15,"max_hp_gain":0,"max_hp_loss":0,"event_name":"Shining Light","floor":3,"gold_loss":0,"cards_upgraded":["Defend_B","Seek"]},{"damage_healed":0,"gold_gain":0,"player_choice":"Read","damage_taken":0,"max_hp_gain":0,"max_hp_loss":0,"event_name":"The Library","floor":27,"gold_loss":0,"cards_obtained":["BootSequence"]},{"damage_healed":0,"gold_gain":0,"player_choice":"Took Portal","damage_taken":0,"max_hp_gain":0,"max_hp_loss":0,"event_name":"SecretPortal","floor":36,"gold_loss":0}],"is_beta":false,"boss_relics":[{"not_picked":["White Beast Statue","Coffee Dripper"],"picked":"Sozu"},{"not_picked":["Astrolabe","Inserter"],"picked":"Busted Crown"}],"items_purged_floors":[],"is_endless":false,"potions_floor_spawned":[5,7,8,29,31,33,35],"killed_by":"Donu and Deca","ascension_level":0}