{"gold_per_floor":[109,122,136,150,160,160,191,191,191,191,216,277,287,123,123,225,225,238,238,206,0,0],"floor_reached":22,"playtime":989,"items_purged":["Strike_B"],"score":381,"play_id":"fdb57fe3-8575-4ff3-b05d-5f3c0a465595","local_time":"20190131203734","is_ascension_mode":true,"campfire_choices":[{"data":"Zap","floor":6,"key":"SMITH"},{"floor":8,"key":"REST"},{"floor":15,"key":"REST"}],"neow_cost":"NONE","seed_source_timestamp":1141263418509082,"circlet_count":0,"master_deck":["AscendersBane","Strike_B","Strike_B","Defend_B","Defend_B","Defend_B","Defend_B","Zap+1","Dualcast","Conserve Battery","Gash","Streamline","Glacier","Rebound","Cold Snap","Conserve Battery","Hologram","Coolheaded","Loop","Echo Form","Coolheaded","Hologram"],"relics":["Cracked Core","DataDisk","Letter Opener","Boot","Incense Burner","Cursed Key","Enchiridion"],"potions_floor_usage":[4,7,12,16],"damage_taken":[{"damage":1,"enemies":"Cultist","floor":1,"turns":4},{"damage":2,"enemies":"2 Louse","floor":2,"turns":3},{"damage":0,"enemies":"Jaw Worm","floor":3,"turns":4},{"damage":16,"enemies":"Large Slime","floor":4,"turns":7},{"damage":13,"enemies":"3 Louse","floor":5,"turns":4},{"damage":14,"enemies":"Gremlin Nob","floor":7,"turns":5},{"damage":14,"enemies":"3 Sentries","floor":11,"turns":7},{"damage":8,"enemies":"3 Sentries","floor":12,"turns":7},{"damage":0,"enemies":"Blue Slaver","floor":13,"turns":4},{"damage":0,"enemies":"Slime Boss","floor":16,"turns":7},{"damage":0,"enemies":"Shell Parasite","floor":18,"turns":5},{"damage":11,"enemies":"2 Thieves","floor":20,"turns":5}],"seed_played":"7808174966829555346","potions_obtained":[{"floor":3,"key":"Strength Potion"},{"floor":4,"key":"Block Potion"},{"floor":11,"key":"Fire Potion"},{"floor":13,"key":"FocusPotion"},{"floor":18,"key":"Regen Potion"}],"is_trial":false,"path_per_floor":["M","M","M","M","M","R","E","R","T","?","E","?","M","$","R","B",null,"M","?","M","?","?"],"character_chosen":"DEFECT","items_purchased":["Coolheaded","Loop"],"campfire_rested":2,"item_purchase_floors":[14,14],"current_hp_per_floor":[74,72,72,56,43,43,29,53,53,46,32,24,24,24,48,48,74,74,58,47,47,47],"gold":0,"neow_bonus":"TEN_PERCENT_HP_BONUS","is_prod":false,"is_daily":false,"chose_seed":false,"campfire_upgraded":1,"win_rate":0,"timestamp":1548995854,"path_taken":["M","M","?","M","M","R","E","R","T","?","E","?","M","?","R","BOSS","M","?","M","?","?"],"build_version":"2019-01-23","purchased_purges":1,"victory":false,"max_hp_per_floor":[82,82,82,82,82,82,82,82,82,82,82,82,82,82,82,82,82,82,82,82,82,82],"card_choices":[{"not_picked":["Undo","Stack"],"picked":"Conserve Battery","floor":1},{"not_picked":["Steam","Redo"],"picked":"Gash","floor":2},{"not_picked":["Melter","Leap"],"picked":"Streamline","floor":3},{"not_picked":["Compile Driver","Static Discharge"],"picked":"Glacier","floor":4},{"not_picked":["Darkness","Cold Snap"],"picked":"Rebound","floor":5},{"not_picked":["Compile Driver","Steam"],"picked":"Cold Snap","floor":7},{"not_picked":["Chaos","Rebound"],"picked":"Conserve Battery","floor":11},{"not_picked":["Double Energy","Machine Learning"],"picked":"Hologram","floor":12},{"not_picked":["Melter","Reprogram","Scrape"],"picked":"SKIP","floor":13},{"not_picked":["Creative AI","Meteor Strike"],"picked":"Echo Form","floor":16},{"not_picked":["BootSequence","Stack"],"picked":"Coolheaded","floor":18},{"not_picked":["Coolheaded","Conserve Battery"],"picked":"Hologram","floor":20}],"player_experience":616144,"relics_obtained":[{"floor":7,"key":"DataDisk"},{"floor":9,"key":"Letter Opener"},{"floor":11,"key":"Boot"},{"floor":12,"key":"Incense Burner"},{"floor":19,"key":"Enchiridion"}],"event_choices":[{"cards_removed":["Strike_B"],"damage_healed":0,"gold_gain":0,"player_choice":"Card Removal","damage_taken":7,"max_hp_gain":0,"max_hp_loss":0,"event_name":"Golden Wing","floor":10,"gold_loss":0},{"damage_healed":0,"gold_gain":30,"player_choice":"Searched \u00272\u0027 times","damage_taken":0,"max_hp_gain":0,"max_hp_loss":0,"event_name":"Dead Adventurer","floor":12,"gold_loss":0},{"damage_healed":0,"gold_gain":0,"player_choice":"Obtained Book","damage_taken":16,"max_hp_gain":0,"max_hp_loss":0,"event_name":"Cursed Tome","floor":19,"gold_loss":0},{"damage_healed":0,"gold_gain":0,"player_choice":"Paid Fearfully","damage_taken":0,"max_hp_gain":0,"max_hp_loss":0,"event_name":"Masked Bandits","floor":21,"gold_loss":206}],"is_beta":false,"boss_relics":[{"not_picked":["Lizard Tail","Busted Crown"],"picked":"Cursed Key"}],"items_purged_floors":[14],"is_endless":false,"potions_floor_spawned":[3,4,11,13,18],"ascension_level":11}