{"gold_per_floor":[119,119,119,138,313,328,328,278,304,304,0,14,33,63,63,168,168,183,183,194,211,231,266,266,280,350,350,350,385,385,400,400,499,499,509,528,11,25,39,39,39,74,74,74,74,88,88,105,105,105],"floor_reached":50,"playtime":3305,"items_purged":["Doubt"],"score":641,"play_id":"9c9c1b72-7777-4b07-bd2a-79c1013dc741","local_time":"20180912224735","is_ascension_mode":true,"campfire_choices":[{"data":"Dualcast","floor":7,"key":"SMITH"},{"data":"Zap","floor":10,"key":"SMITH"},{"data":"Apotheosis","floor":15,"key":"SMITH"},{"floor":24,"key":"REST"},{"floor":28,"key":"REST"},{"floor":30,"key":"REST"},{"floor":32,"key":"REST"},{"floor":40,"key":"REST"},{"floor":45,"key":"REST"},{"floor":49,"key":"REST"}],"neow_cost":"","seed_source_timestamp":1061107572011593,"circlet_count":0,"master_deck":["Defend_B","Defend_B","Defend_B","Defend_B","Zap+1","Dualcast+1","White Noise","Glacier","Ball Lightning","Apotheosis+1","Sweeping Beam","Coolheaded","Sunder","Echo Form+1","Static Discharge+1","Hologram+1","Cold Snap","Beam Cell","Seek","Tempest","Bite","Bite","Bite","Bite","Bite","Blizzard+1","Hello World+1","Electrodynamics+1","Glacier+1","Hello World+1","Coolheaded+1","Turbo","White Noise","Redo+1","Creative AI+1","Stack+1","Conserve Battery","Sadistic Nature+1","Leap+1","Consume+1","White Noise"],"relics":["Cracked Core","Frozen Egg 2","Letter Opener","Happy Flower","Potion Belt","Nuclear Battery","MutagenicStrength","Shuriken","Dodecahedron","Meat on the Bone","Orrery","Runic Capacitor","Pear","Orichalcum","Molten Egg 2"],"potions_floor_usage":[16,16,21,23,25,31,38,39,39,42],"damage_taken":[{"damage":7,"enemies":"Jaw Worm","floor":1,"turns":4},{"damage":5,"enemies":"Cultist","floor":4,"turns":4},{"damage":12,"enemies":"2 Louse","floor":6,"turns":5},{"damage":0,"enemies":"Large Slime","floor":12,"turns":3},{"damage":0,"enemies":"3 Louse","floor":13,"turns":3},{"damage":22,"enemies":"3 Sentries","floor":14,"turns":3},{"damage":4,"enemies":"Hexaghost","floor":16,"turns":9},{"damage":8,"enemies":"Shell Parasite","floor":18,"turns":7},{"damage":4,"enemies":"Chosen","floor":20,"turns":2},{"damage":14,"enemies":"Centurion and Healer","floor":21,"turns":5},{"damage":0,"enemies":"Snecko","floor":22,"turns":4},{"damage":23,"enemies":"Book of Stabbing","floor":23,"turns":5},{"damage":24,"enemies":"Shelled Parasite and Fungi","floor":25,"turns":4},{"damage":24,"enemies":"Gremlin Leader","floor":29,"turns":6},{"damage":5,"enemies":"Cultist and Chosen","floor":31,"turns":5},{"damage":31,"enemies":"Collector","floor":33,"turns":8},{"damage":26,"enemies":"3 Shapes","floor":35,"turns":3},{"damage":0,"enemies":"Orb Walker","floor":36,"turns":3},{"damage":51,"enemies":"Transient","floor":38,"turns":5},{"damage":15,"enemies":"Reptomancer","floor":39,"turns":4},{"damage":50,"enemies":"2 Orb Walkers","floor":42,"turns":3},{"damage":0,"enemies":"Maw","floor":46,"turns":7},{"damage":45,"enemies":"4 Shapes","floor":48,"turns":3},{"damage":62,"enemies":"Awakened One","floor":50,"turns":7}],"seed_played":"4502630695669243645","potions_obtained":[{"floor":1,"key":"SteroidPotion"},{"floor":6,"key":"GamblersBrew"},{"floor":14,"key":"SkillPotion"},{"floor":16,"key":"Swift Potion"},{"floor":20,"key":"LiquidBronze"},{"floor":22,"key":"Explosive Potion"},{"floor":29,"key":"Ancient Potion"},{"floor":33,"key":"Energy Potion"},{"floor":35,"key":"LiquidBronze"},{"floor":36,"key":"EssenceOfSteel"}],"is_trial":false,"path_per_floor":["M","?","?","M","?","M","R","?","T","R","$","M","M","E","R","B",null,"M","?","M","M","M","E","R","M","T","?","R","E","R","M","R","B",null,"M","M","$","M","M","R","?","E","T","?","R","M","?","M","R"],"character_chosen":"DEFECT","items_purchased":["Apotheosis","Sweeping Beam","Runic Capacitor","Pear","Regen Potion"],"campfire_rested":7,"item_purchase_floors":[11,11,37,37,37],"current_hp_per_floor":[68,68,68,70,70,58,58,58,58,58,58,58,58,36,36,39,75,67,67,63,49,49,26,48,24,24,24,39,31,46,47,52,30,52,31,34,44,34,39,57,57,19,19,19,37,55,55,27,45,0],"gold":105,"neow_bonus":"","is_prod":false,"is_daily":false,"chose_seed":false,"campfire_upgraded":3,"win_rate":0,"timestamp":1536785255,"path_taken":["M","?","?","?","?","M","R","?","T","R","?","M","M","E","R","BOSS","M","?","M","?","M","E","R","M","T","?","R","E","R","M","R","BOSS","M","M","$","M","M","R","?","E","T","?","R","?","?","M","R","BOSS"],"build_version":"2018-09-06","purchased_purges":1,"victory":false,"max_hp_per_floor":[75,75,75,75,75,75,75,75,75,75,75,75,75,75,75,75,75,75,75,75,75,75,75,75,75,75,52,52,52,52,52,52,52,52,52,52,62,62,62,62,62,62,62,62,62,62,62,62,62,62],"card_choices":[{"not_picked":["Rip and Tear","Tempest"],"picked":"White Noise","floor":1},{"not_picked":["Barrage","Coolheaded"],"picked":"Glacier","floor":4},{"not_picked":["Double Energy","FTL"],"picked":"Ball Lightning","floor":6},{"not_picked":["Beam Cell","Barrage"],"picked":"Coolheaded","floor":12},{"not_picked":["Conserve Battery","Ball Lightning"],"picked":"Sweeping Beam","floor":13},{"not_picked":["Redo","Steam"],"picked":"Sunder","floor":14},{"not_picked":["Machine Learning+1","Buffer+1"],"picked":"Echo Form+1","floor":16},{"not_picked":["Turbo","Beam Cell+1"],"picked":"Static Discharge+1","floor":18},{"not_picked":["Rip and Tear","Rebound"],"picked":"Hologram+1","floor":20},{"not_picked":["Stack","Barrage+1"],"picked":"Cold Snap","floor":21},{"not_picked":["Double Energy","Stack+1"],"picked":"Beam Cell","floor":22},{"not_picked":["Fusion+1","Reinforced Body"],"picked":"Seek","floor":23},{"not_picked":["Stack","Barrage"],"picked":"Tempest","floor":25},{"not_picked":["Chaos+1","Doom and Gloom"],"picked":"Blizzard+1","floor":29},{"not_picked":["Rebound","Scrape+1"],"picked":"Hello World+1","floor":31},{"not_picked":["Amplify","Meteor Strike"],"picked":"Electrodynamics+1","floor":33},{"not_picked":["Beam Cell+1","Scrape"],"picked":"Glacier+1","floor":34},{"not_picked":["Barrage","Conserve Battery+1"],"picked":"Hello World+1","floor":34},{"not_picked":["Turbo","Cold Snap"],"picked":"Coolheaded+1","floor":34},{"not_picked":["Tempest","Barrage"],"picked":"Turbo","floor":34},{"not_picked":["Streamline","BootSequence"],"picked":"White Noise","floor":34},{"not_picked":["Barrage+1","Beam Cell"],"picked":"Redo+1","floor":35},{"not_picked":["Turbo","Genetic Algorithm"],"picked":"Creative AI+1","floor":36},{"not_picked":["Reinforced Body+1","Leap"],"picked":"Stack+1","floor":38},{"not_picked":["Recycle+1","Auto Shields"],"picked":"Conserve Battery","floor":39},{"not_picked":["Deep Breath","Jack Of All Trades"],"picked":"Sadistic Nature+1","floor":41},{"not_picked":["Conserve Battery","Rip and Tear"],"picked":"Leap+1","floor":42},{"not_picked":["Turbo","Steam Power+1"],"picked":"Consume+1","floor":46},{"not_picked":["Barrage+1","Ball Lightning+1"],"picked":"White Noise","floor":48}],"player_experience":139691,"relics_obtained":[{"floor":9,"key":"Happy Flower"},{"floor":14,"key":"Potion Belt"},{"floor":23,"key":"Shuriken"},{"floor":26,"key":"Dodecahedron"},{"floor":29,"key":"Meat on the Bone"},{"floor":42,"key":"Orichalcum"},{"floor":43,"key":"Molten Egg 2"}],"event_choices":[{"event_name":"WeMeetAgain","player_choice":"Potion","floor":2,"damage_taken":0},{"event_name":"Big Fish","player_choice":"Box","floor":3,"damage_taken":0},{"event_name":"Liars Game","player_choice":"agreed","floor":5,"damage_taken":0},{"event_name":"The Cleric","player_choice":"Card Removal","floor":8,"damage_taken":0},{"event_name":"Drug Dealer","player_choice":"Inject Mutagens","floor":19,"damage_taken":0},{"event_name":"Vampires","player_choice":"Became a vampire","floor":27,"damage_taken":0},{"event_name":"SensoryStone","player_choice":"Memory 1","floor":41,"damage_taken":0},{"event_name":"Mysterious Sphere","player_choice":"Ignore","floor":44,"damage_taken":0},{"event_name":"Falling","player_choice":"Removed Attack","floor":47,"damage_taken":0}],"is_beta":false,"boss_relics":[{"not_picked":["White Beast Statue","Runic Pyramid"],"picked":"Nuclear Battery"},{"not_picked":["Snecko Eye","Pandora\u0027s Box"],"picked":"Orrery"}],"items_purged_floors":[11],"is_endless":false,"potions_floor_spawned":[1,6,14,16,20,22,29,33,35,36],"killed_by":"Awakened One","ascension_level":3}