{"path_per_floor":["M","M","$","M","?","R","E","M","T","?","M","$","M","?","R","B",null,"M","?","$","?","M","E","M","M","T","E","M","M","R","$","R"],"character_chosen":"IRONCLAD","items_purchased":["Heavy Blade","Block Potion","Flex","Weak Potion"],"gold_per_floor":[113,132,57,67,67,67,98,122,122,122,141,38,62,42,42,173,173,194,194,45,45,61,101,121,137,137,170,189,207,207,30,30,30],"floor_reached":33,"campfire_rested":1,"playtime":2769,"current_hp_per_floor":[80,74,74,69,69,69,59,55,55,55,48,48,45,45,45,11,80,62,56,56,56,56,42,32,33,33,19,26,32,32,32,48,0],"items_purged":["Defend_R","Injury","Defend_R"],"gold":30,"score":315,"play_id":"f811ca6e-38ec-474e-9f86-d13b3cc0ee99","local_time":"20180323100854","is_prod":false,"is_daily":false,"is_ascension_mode":false,"campfire_upgraded":3,"timestamp":1521796134,"path_taken":["M","M","?","M","?","R","E","M","T","?","?","$","M","?","R","BOSS","M","?","$","?","M","E","M","M","T","E","M","M","R","$","R","BOSS"],"build_version":"2018-03-22","purchased_purges":4,"victory":false,"master_deck":["Defend_R","Bash+1","Spot Weakness+1","Battle Trance+1","Headbutt","Pummel","Hemokinesis","Battle Trance","Heavy Blade","Heavy Blade","Clash","Berserk+1","Twin Strike+1","Bite","Bite","Bite","Bite","Bite","Flex","Carnage","Intimidate","Pommel Strike+1","Inflame+1","Clumsy","Seeing Red+1","Headbutt","Thunderclap+1"],"max_hp_per_floor":[80,80,80,80,80,80,80,80,80,80,80,80,80,80,80,80,80,80,56,56,56,56,56,56,56,56,56,56,56,56,56,56,56],"relics":["Burning Blood","Golden Idol","Ice Cream","Torii","Cursed Key","Happy Flower","Bag of Marbles","Oddly Smooth Stone"],"card_choices":[{"not_picked":["Carnage","Hemokinesis"],"picked":"Spot Weakness","floor":1},{"not_picked":["Entrench","Armaments"],"picked":"Battle Trance","floor":2},{"not_picked":["Cleave","Thunderclap"],"picked":"Headbutt","floor":4},{"not_picked":["Flex","Power Through"],"picked":"Pummel","floor":7},{"not_picked":["Perfected Strike","Combust"],"picked":"Hemokinesis","floor":8},{"not_picked":["Sword Boomerang","Inflame"],"picked":"Heavy Blade","floor":11},{"not_picked":["True Grit","Uppercut"],"picked":"Clash","floor":13},{"not_picked":["Bludgeon","Demon Form"],"picked":"Berserk","floor":16},{"not_picked":["Anger","Power Through"],"picked":"Twin Strike","floor":18},{"not_picked":["Second Wind","Shrug It Off"],"picked":"Carnage","floor":22},{"not_picked":["Fire Breathing","Sever Soul"],"picked":"Intimidate","floor":23},{"not_picked":["Thunderclap","Cleave"],"picked":"Pommel Strike","floor":24},{"not_picked":["Warcry","Perfected Strike"],"picked":"Inflame","floor":25},{"not_picked":["Shrug It Off","Heavy Blade"],"picked":"Seeing Red","floor":27},{"not_picked":["Shrug It Off","Fire Breathing"],"picked":"Headbutt","floor":28},{"not_picked":["Warcry","Anger"],"picked":"Thunderclap","floor":29}],"player_experience":25165,"potions_floor_usage":[7,7,16,16,16,27,28,33],"damage_taken":[{"damage":1,"enemies":"Cultist","floor":1,"turns":3},{"damage":12,"enemies":"Small Slimes","floor":2,"turns":4},{"damage":11,"enemies":"Jaw Worm","floor":4,"turns":3},{"damage":16,"enemies":"3 Sentries","floor":7,"turns":4},{"damage":10,"enemies":"Looter","floor":8,"turns":2},{"damage":13,"enemies":"2 Fungi Beasts","floor":11,"turns":3},{"damage":9,"enemies":"Gremlin Gang","floor":13,"turns":5},{"damage":55,"enemies":"Slime Boss","floor":16,"turns":11},{"damage":24,"enemies":"Chosen","floor":18,"turns":4},{"damage":9,"enemies":"3 Byrds","floor":22,"turns":4},{"damage":22,"enemies":"Book of Stabbing","floor":23,"turns":3},{"damage":20,"enemies":"Centurion and Healer","floor":24,"turns":3},{"damage":13,"enemies":"Chosen and Byrds","floor":25,"turns":3},{"damage":30,"enemies":"Slavers","floor":27,"turns":4},{"damage":5,"enemies":"3 Cultists","floor":28,"turns":4},{"damage":0,"enemies":"Snake Plant","floor":29,"turns":1},{"damage":58,"enemies":"Champ","floor":33,"turns":6}],"event_choices":[{"event_name":"Golden Idol","player_choice":"Take Wound","floor":5,"damage_taken":0},{"event_name":"Living Wall","player_choice":"Change","floor":10,"damage_taken":0},{"event_name":"The Woman in Blue","player_choice":"Bought 1 Potion","floor":14,"damage_taken":0},{"event_name":"Vampires","player_choice":"Became a vampire","floor":19,"damage_taken":0},{"event_name":"Beggar","player_choice":"Ignored","floor":21,"damage_taken":0}],"boss_relics":[{"not_picked":["Runic Cube","Snecko Eye"],"picked":"Cursed Key"}],"potions_floor_spawned":[1,2,8,11,23,25,29],"seed_played":"-6749860108103326946","killed_by":"Champ","ascension_level":0,"is_trial":false}