{"gold_per_floor":[114,43,58,58,73,73,88,103,153,183,183,198,213,228,228,328,328,343,354,369,384,399,414,414],"floor_reached":24,"playtime":1362,"items_purged":[],"score":256,"play_id":"2289f5df-8839-4d36-8359-03be3bdec634","local_time":"20180705165409","daily_mods":["Specialized","Uncertain Future","Terminal"],"is_ascension_mode":false,"campfire_choices":[{"data":"Capacitor","floor":6,"key":"SMITH"},{"floor":15,"key":"REST"}],"neow_cost":"","seed_source_timestamp":0,"circlet_count":0,"master_deck":["Strike_B","Strike_B","Strike_B","Strike_B","Defend_B+1","Defend_B","Defend_B+1","Defend_B","Zap","Dualcast","Rainbow","Rainbow","Rainbow","Rainbow","Rainbow","Go for the Eyes","Capacitor+1","Streamline","Compile Driver","Beam Cell","Tempest","Barrage","Ball Lightning","Ball Lightning","Fission","Blizzard+1","Leap","Barrage","Leap"],"special_seed":17717,"relics":["Cracked Core","Omamori","Mango","Lizard Tail","Red Mask"],"potions_floor_usage":[10,14,16,16,20,20,21,23],"damage_taken":[{"damage":0,"enemies":"Cultist","floor":1,"turns":3},{"damage":0,"enemies":"2 Louse","floor":3,"turns":2},{"damage":0,"enemies":"Jaw Worm","floor":5,"turns":2},{"damage":0,"enemies":"Exordium Thugs","floor":7,"turns":5},{"damage":0,"enemies":"Large Slime","floor":8,"turns":4},{"damage":0,"enemies":"3 Sentries","floor":10,"turns":6},{"damage":16,"enemies":"Gremlin Gang","floor":12,"turns":5},{"damage":0,"enemies":"3 Louse","floor":13,"turns":2},{"damage":4,"enemies":"Lots of Slimes","floor":14,"turns":3},{"damage":15,"enemies":"Hexaghost","floor":16,"turns":7},{"damage":7,"enemies":"Spheric Guardian","floor":18,"turns":4},{"damage":47,"floor":19,"turns":5},{"damage":0,"enemies":"Chosen","floor":20,"turns":4},{"damage":31,"enemies":"Slaver and Parasite","floor":21,"turns":10},{"damage":8,"enemies":"Centurion and Healer","floor":22,"turns":7},{"damage":3,"enemies":"Snecko","floor":23,"turns":4},{"damage":20,"enemies":"Sentry and Sphere","floor":24,"turns":5}],"seed_played":"-5958423263724567793","potions_obtained":[{"floor":3,"key":"Block Potion"},{"floor":10,"key":"Ancient Potion"},{"floor":12,"key":"Fire Potion"},{"floor":13,"key":"Weak Potion"},{"floor":14,"key":"Swift Potion"},{"floor":16,"key":"EntropicBrew"},{"floor":20,"key":"SteroidPotion"},{"floor":22,"key":"Swift Potion"}],"is_trial":false,"path_per_floor":["M","$","M","$","M","R","M","M","T","E","?","M","M","M","R","B",null,"M","?","M","M","M","M"],"character_chosen":"DEFECT","items_purchased":["Capacitor"],"campfire_rested":1,"item_purchase_floors":[2],"current_hp_per_floor":[73,72,71,70,69,68,67,66,65,78,62,46,46,42,64,49,71,64,17,17,25,17,14,0],"gold":414,"neow_bonus":"","is_prod":false,"is_daily":true,"chose_seed":false,"campfire_upgraded":1,"win_rate":0,"timestamp":1530834849,"path_taken":["M","$","M","?","M","R","M","M","T","E","?","?","M","M","R","BOSS","M","?","M","M","?","M","M"],"build_version":"2018-06-28","purchased_purges":0,"victory":false,"max_hp_per_floor":[73,72,71,70,69,68,67,66,65,78,77,76,75,74,73,72,71,70,69,68,67,66,65,65],"card_choices":[{"not_picked":["Storm","Reinforced Body"],"picked":"Go for the Eyes","floor":1},{"not_picked":["Heatsinks","Coolheaded"],"picked":"Streamline","floor":3},{"not_picked":["Sweeping Beam","Rip and Tear"],"picked":"Compile Driver","floor":5},{"not_picked":["Hologram","Rebound"],"picked":"Beam Cell","floor":7},{"not_picked":["Thunder Strike","Hologram"],"picked":"Tempest","floor":8},{"not_picked":["Recycle","Multi-Cast","FTL"],"picked":"SKIP","floor":10},{"not_picked":["Sweeping Beam","Streamline"],"picked":"Barrage","floor":12},{"not_picked":["Rebound","Gash"],"picked":"Ball Lightning","floor":13},{"not_picked":["Sweeping Beam","Streamline"],"picked":"Ball Lightning","floor":14},{"not_picked":["Biased Cognition","Buffer"],"picked":"Fission","floor":16},{"not_picked":["Gash","Stack"],"picked":"Blizzard+1","floor":18},{"not_picked":["Aggregate+1","Doom and Gloom+1"],"picked":"Leap","floor":20},{"not_picked":["Auto Shields+1","Reprogram","Steam"],"picked":"SKIP","floor":21},{"not_picked":["Heatsinks","Beam Cell"],"picked":"Barrage","floor":22},{"not_picked":["FTL","Reinforced Body"],"picked":"Leap","floor":23}],"player_experience":350778,"relics_obtained":[{"floor":9,"key":"Omamori"},{"floor":10,"key":"Mango"},{"floor":19,"key":"Red Mask"}],"event_choices":[{"event_name":"Shining Light","player_choice":"Entered Light","floor":11,"damage_taken":0},{"event_name":"Masked Bandits","player_choice":"Fought over 343 gold","floor":19,"damage_taken":0}],"boss_relics":[{"not_picked":["Runic Pyramid","White Beast Statue"],"picked":"Lizard Tail"}],"items_purged_floors":[],"is_endless":false,"potions_floor_spawned":[3,10,12,13,14,16,20,22],"killed_by":"Sentry and Sphere","ascension_level":0}