{"gold_per_floor":[110,30,0,0,15,15,26,26,26,43,63,74,74,93,93,170,170,186,33,33,33,52,52,66,86,140,150,165,165,165,90,90,90],"floor_reached":33,"playtime":2011,"items_purged":[],"score":410,"play_id":"9ac14741-9504-4f88-b735-482c40176ea4","local_time":"20180922095921","is_ascension_mode":true,"campfire_choices":[{"data":"Zap","floor":6,"key":"SMITH"},{"data":"Consume","floor":8,"key":"SMITH"},{"data":"Dualcast","floor":13,"key":"SMITH"},{"floor":15,"key":"REST"},{"floor":23,"key":"REST"},{"floor":30,"key":"REST"},{"data":"Rainbow","floor":32,"key":"SMITH"}],"neow_cost":"","seed_source_timestamp":593462096139123,"circlet_count":0,"master_deck":["Strike_B","Strike_B","Defend_B","Defend_B","Defend_B","Zap+1","Dualcast+1","AscendersBane","Consume+1","FTL","Cold Snap","Rainbow+1","Glacier","Ball Lightning","White Noise+1"],"relics":["Cracked Core","FossilizedHelix","Velvet Choker","Regal Pillow","Nilry\u0027s Codex","Tiny Chest"],"potions_floor_usage":[10,12,16,16,22,28],"damage_taken":[{"damage":0,"enemies":"Small Slimes","floor":1,"turns":3},{"damage":7,"enemies":"Jaw Worm","floor":5,"turns":3},{"damage":2,"enemies":"2 Louse","floor":7,"turns":3},{"damage":0,"enemies":"Gremlin Gang","floor":10,"turns":1},{"damage":8,"enemies":"Blue Slaver","floor":11,"turns":4},{"damage":0,"enemies":"Red Slaver","floor":12,"turns":3},{"damage":6,"enemies":"Looter","floor":14,"turns":3},{"damage":47,"enemies":"Hexaghost","floor":16,"turns":11},{"damage":8,"enemies":"3 Byrds","floor":18,"turns":5},{"damage":15,"enemies":"2 Thieves","floor":22,"turns":3},{"damage":15,"enemies":"Shelled Parasite and Fungi","floor":24,"turns":5},{"damage":0,"enemies":"Snecko","floor":25,"turns":5},{"damage":0,"enemies":"Centurion and Healer","floor":27,"turns":13},{"damage":0,"enemies":"Snake Plant","floor":28,"turns":4},{"damage":100,"enemies":"Champ","floor":33,"turns":13}],"seed_played":"-6822888353841097432","potions_obtained":[{"floor":5,"key":"AttackPotion"},{"floor":10,"key":"Swift Potion"},{"floor":11,"key":"FearPotion"},{"floor":12,"key":"Strength Potion"},{"floor":18,"key":"Dexterity Potion"},{"floor":24,"key":"Energy Potion"},{"floor":27,"key":"Explosive Potion"}],"is_trial":false,"path_per_floor":["M","$","?","?","M","R","M","R","T","M","M","M","R","M","R","B",null,"M","$","?","?","M","R","M","M","T","M","M","?","R","?","R"],"character_chosen":"DEFECT","items_purchased":["Consume","Regal Pillow"],"campfire_rested":3,"item_purchase_floors":[2,19],"current_hp_per_floor":[64,64,64,64,57,57,55,55,55,55,47,47,47,41,62,15,57,49,49,49,33,18,54,39,39,39,46,46,46,71,71,71,0],"gold":90,"neow_bonus":"","is_prod":false,"is_daily":false,"chose_seed":false,"campfire_upgraded":4,"win_rate":0,"timestamp":1537603161,"path_taken":["M","$","?","?","M","R","M","R","T","M","M","M","R","M","R","BOSS","M","$","?","?","M","R","M","?","T","M","M","?","R","?","R","BOSS"],"build_version":"2018-09-20","purchased_purges":0,"victory":false,"max_hp_per_floor":[71,71,71,71,71,71,71,71,71,71,71,71,71,71,71,71,71,71,71,71,71,71,71,71,71,71,71,71,71,71,71,71,71],"card_choices":[{"not_picked":["Gash","Beam Cell","Hologram"],"picked":"SKIP","floor":1},{"not_picked":["Go for the Eyes","Leap","Fission"],"picked":"SKIP","floor":5},{"not_picked":["Gash","Coolheaded","Hologram"],"picked":"SKIP","floor":7},{"not_picked":["Fusion","Conserve Battery","Coolheaded"],"picked":"SKIP","floor":10},{"not_picked":["Steam Power","Rebound","Leap"],"picked":"SKIP","floor":11},{"not_picked":["Genetic Algorithm","Tempest"],"picked":"FTL","floor":12},{"not_picked":["Turbo","Ball Lightning"],"picked":"Cold Snap","floor":14},{"not_picked":["Creative AI","Core Surge"],"picked":"Rainbow","floor":16},{"not_picked":["Stack","Double Energy"],"picked":"Glacier","floor":18},{"not_picked":["Compile Driver","Sweeping Beam","Barrage"],"picked":"SKIP","floor":22},{"not_picked":["Cold Snap","White Noise"],"picked":"Ball Lightning","floor":24},{"not_picked":["Static Discharge","Sweeping Beam+1","Hologram"],"picked":"SKIP","floor":25},{"not_picked":["Beam Cell","Barrage","Gash"],"picked":"SKIP","floor":27},{"not_picked":["Gash","Stack"],"picked":"White Noise+1","floor":28}],"player_experience":528292,"relics_obtained":[{"floor":9,"key":"FossilizedHelix"},{"floor":21,"key":"Nilry\u0027s Codex"},{"floor":26,"key":"Tiny Chest"}],"event_choices":[{"event_name":"World of Goop","player_choice":"Left","floor":3,"damage_taken":0},{"event_name":"Bonfire Elementals","player_choice":"BASIC","floor":4,"damage_taken":0},{"event_name":"Purifier","player_choice":"One Purge","floor":20,"damage_taken":0},{"event_name":"Cursed Tome","player_choice":"Obtained Book","floor":21,"damage_taken":0},{"event_name":"N\u0027loth","player_choice":"Ignored","floor":29,"damage_taken":0},{"event_name":"Beggar","player_choice":"Gave Gold","floor":31,"damage_taken":0}],"is_beta":false,"boss_relics":[{"not_picked":["Philosopher\u0027s Stone","Runic Pyramid"],"picked":"Velvet Choker"}],"items_purged_floors":[],"is_endless":false,"potions_floor_spawned":[5,10,11,12,18,24,27],"killed_by":"Champ","ascension_level":14}