{"path_per_floor":["M","?","M","M","?","R","M","E","T","R","?","M","$","M","R","B",null,"M","?","M","?","M","R","M","R","T","?","R","?","R","E","R"],"character_chosen":"DEFECT","items_purchased":["Darkness"],"gold_per_floor":[16,16,34,46,46,46,66,92,119,119,119,139,30,48,48,150,150,161,161,171,206,223,223,237,237,317,317,317,317,317,351,351,351],"floor_reached":33,"campfire_rested":2,"playtime":1436,"current_hp_per_floor":[74,79,79,71,71,71,63,55,55,55,39,39,39,39,39,17,80,80,80,66,36,33,33,24,24,24,24,24,9,34,7,32,0],"items_purged":["Strike_B"],"gold":351,"score":265,"play_id":"843efb0f-cdd2-4636-b242-16da7c9be276","local_time":"20180514214946","is_prod":false,"is_daily":false,"chose_seed":false,"is_ascension_mode":false,"campfire_upgraded":6,"timestamp":1526359786,"path_taken":["M","?","M","?","?","R","M","E","T","R","?","M","$","M","R","BOSS","M","?","M","?","M","R","M","R","T","?","R","?","R","E","R","BOSS"],"build_version":"2018-05-12v2","seed_source_timestamp":93778418744953,"purchased_purges":1,"victory":false,"master_deck":["Strike_B","Strike_B","Strike_B","Defend_B","Defend_B","Defend_B","Defend_B","Zap+1","Dualcast+1","Seek+1","Loop+1","Ball Lightning+1","Undo","Static Discharge+1","Impulse","Barrage","Darkness+1","Cold Snap","Electrodynamics+1","Redo","Reinforced Body+1","Capacitor","Capacitor+1","Static Discharge+1","Conserve Battery"],"max_hp_per_floor":[75,80,80,80,80,80,80,80,80,80,80,80,80,80,80,80,80,80,80,80,80,80,80,80,80,80,80,80,85,85,85,85,85],"relics":["Cracked Core","Juzu Bracelet","Oddly Smooth Stone","Black Star","Red Mask","Matryoshka","Blood Vial","War Paint"],"card_choices":[{"not_picked":["All For One","Fission"],"picked":"Seek","floor":0},{"not_picked":["Axe Kick","Stack"],"picked":"Loop","floor":1},{"not_picked":["Leap","Sunder"],"picked":"Ball Lightning","floor":3},{"not_picked":["White Noise","Barrage"],"picked":"Undo","floor":4},{"not_picked":["Darkness","Heatsinks"],"picked":"Static Discharge","floor":7},{"not_picked":["Echo Form","Streamline"],"picked":"Impulse","floor":8},{"not_picked":["Go for the Eyes","Skim"],"picked":"Barrage","floor":12},{"not_picked":["Lockon","Go for the Eyes"],"picked":"Cold Snap","floor":14},{"not_picked":["Amplify","Machine Learning"],"picked":"Electrodynamics","floor":16},{"not_picked":["Hello World","Skim"],"picked":"Redo","floor":18},{"not_picked":["Doom and Gloom","Turbo"],"picked":"Reinforced Body","floor":20},{"not_picked":["Beam Cell","Genetic Algorithm+1"],"picked":"Capacitor","floor":21},{"not_picked":["Skim","Reprogram"],"picked":"Capacitor+1","floor":22},{"not_picked":["Cold Snap","Streamline"],"picked":"Static Discharge","floor":24},{"not_picked":["Ball Lightning","Rebound"],"picked":"Conserve Battery","floor":31}],"player_experience":87330,"potions_floor_usage":[8,16,22,22,24,24,31],"damage_taken":[{"damage":1,"enemies":"Cultist","floor":1,"turns":3},{"damage":0,"enemies":"Small Slimes","floor":3,"turns":3},{"damage":8,"enemies":"Jaw Worm","floor":4,"turns":3},{"damage":8,"enemies":"2 Fungi Beasts","floor":7,"turns":3},{"damage":21,"enemies":"Lagavulin","floor":8,"turns":6},{"damage":0,"enemies":"3 Louse","floor":12,"turns":2},{"damage":0,"enemies":"Large Slime","floor":14,"turns":4},{"damage":22,"enemies":"Hexaghost","floor":16,"turns":5},{"damage":0,"enemies":"Spheric Guardian","floor":18,"turns":3},{"damage":14,"enemies":"Shell Parasite","floor":20,"turns":4},{"damage":47,"enemies":"Masked Bandits","floor":21,"turns":4},{"damage":24,"enemies":"Centurion and Healer","floor":22,"turns":6},{"damage":9,"enemies":"Snake Plant","floor":24,"turns":4},{"damage":50,"enemies":"Slavers","floor":31,"turns":3},{"damage":55,"enemies":"Collector","floor":33,"turns":5}],"event_choices":[{"event_name":"Big Fish","player_choice":"Donut","floor":2,"damage_taken":0},{"event_name":"The Cleric","player_choice":"Leave","floor":5,"damage_taken":0},{"event_name":"Shining Light","player_choice":"Entered Light","floor":11,"damage_taken":0},{"event_name":"Ghosts","player_choice":"Ignored","floor":19,"damage_taken":0},{"event_name":"Masked Bandits","player_choice":"Fought over 171 gold","floor":21,"damage_taken":0},{"event_name":"Cursed Tome","player_choice":"Ignored","floor":27,"damage_taken":0},{"event_name":"Forgotten Altar","player_choice":"Shed Blood","floor":29,"damage_taken":0}],"boss_relics":[{"not_picked":["Velvet Choker","Eternal Feather"],"picked":"Black Star"}],"potions_floor_spawned":[4,7,8,12,18,21,22,24],"seed_played":"1154926049575772097","killed_by":"Collector","ascension_level":0,"is_trial":false}