{"path_per_floor":["M","M","?","$","M","E","R","E","T","R","M","M","E","$","R","B",null,"M","?","M","?"],"character_chosen":"IRONCLAD","items_purchased":["Tiny Chest","Battle Trance","Anchor"],"gold_per_floor":[116,133,113,38,57,83,83,109,409,409,424,436,463,29,29,130,130,148,148,162,87],"floor_reached":22,"campfire_rested":0,"playtime":1982,"current_hp_per_floor":[95,95,95,95,96,77,77,81,81,81,79,76,65,65,65,50,114,95,95,39,39],"items_purged":["Writhe","Strike_R"],"gold":87,"score":274,"play_id":"a1d97130-d26b-4bd0-a6e2-cbca3179071e","is_prod":false,"is_daily":false,"is_ascension_mode":true,"campfire_upgraded":3,"path_taken":["M","M","?","$","M","E","R","E","T","R","M","M","E","$","R","BOSS","M","?","M","?","?"],"build_version":"2018-02-15-PROD1","purchased_purges":2,"victory":false,"master_deck":["Strike_R","Strike_R","Strike_R","Defend_R","Defend_R","Defend_R","Defend_R","Bash","Thunderclap","Cleave","Feed+1","Rage+1","Feel No Pain","Wild Strike","Battle Trance","Demon Form+1","Disarm","Battle Trance","Juggernaut","Fire Breathing+1","Shrug It Off","Twin Strike"],"max_hp_per_floor":[96,96,96,96,96,99,99,102,102,102,106,106,110,110,110,114,114,118,118,118,118],"relics":["Burning Blood","Pantograph","Prayer Wheel","Old Coin","Dodecahedron","Tiny Chest","Anchor","Eternal Feather"],"card_choices":[{"not_picked":["Clothesline","Corruption"],"picked":"Thunderclap"},{"not_picked":["Heavy Blade","Clothesline"],"picked":"Cleave"},{"not_picked":["Dual Wield","Warcry"],"picked":"Feed"},{"not_picked":["Whirlwind","True Grit"],"picked":"Rage"},{"not_picked":["Anger","Seeing Red"],"picked":"Feel No Pain"},{"not_picked":["Perfected Strike","Thunderclap"],"picked":"Wild Strike"},{"not_picked":["Perfected Strike","Pommel Strike"],"picked":"Battle Trance"},{"not_picked":["Headbutt","Corruption"],"picked":"Demon Form"},{"not_picked":["Corruption","Reckless Charge"],"picked":"Disarm"},{"not_picked":["Fiend Fire","Dark Embrace"],"picked":"Juggernaut"},{"not_picked":["Clothesline","Wild Strike"],"picked":"Fire Breathing"},{"not_picked":["Anger","Juggernaut"],"picked":"Twin Strike"}],"player_experience":139239,"potions_floor_usage":[8,16,16,20,20],"damage_taken":[{"damage":7,"enemies":"Jaw Worm","floor":1,"turns":3},{"damage":6,"enemies":"Cultist","floor":2,"turns":3},{"damage":3,"enemies":"2 Louse","floor":5,"turns":2},{"damage":28,"enemies":"Gremlin Nob","floor":6,"turns":4},{"damage":20,"enemies":"3 Sentries","floor":8,"turns":9},{"damage":12,"enemies":"Exordium Wildlife","floor":11,"turns":3},{"damage":9,"enemies":"Blue Slaver","floor":12,"turns":6},{"damage":21,"enemies":"Lagavulin","floor":13,"turns":7},{"damage":50,"enemies":"Hexaghost","floor":16,"turns":9},{"damage":29,"enemies":"2 Thieves","floor":18,"turns":4},{"damage":62,"enemies":"3 Byrds","floor":20,"turns":6},{"damage":47,"enemies":"Snecko","floor":22,"turns":4}],"event_choices":[{"event_name":"The Woman in Blue","player_choice":"Bought 1 Potion","floor":3,"damage_taken":0},{"event_name":"The Library","player_choice":"Read","floor":19,"damage_taken":0},{"event_name":"Beggar","player_choice":"Gave Gold","floor":21,"damage_taken":0}],"boss_relics":[{"not_picked":["Velvet Choker","Snecko Eye"],"picked":"Eternal Feather"}],"potions_floor_spawned":[1,2,13,18],"seed_played":"6194180337917855168","killed_by":"Snecko","ascension_level":2,"is_trial":false}