{"path_per_floor":["M","M","M","?","?","E","?","M","T","M","R","E","?","M","R","B",null,"M","M","?","?","$","R","?","R","T","E","$","M","M","E","R","B",null,"M","$","M","?","?","R","M","R","T","E","M","M","$","?","R"],"character_chosen":"IRONCLAD","items_purchased":["Thread and Needle","Bag of Preparation"],"gold_per_floor":[16,26,40,40,40,65,140,154,154,171,171,203,203,219,219,323,323,335,345,345,345,270,270,270,270,295,323,28,43,63,98,98,197,197,210,110,128,128,128,128,141,141,168,199,210,226,73,73,73],"floor_reached":50,"campfire_rested":4,"playtime":4771,"current_hp_per_floor":[96,91,94,94,75,47,36,42,42,40,68,52,52,48,76,57,96,99,93,77,99,99,99,99,99,99,80,80,85,63,51,84,34,111,114,114,114,100,100,100,76,76,76,23,41,58,58,58,96],"items_purged":["Strike_R","Strike_R"],"gold":73,"score":545,"play_id":"cdd4fcad-eef5-4d11-b2d3-9fd1038e9fbf","is_prod":false,"is_daily":false,"is_ascension_mode":false,"campfire_upgraded":4,"path_taken":["M","M","M","?","?","E","?","M","T","M","R","E","?","?","R","BOSS","M","M","?","?","$","R","?","R","T","E","$","?","M","E","R","BOSS","M","?","M","?","?","R","M","R","T","E","M","M","$","?","R","BOSS"],"build_version":"2018-02-12-PROD1","purchased_purges":2,"victory":false,"master_deck":["Strike_R","Defend_R","Defend_R","Defend_R+1","Defend_R+1","Bash","Inflame","Shrug It Off","Cleave","Bludgeon","Armaments+1","Fire Breathing+1","Flex+1","Feed+1","Shrug It Off+1","Warcry+1","Brutality+1","Rage+1","Metallicize+1","Feed","Inflame+1","Madness+1","Madness","Shockwave+1","Barricade+1","Burning Pact","Twin Strike","Immolate"],"max_hp_per_floor":[96,96,96,96,96,96,96,96,96,96,96,96,96,96,96,96,96,99,99,99,99,99,99,99,99,99,99,99,103,107,111,111,111,111,114,114,114,114,114,114,118,118,118,122,126,129,129,129,129],"relics":["Burning Blood","Bronze Scales","Bottled Tornado","Frozen Egg 2","Velvet Choker","Nilry\u0027s Codex","Pen Nib","Bottled Lightning","Thread and Needle","Bird Faced Urn","White Beast Statue","Prayer Wheel","Dodecahedron","Bag of Preparation"],"card_choices":[{"not_picked":["Perfected Strike","Pummel"],"picked":"Inflame"},{"not_picked":["Clash","Uppercut"],"picked":"Shrug It Off"},{"not_picked":["Hemokinesis","Sword Boomerang"],"picked":"Cleave"},{"not_picked":["Brutality","Combust"],"picked":"Armaments"},{"not_picked":["Anger","Second Wind"],"picked":"Shockwave"},{"not_picked":["Wild Strike","True Grit"],"picked":"Fire Breathing"},{"not_picked":["Shrug It Off","Clothesline"],"picked":"Flex"},{"not_picked":["Impervious","Brutality"],"picked":"Feed"},{"not_picked":["Flame Barrier","Wild Strike"],"picked":"Shrug It Off"},{"not_picked":["Shrug It Off","True Grit"],"picked":"Warcry"},{"not_picked":["Dual Wield","Anger"],"picked":"Brutality"},{"not_picked":["Hemokinesis","True Grit"],"picked":"Rage"},{"not_picked":["Power Through","Dropkick"],"picked":"Metallicize"},{"not_picked":["Bludgeon","Exhume"],"picked":"Feed"},{"not_picked":["Twin Strike","Whirlwind"],"picked":"Inflame"},{"not_picked":["Shrug It Off","Bloodletting"],"picked":"Shockwave"},{"not_picked":["Intimidate","Infernal Blade"],"picked":"Barricade"},{"not_picked":["Rampage","Clothesline"],"picked":"Burning Pact"}],"player_experience":130636,"potions_floor_usage":[18,31,31,33,33,41,44,44,50],"damage_taken":[{"damage":6,"enemies":"Cultist","floor":1,"turns":3},{"damage":11,"enemies":"Small Slimes","floor":2,"turns":4},{"damage":3,"enemies":"Jaw Worm","floor":3,"turns":3},{"damage":34,"enemies":"Lagavulin","floor":6,"turns":6},{"damage":0,"enemies":"Large Slime","floor":8,"turns":4},{"damage":8,"enemies":"2 Fungi Beasts","floor":10,"turns":3},{"damage":22,"enemies":"Gremlin Nob","floor":12,"turns":5},{"damage":10,"enemies":"Looter","floor":14,"turns":2},{"damage":25,"enemies":"Slime Boss","floor":16,"turns":9},{"damage":3,"enemies":"Shell Parasite","floor":18,"turns":3},{"damage":12,"enemies":"Chosen","floor":19,"turns":6},{"damage":25,"enemies":"Book of Stabbing","floor":27,"turns":5},{"damage":5,"enemies":"3 Cultists","floor":29,"turns":6},{"damage":32,"enemies":"Cultist and Chosen","floor":30,"turns":5},{"damage":22,"enemies":"Slavers","floor":31,"turns":5},{"damage":74,"enemies":"Collector","floor":33,"turns":9},{"damage":7,"enemies":"Orb Walker","floor":35,"turns":4},{"damage":31,"enemies":"3 Darklings","floor":37,"turns":7},{"damage":46,"enemies":"4 Shapes","floor":41,"turns":5},{"damage":75,"enemies":"Nemesis","floor":44,"turns":10},{"damage":6,"enemies":"Maw","floor":45,"turns":7},{"damage":6,"enemies":"Sphere and 2 Shapes","floor":46,"turns":7},{"damage":110,"enemies":"Awakened One","floor":50,"turns":4}],"event_choices":[{"event_name":"Transmorgrifier","player_choice":"Transform","floor":4,"damage_taken":0},{"event_name":"Shining Light","player_choice":"Entered Light","floor":5,"damage_taken":0},{"event_name":"World of Goop","player_choice":"Gather Gold","floor":7,"damage_taken":0},{"event_name":"The Lab","player_choice":"Got Potions","floor":13,"damage_taken":0},{"event_name":"Cursed Tome","player_choice":"Obtained Book","floor":20,"damage_taken":0},{"event_name":"Bonfire Elementals","player_choice":"UNCOMMON","floor":21,"damage_taken":0},{"event_name":"Upgrade Shrine","player_choice":"Upgraded","floor":24,"damage_taken":0},{"event_name":"Winding Halls","player_choice":"Embrace Madness","floor":38,"damage_taken":0},{"event_name":"Match and Keep!","player_choice":"2 cards matched","floor":48,"damage_taken":0}],"boss_relics":[{"not_picked":["Eternal Feather","Philosopher\u0027s Stone"],"picked":"Velvet Choker"},{"not_picked":["Orrery","Tiny House"],"picked":"White Beast Statue"}],"potions_floor_spawned":[2,3,14,16,19,29,31,35,37,41,44,45,46],"seed_played":"-2878068548487501731","killed_by":"Awakened One","ascension_level":0,"is_trial":false}