{"path_per_floor":["M","M","M","M","M","R","E","M","T","$","M","R","?","?","R","B",null,"M","$","?","M","M","R","M","M","T","?","$","M","R","M","R","B",null,"M","$","M","M","M","R","M","R","T","M","R","M","R","$","R","B"],"character_chosen":"THE_SILENT","items_purchased":["Well Laid Plans","Toolbox","Backflip","Backflip","Well Laid Plans"],"gold_per_floor":[10,22,42,52,69,69,99,109,109,30,42,42,42,42,42,147,147,161,86,86,96,108,108,121,131,431,431,75,94,94,111,111,211,211,224,52,72,88,108,108,128,128,128,139,139,153,153,25,25,25],"floor_reached":51,"campfire_rested":5,"playtime":6411,"current_hp_per_floor":[70,65,64,49,43,43,40,40,40,40,40,40,40,40,61,49,70,70,70,70,68,53,53,44,44,44,44,44,44,44,40,61,30,70,30,30,30,30,17,38,18,39,39,39,39,31,31,31,52,13],"items_purged":["Strike_G","Regret","Strike_G"],"gold":25,"score":482,"play_id":"d4bfec01-1d93-4b4b-9eb7-a91af73ecbf1","is_prod":false,"is_daily":false,"is_ascension_mode":false,"campfire_upgraded":6,"path_taken":["M","M","M","M","M","R","E","M","T","$","M","R","?","?","R","BOSS","M","$","?","M","M","R","M","M","T","?","$","?","R","M","R","BOSS","M","$","M","M","M","R","M","R","T","M","R","M","R","$","R","BOSS"],"build_version":"2018-02-22-PROD2","purchased_purges":3,"victory":true,"master_deck":["Defend_G","Defend_G","Defend_G","Defend_G","Defend_G","Strike_G","Strike_G","Strike_G","Survivor","Neutralize+1","Flying Knee","Prepared+1","Dagger Spray","Eviscerate","Underhanded Strike","Escape Plan","Tactician","Well Laid Plans","Sucker Punch+1","Adrenaline","Deflect+1","Underhanded Strike","Infinite Blades","Malaise+1","Prepared+1","Calculated Gamble+1","Eviscerate","Quick Slash","Unload","Dash","Backflip","Flying Knee+1","Noxious Fumes+1","Dodge and Roll+1","Footwork","A Thousand Cuts+1","Backflip","Well Laid Plans"],"max_hp_per_floor":[70,70,70,70,70,70,70,70,70,70,70,70,70,70,70,70,70,70,70,70,70,70,70,70,70,70,70,70,70,70,70,70,70,70,70,70,70,70,70,70,70,70,70,70,70,70,70,70,70,70],"relics":["Ring of the Snake","Ice Cream","Kunai","Tingsha","Gambling Chip","Sozu","Old Coin","Toolbox","Lizard Tail","Frozen Eye"],"card_choices":[{"not_picked":["Underhanded Strike","Slice"],"picked":"Flying Knee"},{"not_picked":["Poisoned Stab","Distraction"],"picked":"Prepared"},{"not_picked":["Prepared","Acrobatics"],"picked":"Dagger Spray"},{"not_picked":["Flechettes","Endless Agony"],"picked":"Eviscerate"},{"not_picked":["Blur","Deflect"],"picked":"Underhanded Strike"},{"not_picked":["Sucker Punch","Quick Slash"],"picked":"Escape Plan"},{"not_picked":["Dagger Spray","Escape Plan"],"picked":"Tactician"},{"not_picked":["Deadly Poison","Dagger Spray"],"picked":"Sucker Punch"},{"not_picked":["Burst","Doppelganger"],"picked":"Adrenaline"},{"not_picked":["Masterful Stab","Malaise"],"picked":"Deflect"},{"not_picked":["Predator","Expertise"],"picked":"Underhanded Strike"},{"not_picked":["All Out Attack","Flying Knee"],"picked":"Infinite Blades"},{"not_picked":["Deflect","Flying Knee"],"picked":"Malaise"},{"not_picked":["Expertise","Acrobatics"],"picked":"Prepared"},{"not_picked":["Quick Slash","Choke"],"picked":"Eviscerate"},{"not_picked":["Blade Dance","Blur"],"picked":"Quick Slash"},{"not_picked":["Night Terror","Doppelganger"],"picked":"Unload"},{"not_picked":["Dagger Throw","PiercingWail"],"picked":"Dash"},{"not_picked":["Poisoned Stab","Dagger Spray"],"picked":"Flying Knee"},{"not_picked":["Dagger Throw","Bane"],"picked":"Noxious Fumes"},{"not_picked":["Sucker Punch","Deadly Poison"],"picked":"Dodge and Roll"},{"not_picked":["Deadly Poison","Reflex"],"picked":"Footwork"},{"not_picked":["Heel Hook","Slice"],"picked":"A Thousand Cuts"}],"player_experience":58530,"potions_floor_usage":[50,50],"damage_taken":[{"damage":0.0,"enemies":"2 Louse","floor":1.0,"turns":2.0},{"damage":5.0,"enemies":"Small Slimes","floor":2.0,"turns":4.0},{"damage":1.0,"enemies":"Cultist","floor":3.0,"turns":4.0},{"damage":15.0,"enemies":"Exordium Wildlife","floor":4.0,"turns":7.0},{"damage":6.0,"enemies":"3 Louse","floor":5.0,"turns":3.0},{"damage":3.0,"enemies":"Lagavulin","floor":7.0,"turns":7.0},{"damage":0.0,"enemies":"Blue Slaver","floor":8.0,"turns":5.0},{"damage":0.0,"enemies":"2 Fungi Beasts","floor":11.0,"turns":2.0},{"damage":12.0,"enemies":"Hexaghost","floor":16.0,"turns":11.0},{"damage":0.0,"enemies":"Spheric Guardian","floor":18.0,"turns":1.0},{"damage":2.0,"enemies":"2 Thieves","floor":21.0,"turns":4.0},{"damage":15.0,"enemies":"Centurion and Healer","floor":22.0,"turns":4.0},{"damage":9.0,"enemies":"Chosen and Byrds","floor":24.0,"turns":5.0},{"damage":0.0,"enemies":"3 Cultists","floor":25.0,"turns":5.0},{"damage":0.0,"enemies":"Snake Plant","floor":29.0,"turns":3.0},{"damage":4.0,"enemies":"Cultist and Chosen","floor":31.0,"turns":6.0},{"damage":31.0,"enemies":"Automaton","floor":33.0,"turns":10.0},{"damage":40,"enemies":"3 Darklings","floor":35,"turns":6},{"damage":0,"enemies":"Orb Walker","floor":37,"turns":2},{"damage":0,"enemies":"3 Darklings","floor":38,"turns":5},{"damage":13,"enemies":"4 Shapes","floor":39,"turns":8},{"damage":20,"enemies":"Sphere and 2 Shapes","floor":41,"turns":4},{"damage":0,"enemies":"3 Darklings","floor":44,"turns":6},{"damage":12,"enemies":"Maw","floor":46,"turns":8},{"damage":39,"enemies":"Time Eater","floor":50,"turns":14}],"event_choices":[{"event_name":"Liars Game","player_choice":"disagreed","floor":13.0,"damage_taken":0.0},{"event_name":"Big Fish","player_choice":"Box","floor":14.0,"damage_taken":0.0},{"event_name":"Vampires","player_choice":"Ignored","floor":20.0,"damage_taken":0.0},{"event_name":"The Library","player_choice":"Read","floor":27.0,"damage_taken":0.0}],"boss_relics":[{"not_picked":["Black Star","White Beast Statue"],"picked":"Lizard Tail"}],"potions_floor_spawned":[3,5,7,16,18,21,31,37,44,46],"seed_played":"-432095559327334711","ascension_level":0,"is_trial":false}