{"gold_per_floor":[114,114,114,132,57,57,100,100,124,143,318,331,367,179,179,303,303,243,243,261,16,30,30,30,30,30,65,65,17,17,30,30,30],"floor_reached":33,"playtime":1728,"items_purged":["Doubt","Strike_B"],"score":430,"play_id":"fdee510a-f2dd-4d1c-9949-d31c91ab60f7","local_time":"20180919175342","is_ascension_mode":true,"campfire_choices":[{"floor":6,"key":"REST"},{"floor":8,"key":"REST"},{"floor":15,"key":"REST"},{"floor":23,"key":"REST"},{"floor":25,"key":"REST"},{"floor":28,"key":"REST"},{"floor":30,"key":"REST"},{"floor":32,"key":"REST"}],"neow_cost":"","seed_source_timestamp":363003998434564,"circlet_count":0,"master_deck":["Strike_B","Strike_B","Defend_B","Defend_B","Defend_B","Defend_B","Zap","Dualcast","AscendersBane","Streamline","Barrage","Static Discharge","Cold Snap","Capacitor","Cold Snap","Capacitor","Auto Shields","Rainbow","Gash+1","Leap","Glacier","Barrage+1"],"relics":["Cracked Core","Golden Idol","Potion Belt","Art of War","Bottled Tornado","Lizard Tail","DataDisk","Dodecahedron","Question Card","Molten Egg 2"],"potions_floor_usage":[10,12,16,18,22,31],"damage_taken":[{"damage":3,"enemies":"Jaw Worm","floor":1,"turns":4},{"damage":0,"enemies":"2 Louse","floor":4,"turns":2},{"damage":35,"enemies":"Lagavulin","floor":7,"turns":5},{"damage":0,"enemies":"Small Slimes","floor":10,"turns":3},{"damage":10,"enemies":"2 Fungi Beasts","floor":12,"turns":3},{"damage":36,"enemies":"3 Sentries","floor":13,"turns":6},{"damage":24,"enemies":"Hexaghost","floor":16,"turns":10},{"damage":30,"enemies":"2 Thieves","floor":18,"turns":4},{"damage":17,"enemies":"Spheric Guardian","floor":20,"turns":4},{"damage":43,"enemies":"3 Cultists","floor":22,"turns":6},{"damage":63,"enemies":"Book of Stabbing","floor":27,"turns":5},{"damage":27,"enemies":"Snake Plant","floor":31,"turns":3},{"damage":65,"enemies":"Collector","floor":33,"turns":5}],"seed_played":"3665048108032214992","potions_obtained":[{"floor":7,"key":"Fire Potion"},{"floor":12,"key":"Fruit Juice"},{"floor":13,"key":"Swift Potion"},{"floor":16,"key":"Dexterity Potion"},{"floor":20,"key":"Regen Potion"}],"is_trial":false,"path_per_floor":["M","?","?","M","$","R","E","R","T","M","?","M","E","$","R","B",null,"M","?","M","$","M","R","T","R","T","E","R","$","R","M","R"],"character_chosen":"DEFECT","items_purchased":["Static Discharge","Capacitor","Auto Shields","DataDisk","Block Potion"],"campfire_rested":8,"item_purchase_floors":[5,14,14,21,29],"current_hp_per_floor":[65,47,40,40,40,62,27,49,49,49,49,44,8,8,32,8,62,32,32,15,15,31,55,55,79,79,16,40,40,64,37,61,0],"gold":30,"neow_bonus":"","is_prod":false,"is_daily":false,"chose_seed":false,"campfire_upgraded":0,"win_rate":0,"timestamp":1537372422,"path_taken":["M","?","?","M","$","R","E","R","T","M","?","M","E","$","R","BOSS","M","?","?","$","?","R","?","R","T","E","R","?","R","M","R","BOSS"],"build_version":"2018-09-06","purchased_purges":2,"victory":false,"max_hp_per_floor":[75,75,75,75,75,75,75,75,75,75,75,80,80,80,80,80,80,80,80,80,80,80,80,80,80,80,80,80,80,80,80,80,80],"card_choices":[{"not_picked":["Sweeping Beam","Chaos"],"picked":"Streamline","floor":1},{"not_picked":["Beam Cell","Rebound"],"picked":"Barrage","floor":4},{"not_picked":["Barrage","Scrape","Coolheaded"],"picked":"SKIP","floor":7},{"not_picked":["Reinforced Body","Gash"],"picked":"Cold Snap","floor":10},{"not_picked":["Tempest","Leap"],"picked":"Capacitor","floor":12},{"not_picked":["Rebound","Lockon"],"picked":"Cold Snap","floor":13},{"not_picked":["Meteor Strike","Buffer"],"picked":"Rainbow","floor":16},{"not_picked":["Skim","Ball Lightning"],"picked":"Gash+1","floor":18},{"not_picked":["Barrage","Turbo","Chaos"],"picked":"SKIP","floor":20},{"not_picked":["Stack","Conserve Battery"],"picked":"Leap","floor":22},{"not_picked":["Reinforced Body","Machine Learning","Hologram"],"picked":"Glacier","floor":27},{"not_picked":["Reinforced Body","Conserve Battery","Compile Driver+1"],"picked":"Barrage+1","floor":31}],"player_experience":416969,"relics_obtained":[{"floor":7,"key":"Potion Belt"},{"floor":9,"key":"Art of War"},{"floor":13,"key":"Bottled Tornado"},{"floor":24,"key":"Dodecahedron"},{"floor":26,"key":"Question Card"},{"floor":27,"key":"Molten Egg 2"}],"event_choices":[{"event_name":"Golden Idol","player_choice":"Take Damage","floor":2,"damage_taken":0},{"event_name":"Golden Wing","player_choice":"Card Removal","floor":3,"damage_taken":0},{"event_name":"Liars Game","player_choice":"agreed","floor":11,"damage_taken":0},{"event_name":"Vampires","player_choice":"Ignored","floor":19,"damage_taken":0}],"is_beta":false,"boss_relics":[{"not_picked":["Orrery","Runic Pyramid"],"picked":"Lizard Tail"}],"items_purged_floors":[14,21],"is_endless":false,"potions_floor_spawned":[7,12,13,16,20],"killed_by":"Collector","ascension_level":12}