{"gold_per_floor":[113,113,113,36,116,144,144,179,179,237,237,237,202,219,219,322,322,332,352,352,364,376,388,400,432,444,334,349,377,121,131,131,131],"floor_reached":33,"playtime":983,"items_purged":[],"score":363,"play_id":"75660aaa-8323-4d3f-8648-c54afa874aa2","local_time":"20181223230419","is_ascension_mode":true,"campfire_choices":[{"data":"Doom and Gloom","floor":7,"key":"SMITH"},{"floor":12,"key":"REST"},{"data":"Double Energy","floor":15,"key":"SMITH"},{"floor":23,"key":"REST"},{"floor":24,"key":"REST"},{"floor":32,"key":"REST"}],"neow_cost":"NONE","seed_source_timestamp":201346397467989,"circlet_count":0,"master_deck":["Strike_B","Strike_B","Strike_B","Strike_B","Defend_B","Defend_B","Defend_B","Defend_B","Zap","Dualcast","Cold Snap","Doom and Gloom+1","Darkness","FTL","Double Energy+1","Reboot","Leap+1","BootSequence","Redo","Steam Power","Redo","Redo","Glacier+1"],"relics":["Cracked Core","Pen Nib","DataDisk","WingedGreaves","Peace Pipe","Bag of Preparation","The Courier","Nuclear Battery","MawBank","Cables","Juzu Bracelet","Membership Card","Pear"],"potions_floor_usage":[10,22,33,33],"damage_taken":[{"damage":11,"enemies":"2 Louse","floor":1,"turns":2},{"damage":33,"enemies":"Lagavulin","floor":6,"turns":5},{"damage":13,"enemies":"Gremlin Nob","floor":8,"turns":3},{"damage":12,"enemies":"Lagavulin Event","floor":10,"turns":3},{"damage":0,"enemies":"Small Slimes","floor":14,"turns":2},{"damage":36,"enemies":"Hexaghost","floor":16,"turns":8},{"damage":6,"enemies":"Spheric Guardian","floor":18,"turns":3},{"damage":22,"enemies":"2 Thieves","floor":19,"turns":3},{"damage":17,"enemies":"Colosseum Slavers","floor":22,"turns":3},{"damage":6,"enemies":"Cultist and Chosen","floor":25,"turns":5},{"damage":0,"enemies":"Shelled Parasite and Fungi","floor":28,"turns":2},{"damage":32,"enemies":"Book of Stabbing","floor":29,"turns":4},{"damage":16,"enemies":"Centurion and Healer","floor":31,"turns":5},{"damage":45,"enemies":"Automaton","floor":33,"turns":6}],"seed_played":"4608897523624931014","potions_obtained":[{"floor":6,"key":"SteroidPotion"},{"floor":10,"key":"Ancient Potion"},{"floor":16,"key":"Poison Potion"},{"floor":18,"key":"Strength Potion"},{"floor":28,"key":"FocusPotion"}],"is_trial":false,"path_per_floor":["M","?","?","$","?","E","R","E","T","?","T","R","?","M","R","B",null,"M","M","?","$","?","R","R","M","T","$","M","E","$","M","R","B"],"character_chosen":"DEFECT","items_purchased":["Doom and Gloom","Redo","Steam Power","Redo","Membership Card","Pear"],"campfire_rested":4,"item_purchase_floors":[4,27,27,27,30,30],"current_hp_per_floor":[57,57,75,75,75,42,42,29,29,17,17,39,57,57,57,21,62,56,34,34,34,17,39,61,55,55,55,55,23,33,17,42,0],"gold":131,"neow_bonus":"RANDOM_COMMON_RELIC","is_prod":false,"is_daily":false,"chose_seed":false,"campfire_upgraded":2,"win_rate":0,"timestamp":1545602659,"path_taken":["M","?","?","$","?","E","R","E","T","?","?","R","?","M","R","BOSS","M","M","?","$","?","R","R","M","T","$","M","E","$","M","R","BOSS"],"build_version":"2018-12-20","purchased_purges":0,"victory":false,"max_hp_per_floor":[75,75,75,75,75,75,75,75,75,75,75,75,75,75,75,75,75,75,75,75,75,75,75,75,75,75,75,75,75,85,85,85,85],"card_choices":[{"not_picked":["Conserve Battery","Rebound"],"picked":"Cold Snap","floor":1},{"not_picked":["Cold Snap","Steam"],"picked":"Darkness","floor":6},{"not_picked":["Hologram","Chaos"],"picked":"FTL","floor":8},{"not_picked":["Reprogram","Barrage"],"picked":"Double Energy","floor":10},{"not_picked":["Consume","Beam Cell","Sweeping Beam"],"picked":"SKIP","floor":14},{"not_picked":["Machine Learning","All For One"],"picked":"Reboot","floor":16},{"not_picked":["Reinforced Body","Cold Snap"],"picked":"Leap+1","floor":18},{"not_picked":["Gash","Coolheaded"],"picked":"BootSequence","floor":19},{"not_picked":["Hologram","Chill","All For One"],"picked":"SKIP","floor":25},{"not_picked":["Recycle","Sweeping Beam+1"],"picked":"Redo","floor":28},{"not_picked":["Ball Lightning","Hyperbeam","Sweeping Beam"],"picked":"SKIP","floor":29},{"not_picked":["Beam Cell+1","Aggregate"],"picked":"Glacier+1","floor":31}],"player_experience":456431,"relics_obtained":[{"floor":6,"key":"DataDisk"},{"floor":8,"key":"WingedGreaves"},{"floor":9,"key":"Peace Pipe"},{"floor":10,"key":"Bag of Preparation"},{"floor":11,"key":"The Courier"},{"floor":26,"key":"Cables"},{"floor":29,"key":"Juzu Bracelet"}],"event_choices":[{"damage_healed":0,"gold_gain":0,"player_choice":"Ignored","damage_taken":0,"max_hp_gain":0,"max_hp_loss":0,"event_name":"Shining Light","floor":2,"gold_loss":0},{"damage_healed":25,"gold_gain":0,"player_choice":"Banana","damage_taken":0,"max_hp_gain":0,"max_hp_loss":0,"event_name":"Big Fish","floor":3,"gold_loss":0},{"damage_healed":0,"gold_gain":80,"player_choice":"Gained Gold","damage_taken":0,"max_hp_gain":0,"max_hp_loss":0,"event_name":"Golden Wing","floor":5,"gold_loss":0},{"damage_healed":0,"gold_gain":0,"player_choice":"Searched \u00271\u0027 times","damage_taken":0,"max_hp_gain":0,"max_hp_loss":0,"event_name":"Dead Adventurer","floor":10,"gold_loss":0},{"damage_healed":18,"gold_gain":0,"player_choice":"Healed","damage_taken":0,"max_hp_gain":0,"max_hp_loss":0,"event_name":"The Cleric","floor":13,"gold_loss":35},{"damage_healed":0,"gold_gain":0,"player_choice":"Opened","damage_taken":0,"relics_obtained":["MawBank"],"max_hp_gain":0,"max_hp_loss":0,"event_name":"The Mausoleum","floor":20,"gold_loss":0},{"damage_healed":0,"gold_gain":0,"player_choice":"Fight","damage_taken":0,"max_hp_gain":0,"max_hp_loss":0,"event_name":"Colosseum","floor":22,"gold_loss":0},{"damage_healed":0,"gold_gain":0,"player_choice":"Fled From Nobs","damage_taken":0,"max_hp_gain":0,"max_hp_loss":0,"event_name":"Colosseum","floor":22,"gold_loss":0}],"is_beta":false,"boss_relics":[{"not_picked":["Coffee Dripper","Astrolabe"],"picked":"Nuclear Battery"}],"items_purged_floors":[],"is_endless":false,"potions_floor_spawned":[6,10,16,18,19,28],"killed_by":"Automaton","ascension_level":7}