{"gold_per_floor":[369,440,440,440,456,456,489,489,489,489,504,520,544,10,10,139,139,153,167,182,201,201,26,26,45,45,45,45],"floor_reached":28,"playtime":1099,"items_purged":["Injury","Slimebound:Strike_Slimebound"],"score":220,"play_id":"04e5d116-7242-4493-9df1-2076ab6a3580","local_time":"20190314194044","is_ascension_mode":false,"campfire_choices":[{"data":"Slimebound:DivideAndConquer","floor":6,"key":"SMITH"},{"data":"Slimebound:Dissolve","floor":10,"key":"SMITH"},{"data":"Slimebound:PressTheAttack","floor":15,"key":"SMITH"},{"data":"Slimebound:SlimeBrawl","floor":24,"key":"SMITH"},{"data":"Slimebound:DuplicatedForm","floor":27,"key":"SMITH"}],"neow_cost":"BASIC_CARDS","seed_source_timestamp":92857664372143,"circlet_count":0,"master_deck":["Slimebound:Strike_Slimebound+1","Slimebound:Strike_Slimebound","Slimebound:Tackle","Slimebound:Defend_Slimebound","Slimebound:Defend_Slimebound","Slimebound:Defend_Slimebound","Slimebound:Defend_Slimebound","Slimebound:Split","Slimebound:CorrosiveSpit","Neutralize","Slimebound:Defend_Slimebound","Slimebound:MegaLick","Slimebound:DivideAndConquer+1","Slimebound:Dissolve+1","Slimebound:SlimeSpikes","Slimebound:DisruptingSlam","Slimebound:PressTheAttack+1","Slimebound:DuplicatedForm+1","Slimebound:SlimeSpikes+1","Slimebound:ServeAndProtect+1","Slimebound:SlimeSpikes","Slimebound:SlimeBrawl+1","Slimebound:SelfFormingGoo+1"],"relics":["Slimebound:AbsorbEndCombat","Golden Idol","Pen Nib","Meat on the Bone","Shuriken","OrangePellets","Ring of Chaos","Mirror"],"potions_floor_usage":[16,16,16,20,21,21,25,28],"damage_taken":[{"damage":3,"enemies":"Cultist","floor":1,"turns":3},{"damage":6,"enemies":"2 Louse","floor":5,"turns":3},{"damage":32,"enemies":"3 Sentries","floor":7,"turns":6},{"damage":11,"enemies":"Small Slimes","floor":11,"turns":2},{"damage":17,"enemies":"Exordium Wildlife","floor":12,"turns":3},{"damage":12,"enemies":"Large Slime","floor":13,"turns":5},{"damage":31,"enemies":"The Guardian","floor":16,"turns":8},{"damage":25,"enemies":"Spheric Guardian","floor":18,"turns":4},{"damage":9,"enemies":"Chosen","floor":19,"turns":3},{"damage":38,"enemies":"3 Cultists","floor":20,"turns":6},{"damage":21,"enemies":"Centurion and Healer","floor":21,"turns":6},{"damage":30,"enemies":"Snake Plant","floor":25,"turns":4},{"damage":78,"enemies":"Slavers","floor":28,"turns":3}],"seed_played":"-1521424694543252978","potions_obtained":[{"floor":1,"key":"Slimebound:SlimedPotion"},{"floor":7,"key":"Slimebound:SlimedPotion"},{"floor":12,"key":"Regen Potion"},{"floor":16,"key":"SpeedPotion"},{"floor":18,"key":"Dexterity Potion"},{"floor":20,"key":"LiquidBronze"},{"floor":21,"key":"Dexterity Potion"},{"floor":25,"key":"PowerPotion"}],"is_trial":false,"path_per_floor":["M","?","?","?","M","R","E","?","T","R","M","M","M","$","R","B",null,"M","M","M","M","?","$","R","M","T","R","E"],"character_chosen":"SLIMEBOUND","items_purchased":["Shuriken","OrangePellets","Slimebound:PressTheAttack","Slimebound:SlimeBrawl"],"campfire_rested":0,"item_purchase_floors":[14,14,14,23],"current_hp_per_floor":[70,70,70,70,70,70,62,62,62,62,66,70,70,70,70,69,70,57,63,54,70,70,70,70,55,55,55,0],"gold":45,"neow_bonus":"TWO_FIFTY_GOLD","is_prod":false,"is_daily":false,"chose_seed":false,"campfire_upgraded":5,"win_rate":0,"timestamp":1552606844,"path_taken":["M","?","?","?","M","R","E","?","T","R","?","M","M","$","R","BOSS","M","M","M","M","?","$","R","M","T","R","E"],"build_version":"2019-01-23","purchased_purges":2,"victory":false,"max_hp_per_floor":[70,70,70,70,70,70,70,70,70,70,70,70,70,70,70,70,70,70,70,70,70,70,70,70,70,70,70,70],"card_choices":[{"not_picked":["Slimebound:ItLooksTasty","Slimebound:SoulSicken"],"picked":"Slimebound:MegaLick","floor":1},{"not_picked":["Slimebound:Equalize","Slimebound:PressTheAttack"],"picked":"Slimebound:DivideAndConquer","floor":5},{"not_picked":["Slimebound:Repurpose","Slimebound:RollThrough"],"picked":"Slimebound:Dissolve","floor":7},{"not_picked":["Slimebound:DivideAndConquer","Slimebound:SplitLeeching","Slimebound:Overexert"],"picked":"SKIP","floor":11},{"not_picked":["Slimebound:FlameTackle","Slimebound:SamplingLick"],"picked":"Slimebound:SlimeSpikes","floor":12},{"not_picked":["Slimebound:RollThrough","Slimebound:LeechingTouch"],"picked":"Slimebound:DisruptingSlam","floor":13},{"not_picked":["Slimebound:Teamwork","Slimebound:AcidTongue"],"picked":"Slimebound:DuplicatedForm","floor":16},{"not_picked":["Slimebound:ComboTackle","Slimebound:ViciousTackle"],"picked":"Slimebound:SlimeSpikes+1","floor":18},{"not_picked":["Slimebound:LeechingTouch","Slimebound:ViciousTackle"],"picked":"Slimebound:ServeAndProtect+1","floor":19},{"not_picked":["Slimebound:SplitBruiser","Slimebound:FinishingTackle+1"],"picked":"Slimebound:SlimeSpikes","floor":20},{"not_picked":["Slimebound:ProtectTheBoss","Slimebound:RollThrough","Slimebound:SlimeSpikes"],"picked":"SKIP","floor":21},{"not_picked":["Slimebound:LevelUp","Slimebound:GrowthPunch+1"],"picked":"Slimebound:SelfFormingGoo+1","floor":25}],"player_experience":776701,"relics_obtained":[{"floor":7,"key":"Pen Nib"},{"floor":9,"key":"Meat on the Bone"},{"floor":26,"key":"Mirror"}],"event_choices":[{"damage_healed":0,"gold_gain":71,"player_choice":"Gained Gold","damage_taken":0,"max_hp_gain":0,"max_hp_loss":0,"event_name":"Golden Wing","floor":2,"gold_loss":0},{"damage_healed":0,"gold_gain":0,"player_choice":"Take Wound","damage_taken":0,"relics_obtained":["Golden Idol"],"max_hp_gain":0,"max_hp_loss":0,"event_name":"Golden Idol","floor":4,"gold_loss":0,"cards_obtained":["Injury"]},{"damage_healed":0,"gold_gain":0,"player_choice":"Searched \u00270\u0027 times","damage_taken":0,"max_hp_gain":0,"max_hp_loss":0,"event_name":"Dead Adventurer","floor":8,"gold_loss":0},{"damage_healed":0,"gold_gain":0,"player_choice":"Ignored","damage_taken":0,"max_hp_gain":0,"max_hp_loss":0,"event_name":"Vampires","floor":22,"gold_loss":0}],"is_beta":false,"boss_relics":[{"not_picked":["Orrery","Cursed Key"],"picked":"Ring of Chaos"}],"items_purged_floors":[14,23],"is_endless":false,"potions_floor_spawned":[1,7,12,16,18,20,21,25],"killed_by":"Slavers","ascension_level":0}