{"gold_per_floor":[359,377,377,392,77,77,87,119,119,119,135,100,125,140,140,217,217,236,511,529,8,23,23,34,68,95,95],"floor_reached":27,"playtime":1273,"items_purged":["Regret","Strike_B"],"score":466,"play_id":"f083a893-d840-46b1-95a5-2652459bb580","local_time":"20180924214658","is_ascension_mode":true,"campfire_choices":[{"floor":6,"key":"REST"},{"floor":10,"key":"REST"},{"floor":15,"key":"REST"},{"data":"Defragment","floor":23,"key":"SMITH"}],"neow_cost":"CURSE","seed_source_timestamp":809460209852062,"circlet_count":0,"master_deck":["Strike_B+1","Strike_B+1","Strike_B","Defend_B+1","Defend_B","Defend_B","Defend_B","Zap","Dualcast","AscendersBane","Doom and Gloom+1","Glacier","Ball Lightning","Echo Form","Conserve Battery","Reinforced Body","Auto Shields","Electrodynamics","Defragment+1","Chaos+1","Glacier+1"],"relics":["Cracked Core","Sling","Omamori","Mercury Hourglass","Bird Faced Urn","Lizard Tail","Lee\u0027s Waffle","Whetstone","Dream Catcher","Vajra"],"potions_floor_usage":[16,16,20,22,25],"damage_taken":[{"damage":9,"enemies":"Jaw Worm","floor":1,"turns":4},{"damage":2,"enemies":"Small Slimes","floor":2,"turns":2},{"damage":3,"enemies":"Cultist","floor":4,"turns":4},{"damage":6,"enemies":"2 Fungi Beasts","floor":7,"turns":3},{"damage":14,"enemies":"3 Sentries","floor":8,"turns":5},{"damage":4,"enemies":"Blue Slaver","floor":11,"turns":3},{"damage":16,"enemies":"Lagavulin","floor":13,"turns":5},{"damage":0,"enemies":"Exordium Wildlife","floor":14,"turns":2},{"damage":42,"enemies":"Hexaghost","floor":16,"turns":6},{"damage":18,"enemies":"Spheric Guardian","floor":18,"turns":4},{"damage":41,"enemies":"2 Thieves","floor":20,"turns":4},{"damage":15,"enemies":"Snake Plant","floor":22,"turns":3},{"damage":3,"enemies":"Sentry and Sphere","floor":24,"turns":3},{"damage":92,"enemies":"Book of Stabbing","floor":25,"turns":7},{"damage":21,"enemies":"Slavers","floor":27,"turns":2}],"seed_played":"1625824159115826998","potions_obtained":[{"floor":11,"key":"LiquidBronze"},{"floor":13,"key":"LiquidBronze"},{"floor":18,"key":"SkillPotion"},{"floor":20,"key":"Fire Potion"},{"floor":24,"key":"FocusPotion"}],"is_trial":false,"path_per_floor":["M","M","?","M","$","R","M","E","T","R","M","?","E","M","R","B",null,"M","?","M","$","M","R","M","E","T"],"character_chosen":"DEFECT","items_purchased":["Sling","Lee\u0027s Waffle","Whetstone"],"campfire_rested":3,"item_purchase_floors":[5,21,21],"current_hp_per_floor":[55,53,32,29,29,50,44,30,30,51,47,64,48,48,69,29,61,43,43,4,78,63,63,64,18,18,0],"gold":95,"neow_bonus":"TWO_FIFTY_GOLD","is_prod":false,"is_daily":false,"chose_seed":false,"campfire_upgraded":1,"win_rate":0,"timestamp":1537818418,"path_taken":["M","M","?","?","$","R","M","E","T","R","M","?","E","M","R","BOSS","M","?","M","$","M","R","M","E","T","E"],"build_version":"2018-09-20","purchased_purges":2,"victory":false,"max_hp_per_floor":[71,71,71,71,71,71,71,71,71,71,71,71,71,71,71,71,71,71,71,71,78,78,78,78,78,78,78],"card_choices":[{"not_picked":["Steam","Redo","Barrage"],"picked":"SKIP","floor":1},{"not_picked":["Sweeping Beam","Undo"],"picked":"Doom and Gloom","floor":2},{"not_picked":["Undo","Go for the Eyes"],"picked":"Glacier","floor":4},{"not_picked":["Aggregate","Auto Shields"],"picked":"Ball Lightning","floor":7},{"not_picked":["Barrage","Darkness"],"picked":"Echo Form","floor":8},{"not_picked":["Rebound","Barrage"],"picked":"Conserve Battery","floor":11},{"not_picked":["Blizzard","Coolheaded"],"picked":"Reinforced Body","floor":13},{"not_picked":["Sweeping Beam","Genetic Algorithm"],"picked":"Auto Shields","floor":14},{"not_picked":["All For One","Thunder Strike"],"picked":"Electrodynamics","floor":16},{"not_picked":["Loop","Compile Driver"],"picked":"Defragment","floor":18},{"not_picked":["Turbo","Gash"],"picked":"Chaos+1","floor":20},{"not_picked":["Cold Snap","Aggregate"],"picked":"Glacier+1","floor":22},{"not_picked":["Redo","Beam Cell","Streamline"],"picked":"SKIP","floor":24},{"not_picked":["Aggregate","Gash+1","Beam Cell"],"picked":"SKIP","floor":25}],"player_experience":643532,"relics_obtained":[{"floor":8,"key":"Omamori"},{"floor":9,"key":"Mercury Hourglass"},{"floor":13,"key":"Bird Faced Urn"},{"floor":25,"key":"Dream Catcher"},{"floor":26,"key":"Vajra"}],"event_choices":[{"event_name":"Shining Light","player_choice":"Entered Light","floor":3,"damage_taken":0},{"event_name":"The Cleric","player_choice":"Healed","floor":12,"damage_taken":0},{"event_name":"Golden Shrine","player_choice":"Desecrate","floor":19,"damage_taken":0}],"is_beta":false,"boss_relics":[{"not_picked":["Sozu","Nuclear Battery"],"picked":"Lizard Tail"}],"items_purged_floors":[5,21],"is_endless":false,"potions_floor_spawned":[11,13,18,20,24],"killed_by":"Slavers","ascension_level":18}