{"gold_per_floor":[117,117,134,152,152,83,83,10,10,10,38,38,38,53,53,150,150,163,163,180,279,279,279,295,308,360,16,36,53,17,35,35,35],"floor_reached":33,"playtime":880,"items_purged":[],"score":371,"play_id":"8f13c0b9-1c05-496b-8bb3-358e3dbf2d31","local_time":"20181229032135","is_ascension_mode":true,"campfire_choices":[{"data":"Sunder","floor":7,"key":"SMITH"},{"floor":10,"key":"REST"},{"data":"Darkness","floor":12,"key":"SMITH"},{"floor":15,"key":"REST"},{"floor":23,"key":"REST"},{"floor":32,"key":"REST"}],"neow_cost":"NONE","seed_source_timestamp":648890658405471,"circlet_count":0,"master_deck":["Strike_B","Strike_B","Strike_B+1","Defend_B","Defend_B","Defend_B","Zap","Dualcast","Auto Shields","Darkness+1","Streamline+1","Sunder+1","Melter","Doom and Gloom","Redo","Go for the Eyes","Multi-Cast","Loop","Steam","Stack","Redo","Stack","Redo+1","Seek","Darkness+1","Lockon","Turbo","Stack+1","Hologram+1","Aggregate","FTL","Barrage+1","Redo"],"relics":["Cracked Core","Oddly Smooth Stone","Boot","Emotion Chip","Dream Catcher","Regal Pillow","Orrery","Orichalcum","Runic Capacitor","Whetstone"],"potions_floor_usage":[4,14,24,25,31],"damage_taken":[{"damage":0,"enemies":"2 Louse","floor":1,"turns":2},{"damage":0,"enemies":"Cultist","floor":3,"turns":3},{"damage":10,"enemies":"Jaw Worm","floor":4,"turns":4},{"damage":22,"enemies":"Lagavulin","floor":11,"turns":5},{"damage":6,"enemies":"Exordium Wildlife","floor":14,"turns":3},{"damage":42,"enemies":"Hexaghost","floor":16,"turns":8},{"damage":4,"enemies":"Spheric Guardian","floor":18,"turns":3},{"damage":12,"enemies":"Chosen","floor":20,"turns":3},{"damage":26,"enemies":"Shelled Parasite and Fungi","floor":24,"turns":3},{"damage":14,"enemies":"Centurion and Healer","floor":25,"turns":6},{"damage":14,"enemies":"3 Cultists","floor":28,"turns":5},{"damage":8,"enemies":"Cultist and Chosen","floor":29,"turns":5},{"damage":1,"enemies":"Snecko","floor":31,"turns":4},{"damage":47,"enemies":"Collector","floor":33,"turns":6}],"seed_played":"-3717862652404584352","potions_obtained":[{"floor":1,"key":"Block Potion"},{"floor":11,"key":"Explosive Potion"},{"floor":16,"key":"SpeedPotion"},{"floor":20,"key":"Poison Potion"},{"floor":24,"key":"Weak Potion"},{"floor":29,"key":"AttackPotion"}],"is_trial":false,"path_per_floor":["M","?","M","M","?","$","R","$","T","R","E","R","T","M","R","B",null,"M","?","M","?","?","R","M","M","T","$","M","M","$","M","R","B"],"character_chosen":"DEFECT","items_purchased":["Sunder","Melter","Runic Capacitor","Whetstone","FTL"],"campfire_rested":4,"item_purchase_floors":[6,8,27,27,30],"current_hp_per_floor":[68,61,61,51,39,39,39,39,39,61,39,39,39,33,70,28,63,59,59,47,47,47,75,49,35,35,35,21,13,13,12,49,2],"gold":35,"neow_bonus":"RANDOM_COMMON_RELIC","is_prod":false,"is_daily":false,"chose_seed":false,"campfire_upgraded":2,"win_rate":0,"timestamp":1546050095,"path_taken":["M","?","M","?","?","?","R","$","T","R","E","R","?","?","R","BOSS","M","?","?","?","?","R","M","?","T","$","M","M","$","M","R","BOSS"],"build_version":"2018-12-20","purchased_purges":0,"victory":false,"max_hp_per_floor":[75,75,75,75,75,75,75,75,75,75,75,75,75,75,75,75,75,75,75,75,75,75,75,75,75,75,75,75,75,75,75,75,75],"card_choices":[{"not_picked":["Compile Driver","Cold Snap"],"picked":"Auto Shields","floor":1},{"not_picked":["Rebound","Hologram"],"picked":"Darkness","floor":3},{"not_picked":["Hologram","Leap"],"picked":"Streamline","floor":4},{"not_picked":["Hyperbeam","Consume"],"picked":"Doom and Gloom","floor":11},{"not_picked":["Leap","Chaos"],"picked":"Redo","floor":14},{"not_picked":["Barrage","Consume"],"picked":"Go for the Eyes","floor":15},{"not_picked":["Meteor Strike","Biased Cognition"],"picked":"Multi-Cast","floor":16},{"not_picked":["Conserve Battery","Turbo"],"picked":"Loop","floor":17},{"not_picked":["Cold Snap","Beam Cell"],"picked":"Steam","floor":17},{"not_picked":["Meteor Strike","Compile Driver"],"picked":"Stack","floor":17},{"not_picked":["Compile Driver","Defragment"],"picked":"Redo","floor":17},{"not_picked":["Streamline","Conserve Battery"],"picked":"Stack","floor":17},{"not_picked":["Rebound","Scrape"],"picked":"Redo+1","floor":18},{"not_picked":["Echo Form","Defragment"],"picked":"Darkness+1","floor":20},{"not_picked":["Ball Lightning+1","Conserve Battery"],"picked":"Lockon","floor":23},{"not_picked":["Leap","Self Repair"],"picked":"Turbo","floor":24},{"not_picked":["Chaos","Sweeping Beam+1"],"picked":"Stack+1","floor":25},{"not_picked":["Sweeping Beam","Go for the Eyes"],"picked":"Hologram+1","floor":28},{"not_picked":["FTL","Redo"],"picked":"Aggregate","floor":29},{"not_picked":["Turbo","Melter+1"],"picked":"Barrage+1","floor":31},{"not_picked":["Tempest","Steam"],"picked":"Redo","floor":32}],"player_experience":480346,"relics_obtained":[{"floor":9,"key":"Emotion Chip"},{"floor":11,"key":"Dream Catcher"},{"floor":13,"key":"Regal Pillow"},{"floor":26,"key":"Orichalcum"}],"event_choices":[{"damage_healed":0,"gold_gain":0,"player_choice":"Damaged","damage_taken":7,"max_hp_gain":0,"max_hp_loss":0,"event_name":"Wheel of Change","floor":2,"gold_loss":0},{"damage_healed":0,"gold_gain":0,"player_choice":"Success","damage_taken":12,"relics_obtained":["Boot"],"max_hp_gain":0,"max_hp_loss":0,"event_name":"Scrap Ooze","floor":5,"gold_loss":0},{"damage_healed":0,"gold_gain":0,"cards_transformed":["Strike_B"],"player_choice":"Transformed","damage_taken":0,"max_hp_gain":0,"max_hp_loss":0,"event_name":"Transmorgrifier","floor":19,"gold_loss":0,"cards_obtained":["Seek"]},{"damage_healed":0,"gold_gain":99,"player_choice":"Stole From Cult","damage_taken":0,"max_hp_gain":0,"max_hp_loss":0,"event_name":"Nest","floor":21,"gold_loss":0},{"cards_removed":["Defend_B"],"damage_healed":0,"gold_gain":0,"player_choice":"Purged","damage_taken":0,"max_hp_gain":0,"max_hp_loss":0,"event_name":"Purifier","floor":22,"gold_loss":0}],"is_beta":false,"boss_relics":[{"not_picked":["Nuclear Battery","Busted Crown"],"picked":"Orrery"}],"items_purged_floors":[],"is_endless":false,"potions_floor_spawned":[1,11,16,20,24,29],"killed_by":"Collector","ascension_level":8}