{"path_per_floor":["M","M","M","$","M","R","E","R","T","M","$","R","M","M","R","B",null,"M","M","?","?","M","R","E","$","T","M","R","?","R","M","R","B",null,"M","$","?","T","?","R","M","M","T","R","?","?","?","?","R","B"],"character_chosen":"THE_SILENT","items_purchased":["Dodge and Roll","Oddly Smooth Stone","Escape Plan","Dagger Spray","Caltrops"],"gold_per_floor":[112,127,147,19,31,31,56,56,356,366,7,7,22,34,34,134,134,146,163,163,163,182,182,209,47,70,82,82,82,82,93,93,192,192,212,62,62,88,0,0,18,36,36,36,86,86,86,66,66,66],"floor_reached":51,"campfire_rested":3,"playtime":1790,"current_hp_per_floor":[69,69,68,68,53,53,34,34,34,34,34,55,55,51,51,51,70,70,57,57,80,80,80,66,66,66,72,72,72,72,67,67,59,80,70,70,60,60,60,60,59,40,40,64,59,59,59,59,80,37],"items_purged":["Strike_G","Strike_G","Strike_G","Strike_G"],"gold":66,"score":790,"play_id":"7f2ca8cf-3c4b-4137-8383-0d8813081549","local_time":"20180328213629","is_prod":false,"is_daily":false,"is_ascension_mode":false,"campfire_upgraded":8,"timestamp":1522265789,"path_taken":["M","M","M","$","M","R","E","R","T","M","$","R","M","M","R","BOSS","M","M","?","?","M","R","E","?","T","M","R","?","R","M","R","BOSS","M","$","?","?","?","R","M","M","T","R","?","?","?","?","R","BOSS"],"build_version":"2018-03-22v2","purchased_purges":4,"victory":true,"master_deck":["Defend_G","Defend_G","Defend_G","Defend_G","Defend_G","Strike_G","Survivor","Neutralize+1","Bouncing Flask+1","Deflect","Poisoned Stab+1","Catalyst+1","Dodge and Roll+1","PiercingWail","Bane","Backflip","Escape Plan+1","Dagger Spray","Dodge and Roll+1","Escape Plan","Poisoned Stab+1","Bouncing Flask+1","Caltrops","Decay","Dodge and Roll+1","Caltrops+1","Madness","Madness","Noxious Fumes+1"],"max_hp_per_floor":[70,70,70,70,70,70,70,70,70,70,70,70,70,70,70,70,70,70,70,70,80,80,80,80,80,80,80,80,80,80,80,80,80,80,80,80,80,80,80,80,80,80,80,80,80,80,80,80,80,80],"relics":["Ring of the Snake","Juzu Bracelet","Old Coin","Oddly Smooth Stone","The Specimen","Ancient Tea Set","Snake Skull","Philosopher\u0027s Stone","Omamori","Red Mask","Ice Cream","Sundial"],"card_choices":[{"not_picked":["Distraction","Acrobatics"],"picked":"Bouncing Flask","floor":0},{"not_picked":["Underhanded Strike","Endless Agony"],"picked":"Deflect","floor":1},{"not_picked":["Acrobatics","Prepared"],"picked":"Poisoned Stab","floor":2},{"not_picked":["Phantasmal Killer","Outmaneuver"],"picked":"Catalyst","floor":3},{"not_picked":["Slice","Bouncing Flask"],"picked":"PiercingWail","floor":5},{"not_picked":["Outmaneuver","Deadly Poison"],"picked":"Bane","floor":7},{"not_picked":["Well Laid Plans","Deflect"],"picked":"Backflip","floor":10},{"not_picked":["Predator","Flechettes"],"picked":"Dodge and Roll","floor":13},{"not_picked":["Catalyst","Underhanded Strike"],"picked":"Escape Plan","floor":14},{"not_picked":["Bullet Time","Die Die Die"],"picked":"Night Terror","floor":16},{"not_picked":["Dagger Spray","Flying Knee"],"picked":"Poisoned Stab","floor":19},{"not_picked":["Backflip","Noxious Fumes"],"picked":"Bouncing Flask","floor":22},{"not_picked":["PiercingWail","Outmaneuver"],"picked":"Escape Plan","floor":27},{"not_picked":["Dagger Throw","Deadly Poison"],"picked":"Dodge and Roll","floor":31},{"not_picked":["Malaise","Accuracy"],"picked":"Caltrops","floor":35},{"not_picked":["Cloak And Dagger","Flying Knee"],"picked":"Noxious Fumes","floor":41}],"player_experience":138054,"potions_floor_usage":[16,16,27,31,45,50,50],"damage_taken":[{"damage":1,"enemies":"Jaw Worm","floor":1,"turns":4},{"damage":0,"enemies":"Cultist","floor":2,"turns":3},{"damage":1,"enemies":"Small Slimes","floor":3,"turns":4},{"damage":15,"enemies":"Exordium Thugs","floor":5,"turns":5},{"damage":19,"enemies":"Lagavulin","floor":7,"turns":5},{"damage":0,"enemies":"Blue Slaver","floor":10,"turns":3},{"damage":0,"enemies":"2 Fungi Beasts","floor":13,"turns":4},{"damage":4,"enemies":"Looter","floor":14,"turns":3},{"damage":0,"enemies":"Hexaghost","floor":16,"turns":7},{"damage":0,"enemies":"Chosen","floor":18,"turns":4},{"damage":13,"enemies":"Shell Parasite","floor":19,"turns":6},{"damage":0,"enemies":"Chosen and Byrds","floor":22,"turns":6},{"damage":14,"enemies":"Book of Stabbing","floor":24,"turns":4},{"damage":9,"enemies":"Centurion and Healer","floor":27,"turns":6},{"damage":5,"enemies":"Snecko","floor":31,"turns":4},{"damage":8,"enemies":"Champ","floor":33,"turns":9},{"damage":10,"enemies":"3 Shapes","floor":35,"turns":5},{"damage":1,"enemies":"Orb Walker","floor":41,"turns":3},{"damage":19,"enemies":"Maw","floor":42,"turns":4},{"damage":5,"enemies":"Mysterious Sphere","floor":45,"turns":3},{"damage":43,"enemies":"Time Eater","floor":50,"turns":6}],"event_choices":[{"event_name":"The Lab","player_choice":"Got Potions","floor":20,"damage_taken":0},{"event_name":"Bonfire Elementals","player_choice":"RARE","floor":21,"damage_taken":0},{"event_name":"Wheel of Change","player_choice":"Curse","floor":29,"damage_taken":0},{"event_name":"Winding Halls","player_choice":"Embrace Madness","floor":37,"damage_taken":0},{"event_name":"Tomb of Lord Red Mask","player_choice":"Paid","floor":39,"damage_taken":0},{"event_name":"Mysterious Sphere","player_choice":"Fight","floor":45,"damage_taken":0},{"event_name":"Accursed Blacksmith","player_choice":"Forge","floor":46,"damage_taken":0},{"event_name":"The Woman in Blue","player_choice":"Bought 1 Potion","floor":48,"damage_taken":0}],"boss_relics":[{"not_picked":["Velvet Choker","Astrolabe"],"picked":"The Specimen"},{"not_picked":["Runic Pyramid","Eternal Feather"],"picked":"Philosopher\u0027s Stone"}],"potions_floor_spawned":[3,10,14,18,19,24,27,45],"seed_played":"-1070690022715852051","ascension_level":0,"is_trial":false}