{"gold_per_floor":[144,144,189,234,279,279,369,319,369,414,414,504,549,684,684,984,984,984,1029,1074,774,819,819],"floor_reached":23,"playtime":7112,"items_purged":[],"score":230,"play_id":"bc27f416-6f31-4945-a7b8-39ca6f6cbfb8","local_time":"20180703194749","daily_mods":["Allstar","Midas","Binary"],"is_ascension_mode":false,"campfire_choices":[{"floor":6,"key":"REST"},{"floor":11,"key":"REST"},{"floor":15,"key":"REST"}],"neow_cost":"","seed_source_timestamp":0,"circlet_count":0,"master_deck":["Defend_G","Defend_G","Defend_G","Defend_G","Defend_G+1","Strike_G","Strike_G","Strike_G","Strike_G","Strike_G+1","Survivor","Neutralize","Swift Strike","Bandage Up","Jack Of All Trades","Flash of Steel","Dagger Throw","Caltrops","Cloak And Dagger","Dodge and Roll","Caltrops","Deflect","Venomology","Riddle With Holes+1","Footwork+1","Flying Knee"],"special_seed":17716,"relics":["Ring of the Snake","Bag of Marbles","Oddly Smooth Stone","Unceasing Top","Strawberry","White Beast Statue","Bag of Preparation","Blood Vial"],"potions_floor_usage":[7,16,16,19,19,20,20,20,22,22,23,23,23],"damage_taken":[{"damage":11,"enemies":"Jaw Worm","floor":1,"turns":4},{"damage":0,"enemies":"2 Louse","floor":3,"turns":2},{"damage":0,"enemies":"Cultist","floor":4,"turns":3},{"damage":0,"enemies":"2 Fungi Beasts","floor":5,"turns":3},{"damage":9,"enemies":"Gremlin Nob","floor":7,"turns":4},{"damage":3,"enemies":"Looter","floor":10,"turns":2},{"damage":1,"enemies":"3 Sentries","floor":12,"turns":7},{"damage":2,"enemies":"3 Louse","floor":13,"turns":3},{"damage":2,"enemies":"3 Sentries","floor":14,"turns":8},{"damage":10,"enemies":"Hexaghost","floor":16,"turns":9},{"damage":24,"enemies":"2 Thieves","floor":18,"turns":5},{"damage":29,"enemies":"Chosen","floor":19,"turns":8},{"damage":30,"enemies":"Sentry and Sphere","floor":20,"turns":7},{"damage":3,"enemies":"Snake Plant","floor":22,"turns":5},{"damage":30,"enemies":"Gremlin Leader","floor":23,"turns":8}],"seed_played":"-71874081359169380","potions_obtained":[{"floor":3,"key":"FearPotion"},{"floor":5,"key":"LiquidBronze"},{"floor":7,"key":"AttackPotion"},{"floor":12,"key":"Swift Potion"},{"floor":14,"key":"GhostInAJar"},{"floor":16,"key":"Energy Potion"},{"floor":19,"key":"SkillPotion"},{"floor":20,"key":"AttackPotion"},{"floor":22,"key":"Block Potion"}],"is_trial":false,"path_per_floor":["M","?","M","M","M","R","E","?","T","M","R","E","M","?","R","B",null,"M","M","M","$","M"],"character_chosen":"THE_SILENT","items_purchased":["Bag of Preparation","Blood Vial"],"campfire_rested":3,"item_purchase_floors":[21,21],"current_hp_per_floor":[59,45,49,55,59,70,61,61,61,62,70,70,68,76,77,71,77,57,36,10,10,13,0],"gold":819,"neow_bonus":"","is_prod":false,"is_daily":true,"chose_seed":false,"campfire_upgraded":0,"win_rate":0,"timestamp":1530672469,"path_taken":["M","?","M","?","M","R","E","?","T","M","R","E","M","?","R","BOSS","M","M","M","$","?","E"],"build_version":"2018-06-28","purchased_purges":0,"victory":false,"max_hp_per_floor":[70,70,70,70,70,70,70,70,70,70,70,70,70,77,77,77,77,77,77,77,77,77,77],"card_choices":[{"not_picked":["Prepared","Slice"],"picked":"SKIP","floor":1},{"not_picked":["Endless Agony"],"picked":"Dagger Throw","floor":3},{"not_picked":["Deflect"],"picked":"Caltrops","floor":4},{"not_picked":["Acrobatics"],"picked":"Cloak And Dagger","floor":5},{"not_picked":["Deadly Poison"],"picked":"Dodge and Roll","floor":7},{"not_picked":["Dash","Night Terror"],"picked":"SKIP","floor":10},{"not_picked":["Flechettes","Heel Hook"],"picked":"SKIP","floor":12},{"not_picked":["Acrobatics"],"picked":"Caltrops","floor":13},{"not_picked":["Expertise"],"picked":"Deflect","floor":14},{"not_picked":["Night Terror"],"picked":"Venomology","floor":16},{"not_picked":["Outmaneuver","Slice"],"picked":"SKIP","floor":18},{"not_picked":["Outmaneuver"],"picked":"Riddle With Holes+1","floor":19},{"not_picked":["Slice"],"picked":"Footwork+1","floor":20},{"not_picked":["Finisher"],"picked":"Flying Knee","floor":22}],"player_experience":342692,"relics_obtained":[{"floor":7,"key":"Bag of Marbles"},{"floor":9,"key":"Oddly Smooth Stone"},{"floor":12,"key":"Unceasing Top"},{"floor":14,"key":"Strawberry"}],"event_choices":[{"event_name":"Shining Light","player_choice":"Entered Light","floor":2,"damage_taken":0},{"event_name":"The Cleric","player_choice":"Card Removal","floor":8,"damage_taken":0},{"event_name":"Dead Adventurer","player_choice":"Searched \u00271\u0027 times","floor":14,"damage_taken":0}],"boss_relics":[{"not_picked":["Runic Dome","Runic Pyramid"],"picked":"White Beast Statue"}],"items_purged_floors":[],"is_endless":false,"potions_floor_spawned":[3,5,7,12,14,16,18,19,20,22],"killed_by":"Gremlin Leader","ascension_level":0}