{"gold_per_floor":[15,28,28,28,38,63,78,78,127,127,145,145,173,249,261,377,389,419,277,305,305,305,305,332,332,401,401,421,421,436,465,465,564,564,577,24,124,139,139,166,166,178,178,178,196,226,448,448,448,448],"floor_reached":51,"playtime":2326,"items_purged":["Strike_G","Defend_G"],"score":1193,"play_id":"2554f57d-219a-4f87-a23b-1c583000b06c","local_time":"20181022214324","is_ascension_mode":true,"campfire_choices":[{"data":"Terror","floor":8,"key":"SMITH"},{"floor":10,"key":"REST"},{"data":"Neutralize","floor":15,"key":"SMITH"},{"data":"A Thousand Cuts","floor":23,"key":"SMITH"},{"data":"Footwork","floor":27,"key":"SMITH"},{"floor":29,"key":"REST"},{"floor":32,"key":"REST"},{"data":"Burst","floor":41,"key":"SMITH"},{"data":"Blade Dance","floor":44,"key":"SMITH"},{"floor":49,"key":"REST"}],"neow_cost":"NO_GOLD","seed_source_timestamp":184033363243054,"circlet_count":0,"master_deck":["Defend_G","Defend_G","Defend_G","Defend_G","Strike_G","Strike_G","Strike_G","Survivor","Neutralize+1","Glass Knife","Blade Dance+1","Backflip+1","Cloak And Dagger","Infinite Blades","Terror+1","Blade Dance+1","A Thousand Cuts+1","Footwork+1","Leg Sweep+1","Infinite Blades","Cloak And Dagger","Burst+1","After Image+1"],"relics":["Ring of the Snake","Blue Candle","War Paint","Bag of Marbles","MawBank","Unceasing Top","Sozu","Red Mask","MutagenicStrength","Dream Catcher","Ninja Scroll","Kunai","Oddly Smooth Stone","Black Star","Sling","Mummified Hand","Paper Crane","Matryoshka","Boot","Bottled Tornado","Mercury Hourglass","Darkstone Periapt"],"potions_floor_usage":[6,13,33],"damage_taken":[{"damage":0,"enemies":"Small Slimes","floor":1,"turns":4},{"damage":0,"enemies":"Cultist","floor":2,"turns":3},{"damage":0,"enemies":"2 Louse","floor":5,"turns":3},{"damage":35,"enemies":"Lagavulin","floor":6,"turns":11},{"damage":0,"enemies":"Looter","floor":7,"turns":3},{"damage":0,"enemies":"3 Louse","floor":11,"turns":3},{"damage":0,"enemies":"Gremlin Nob","floor":13,"turns":3},{"damage":7,"enemies":"Gremlin Nob","floor":14,"turns":3},{"damage":26,"enemies":"The Guardian","floor":16,"turns":11},{"damage":1,"enemies":"3 Byrds","floor":18,"turns":5},{"damage":34,"enemies":"Masked Bandits","floor":20,"turns":5},{"damage":6,"enemies":"Slavers","floor":24,"turns":4},{"damage":1,"enemies":"Chosen","floor":28,"turns":2},{"damage":8,"enemies":"Snake Plant","floor":30,"turns":3},{"damage":0,"enemies":"Gremlin Leader","floor":31,"turns":4},{"damage":1,"enemies":"Automaton","floor":33,"turns":11},{"damage":9,"enemies":"3 Darklings","floor":35,"turns":6},{"damage":0,"enemies":"3 Shapes","floor":38,"turns":4},{"damage":0,"enemies":"Giant Head","floor":40,"turns":6},{"damage":20,"enemies":"3 Darklings","floor":42,"turns":4},{"damage":0,"enemies":"Transient","floor":45,"turns":5},{"damage":0,"enemies":"Nemesis","floor":46,"turns":3},{"damage":0,"enemies":"Awakened One","floor":50,"turns":12}],"seed_played":"1094019147531794170","potions_obtained":[{"floor":2,"key":"GhostInAJar"},{"floor":7,"key":"Energy Potion"},{"floor":11,"key":"FearPotion"}],"is_trial":false,"path_per_floor":["M","M","?","?","M","E","M","R","T","R","M","?","E","?","R","B",null,"M","$","?","?","?","R","E","T","T","R","M","R","M","E","R","B",null,"M","$","?","M","?","E","R","M","T","R","M","E","?","?","R","B"],"character_chosen":"THE_SILENT","items_purchased":["Footwork","Sling","Mummified Hand"],"campfire_rested":4,"item_purchase_floors":[19,36,36],"current_hp_per_floor":[70,70,70,58,58,23,23,23,23,44,44,44,44,37,37,11,55,54,54,20,20,20,20,14,14,14,14,13,34,26,26,47,46,64,55,55,55,55,55,55,55,35,35,35,35,35,35,35,56,56],"gold":448,"neow_bonus":"THREE_RARE_CARDS","is_prod":false,"is_daily":false,"chose_seed":false,"campfire_upgraded":6,"win_rate":0,"timestamp":1540259004,"path_taken":["M","M","?","?","M","E","M","R","T","R","?","?","E","?","R","BOSS","M","$","?","?","?","R","E","?","T","R","?","R","M","E","R","BOSS","M","$","?","M","?","E","R","M","T","R","?","E","?","?","R","BOSS"],"build_version":"2018-10-19","purchased_purges":2,"victory":true,"max_hp_per_floor":[70,70,70,70,70,70,70,70,70,70,70,70,70,70,70,70,70,70,70,70,70,70,70,70,70,70,70,70,70,70,70,70,70,70,70,70,70,70,70,70,70,70,70,70,70,70,70,70,70,70],"card_choices":[{"not_picked":["Grand Finale","Wraith Form v2"],"picked":"Glass Knife","floor":0},{"not_picked":["Slice","Deadly Poison"],"picked":"Blade Dance","floor":1},{"not_picked":["Bouncing Flask","Dodge and Roll","Outmaneuver"],"picked":"SKIP","floor":2},{"not_picked":["Deflect","Distraction"],"picked":"Cloak And Dagger","floor":5},{"not_picked":["Calculated Gamble","Dodge and Roll"],"picked":"Infinite Blades","floor":6},{"not_picked":["Blur","Slice"],"picked":"Terror","floor":7},{"not_picked":["Deadly Poison","Deflect","Acrobatics"],"picked":"SKIP","floor":11},{"not_picked":["Eviscerate","Deflect"],"picked":"Blade Dance","floor":13},{"not_picked":["Phantasmal Killer","Doppelganger"],"picked":"A Thousand Cuts","floor":16},{"not_picked":["Sucker Punch","Caltrops","Acrobatics"],"picked":"SKIP","floor":18},{"not_picked":["Dodge and Roll","Finisher"],"picked":"Leg Sweep+1","floor":24},{"not_picked":["Slice","Dodge and Roll"],"picked":"Infinite Blades","floor":28},{"not_picked":["Sucker Punch","Venomology"],"picked":"Cloak And Dagger","floor":29},{"not_picked":["PiercingWail","Cloak And Dagger","Distraction"],"picked":"SKIP","floor":30},{"not_picked":["Sucker Punch","Acrobatics+1","Deadly Poison"],"picked":"SKIP","floor":31},{"not_picked":["Riddle With Holes","Sucker Punch"],"picked":"Burst","floor":32},{"not_picked":["Storm of Steel","Wraith Form v2"],"picked":"After Image","floor":33},{"not_picked":["Dodge and Roll+1","Tactician+1","Deflect+1"],"picked":"SKIP","floor":35},{"not_picked":["Tactician","Blade Dance","Flechettes"],"picked":"SKIP","floor":38},{"not_picked":["Flying Knee+1","Bane+1","Backflip"],"picked":"SKIP","floor":40},{"not_picked":["Well Laid Plans","Concentrate+1","Catalyst"],"picked":"SKIP","floor":42},{"not_picked":["All Out Attack","Outmaneuver","Dagger Spray"],"picked":"SKIP","floor":45},{"not_picked":["Blade Dance","Deflect","Distraction"],"picked":"SKIP","floor":46}],"player_experience":377097,"relics_obtained":[{"floor":6,"key":"War Paint"},{"floor":9,"key":"Bag of Marbles"},{"floor":13,"key":"MawBank"},{"floor":14,"key":"Unceasing Top"},{"floor":20,"key":"Red Mask"},{"floor":24,"key":"Dream Catcher"},{"floor":25,"key":"Ninja Scroll"},{"floor":26,"key":"Kunai"},{"floor":31,"key":"Oddly Smooth Stone"},{"floor":40,"key":"Paper Crane"},{"floor":40,"key":"Matryoshka"},{"floor":43,"key":"Boot"},{"floor":43,"key":"Bottled Tornado"},{"floor":46,"key":"Mercury Hourglass"},{"floor":46,"key":"Darkstone Periapt"}],"event_choices":[{"damage_healed":0,"gold_gain":0,"player_choice":"1 cards matched","damage_taken":0,"max_hp_gain":0,"max_hp_loss":0,"event_name":"Match and Keep!","floor":3,"gold_loss":0,"cards_obtained":["Backflip"]},{"damage_healed":0,"gold_gain":0,"player_choice":"Success","damage_taken":12,"relics_obtained":["Blue Candle"],"max_hp_gain":0,"max_hp_loss":0,"event_name":"Scrap Ooze","floor":4,"gold_loss":0},{"damage_healed":0,"gold_gain":0,"player_choice":"Ignored","damage_taken":0,"max_hp_gain":0,"max_hp_loss":0,"event_name":"Liars Game","floor":12,"gold_loss":0},{"damage_healed":0,"gold_gain":0,"player_choice":"Searched \u00272\u0027 times","damage_taken":0,"max_hp_gain":0,"max_hp_loss":0,"event_name":"Dead Adventurer","floor":14,"gold_loss":0},{"damage_healed":0,"gold_gain":0,"player_choice":"Fought Bandits","damage_taken":0,"max_hp_gain":0,"max_hp_loss":0,"event_name":"Masked Bandits","floor":20,"gold_loss":0},{"damage_healed":0,"gold_gain":0,"player_choice":"Got Potions","damage_taken":0,"max_hp_gain":0,"max_hp_loss":0,"event_name":"The Lab","floor":21,"gold_loss":0},{"damage_healed":0,"gold_gain":0,"player_choice":"Inject Mutagens","damage_taken":0,"relics_obtained":["MutagenicStrength"],"max_hp_gain":0,"max_hp_loss":0,"event_name":"Drug Dealer","floor":22,"gold_loss":0},{"damage_healed":0,"gold_gain":100,"player_choice":"Pray","damage_taken":0,"max_hp_gain":0,"max_hp_loss":0,"event_name":"Golden Shrine","floor":37,"gold_loss":0},{"cards_removed":["Strike_G"],"damage_healed":0,"gold_gain":0,"player_choice":"Removed Attack","damage_taken":0,"max_hp_gain":0,"max_hp_loss":0,"event_name":"Falling","floor":39,"gold_loss":0},{"damage_healed":0,"gold_gain":222,"player_choice":"Wore Mask","damage_taken":0,"max_hp_gain":0,"max_hp_loss":0,"event_name":"Tomb of Lord Red Mask","floor":47,"gold_loss":0},{"damage_healed":0,"gold_gain":0,"player_choice":"Upgraded","damage_taken":0,"max_hp_gain":0,"max_hp_loss":0,"event_name":"Upgrade Shrine","floor":48,"gold_loss":0,"cards_upgraded":["After Image"]}],"is_beta":true,"boss_relics":[{"not_picked":["HoveringKite","Ectoplasm"],"picked":"Sozu"},{"not_picked":["Ring of the Serpent","Fusion Hammer"],"picked":"Black Star"}],"items_purged_floors":[19,36],"is_endless":false,"potions_floor_spawned":[2,7,11,18,24,28,45],"ascension_level":5}