{"gold_per_floor":[113,38,38,38,54,54,89,89,89,104,114,114,114,114,114,192,192,206,44,63,63],"floor_reached":21,"playtime":771,"items_purged":["Strike_B"],"score":345,"play_id":"bd2c0d47-6e53-4e5f-9c01-74c2d822aeb9","local_time":"20181109021743","is_ascension_mode":true,"campfire_choices":[{"data":"Dualcast","floor":6,"key":"SMITH"},{"floor":8,"key":"REST"},{"data":"Defragment","floor":13,"key":"SMITH"},{"data":"Capacitor","floor":15,"key":"SMITH"}],"neow_cost":"NONE","seed_source_timestamp":19093509890154,"circlet_count":0,"master_deck":["AscendersBane","Strike_B","Strike_B","Defend_B","Defend_B","Defend_B","Defend_B+1","Zap+1","Dualcast+1","Capacitor+1","Ball Lightning+1","Conserve Battery","Ball Lightning","Defragment+1","Creative AI","Coolheaded","Conserve Battery"],"relics":["Cracked Core","Omamori","DataDisk","Inserter","Tiny Chest"],"potions_floor_usage":[7,18],"damage_taken":[{"damage":9,"enemies":"Jaw Worm","floor":1,"turns":3},{"damage":0,"enemies":"2 Louse","floor":5,"turns":3},{"damage":20,"enemies":"Lagavulin","floor":7,"turns":5},{"damage":0,"enemies":"Cultist","floor":10,"turns":2},{"damage":15,"enemies":"Gremlin Gang","floor":11,"turns":3},{"damage":36,"enemies":"Slime Boss","floor":16,"turns":8},{"damage":25,"enemies":"Shell Parasite","floor":18,"turns":5},{"damage":31,"enemies":"3 Byrds","floor":20,"turns":4},{"damage":13,"enemies":"Centurion and Healer","floor":21,"turns":2}],"seed_played":"-8303442828004743358","potions_obtained":[{"floor":1,"key":"PowerPotion"},{"floor":16,"key":"Dexterity Potion"}],"is_trial":false,"path_per_floor":["M","$","?","?","M","R","E","R","T","M","M","?","R","?","R","B",null,"M","$","M","M"],"character_chosen":"DEFECT","items_purchased":["Tiny Chest","Coolheaded"],"campfire_rested":1,"item_purchase_floors":[19,19],"current_hp_per_floor":[62,62,62,62,62,62,42,65,65,65,50,76,76,53,53,17,63,38,38,7,0],"gold":63,"neow_bonus":"TEN_PERCENT_HP_BONUS","is_prod":false,"is_daily":false,"chose_seed":false,"campfire_upgraded":3,"win_rate":0,"timestamp":1541726263,"path_taken":["M","$","?","?","?","R","E","R","T","?","M","?","R","?","R","BOSS","M","$","M","M"],"build_version":"2018-11-01","purchased_purges":1,"victory":false,"max_hp_per_floor":[78,78,78,78,78,78,78,78,78,78,78,78,78,78,78,78,78,78,78,78,78],"card_choices":[{"not_picked":["Heatsinks","Hologram"],"picked":"Capacitor","floor":1},{"not_picked":["FTL","White Noise"],"picked":"Ball Lightning","floor":5},{"not_picked":["Gash","Steam"],"picked":"Conserve Battery","floor":7},{"not_picked":["Sweeping Beam","Stack"],"picked":"Ball Lightning","floor":10},{"not_picked":["Steam Power","Ball Lightning"],"picked":"Defragment","floor":11},{"not_picked":["Hyperbeam","Fission"],"picked":"Creative AI","floor":16},{"not_picked":["Stack","Rip and Tear","Redo"],"picked":"SKIP","floor":18},{"not_picked":["Go for the Eyes","Force Field"],"picked":"Conserve Battery","floor":20}],"player_experience":753792,"relics_obtained":[{"floor":7,"key":"Omamori"},{"floor":9,"key":"DataDisk"}],"event_choices":[{"damage_healed":0,"gold_gain":0,"player_choice":"Grow","damage_taken":0,"max_hp_gain":0,"max_hp_loss":0,"event_name":"Living Wall","floor":3,"gold_loss":0,"cards_upgraded":["Zap"]},{"cards_removed":["Strike_B"],"damage_healed":0,"gold_gain":0,"player_choice":"Offered Basic","damage_taken":0,"max_hp_gain":0,"max_hp_loss":0,"event_name":"Bonfire Elementals","floor":4,"gold_loss":0},{"damage_healed":26,"gold_gain":0,"player_choice":"Banana","damage_taken":0,"max_hp_gain":0,"max_hp_loss":0,"event_name":"Big Fish","floor":12,"gold_loss":0},{"damage_healed":0,"gold_gain":0,"player_choice":"Entered Light","damage_taken":23,"max_hp_gain":0,"max_hp_loss":0,"event_name":"Shining Light","floor":14,"gold_loss":0,"cards_upgraded":["Ball Lightning","Defend_B"]}],"is_beta":false,"boss_relics":[{"not_picked":["Astrolabe","Calling Bell"],"picked":"Inserter"}],"items_purged_floors":[2],"is_endless":false,"potions_floor_spawned":[1,16],"killed_by":"Centurion and Healer","ascension_level":19}