{"gold_per_floor":[119,119,119,119,132,132,188,188,188,208,5,5,33,52,52,149,149,160,16,16,28,39,39,39],"floor_reached":24,"playtime":1280,"items_purged":["Decay"],"score":281,"play_id":"141a50b1-3ba2-462d-96c1-016ca737de11","local_time":"20181008215449","is_ascension_mode":true,"campfire_choices":[{"data":"Neutralize","floor":6,"key":"SMITH"},{"floor":8,"key":"REST"},{"floor":15,"key":"REST"},{"data":"Mayhem","floor":23,"key":"SMITH"}],"neow_cost":"NONE","seed_source_timestamp":290055259666434,"circlet_count":0,"master_deck":["Defend_G","Defend_G+1","Defend_G","Defend_G","Defend_G+1","Strike_G","Strike_G","Strike_G","Strike_G","Survivor","Neutralize+1","Dagger Throw","Noxious Fumes","Flying Knee","Calculated Gamble","Cloak And Dagger","Mayhem+1","Footwork","Backflip","A Thousand Cuts","Deadly Poison+1","Footwork","Writhe","Bane+1"],"relics":["Ring of the Snake","Incense Burner","Bag of Preparation","The Specimen","Runic Dome","Mango"],"potions_floor_usage":[13,24],"damage_taken":[{"damage":2,"enemies":"Small Slimes","floor":1,"turns":5},{"damage":1,"enemies":"Jaw Worm","floor":5,"turns":6},{"damage":36,"enemies":"Gremlin Nob","floor":7,"turns":6},{"damage":0,"enemies":"Cultist","floor":10,"turns":4},{"damage":15,"enemies":"Gremlin Nob","floor":13,"turns":4},{"damage":6,"enemies":"Looter","floor":14,"turns":5},{"damage":2,"enemies":"Hexaghost","floor":16,"turns":15},{"damage":2,"enemies":"3 Byrds","floor":18,"turns":6},{"damage":22,"enemies":"Spheric Guardian","floor":21,"turns":6},{"damage":22,"enemies":"Centurion and Healer","floor":22,"turns":8},{"damage":33,"enemies":"Slavers","floor":24,"turns":3}],"seed_played":"-2464746497582106076","potions_obtained":[{"floor":7,"key":"Fire Potion"},{"floor":13,"key":"Fire Potion"},{"floor":14,"key":"Swift Potion"},{"floor":16,"key":"GamblersBrew"},{"floor":18,"key":"SkillPotion"},{"floor":21,"key":"Fire Potion"}],"is_trial":false,"path_per_floor":["M","?","?","?","M","R","?","R","T","M","$","?","E","M","R","B",null,"M","$","?","M","M","R"],"character_chosen":"THE_SILENT","items_purchased":["Mayhem","Footwork"],"campfire_rested":2,"item_purchase_floors":[11,19],"current_hp_per_floor":[61,47,40,40,39,39,3,24,24,24,24,24,9,3,24,22,58,56,56,70,48,26,26,0],"gold":39,"neow_bonus":"THREE_CARDS","is_prod":false,"is_daily":false,"chose_seed":false,"campfire_upgraded":2,"win_rate":0,"timestamp":1539028489,"path_taken":["M","?","?","?","M","R","?","R","T","?","$","?","E","?","R","BOSS","M","$","?","M","?","R","E"],"build_version":"2018-10-04","purchased_purges":1,"victory":false,"max_hp_per_floor":[70,70,70,70,70,70,70,70,70,70,70,70,70,70,70,70,70,70,70,84,84,84,84,84],"card_choices":[{"not_picked":["Quick Slash","Outmaneuver"],"picked":"Dagger Throw","floor":0},{"not_picked":["Backflip","Outmaneuver"],"picked":"Noxious Fumes","floor":1},{"not_picked":["Dagger Throw","Reflex"],"picked":"Flying Knee","floor":5},{"not_picked":["Flying Knee","Eviscerate"],"picked":"Calculated Gamble","floor":7},{"not_picked":["Acrobatics","Terror"],"picked":"Cloak And Dagger","floor":10},{"not_picked":["Cloak And Dagger","Deflect"],"picked":"Footwork","floor":13},{"not_picked":["Deadly Poison","Blur"],"picked":"Backflip","floor":14},{"not_picked":["Envenom","Bullet Time"],"picked":"A Thousand Cuts","floor":16},{"not_picked":["Setup","Prepared"],"picked":"Deadly Poison+1","floor":18},{"not_picked":["Deadly Poison","All Out Attack","Deflect"],"picked":"SKIP","floor":21},{"not_picked":["Catalyst","Outmaneuver"],"picked":"Bane+1","floor":22}],"player_experience":195512,"relics_obtained":[{"floor":9,"key":"Bag of Preparation"},{"floor":13,"key":"The Specimen"}],"event_choices":[{"event_name":"Shining Light","player_choice":"Entered Light","floor":2,"damage_taken":0},{"event_name":"Golden Wing","player_choice":"Card Removal","floor":3,"damage_taken":0},{"event_name":"Golden Idol","player_choice":"Ignored","floor":4,"damage_taken":0},{"event_name":"Dead Adventurer","player_choice":"Searched \u00272\u0027 times","floor":7,"damage_taken":0},{"event_name":"Wheel of Change","player_choice":"Curse","floor":12,"damage_taken":0},{"event_name":"The Mausoleum","player_choice":"Yes","floor":20,"damage_taken":0}],"is_beta":true,"boss_relics":[{"not_picked":["Philosopher\u0027s Stone","Black Star"],"picked":"Runic Dome"}],"items_purged_floors":[19],"is_endless":false,"potions_floor_spawned":[7,13,14,16,18,21],"killed_by":"Slavers","ascension_level":9}