{"gold_per_floor":[14,34,45,55,55,55,74,91,143,143],"floor_reached":10,"playtime":467,"items_purged":[],"score":81,"play_id":"9376e076-011b-480e-b2e1-840c14576c62","local_time":"20180915034405","is_ascension_mode":true,"campfire_choices":[{"data":"Seek","floor":6,"key":"SMITH"}],"neow_cost":"NO_GOLD","seed_source_timestamp":48023085029874,"circlet_count":0,"master_deck":["Strike_B","Strike_B","Strike_B","Strike_B","Defend_B","Defend_B","Defend_B","Defend_B","Zap","Dualcast","Seek+1","Conserve Battery","Defragment"],"relics":["Cracked Core","WingedGreaves","Bag of Marbles"],"potions_floor_usage":[7,7,8,8],"damage_taken":[{"damage":0,"enemies":"2 Louse","floor":1,"turns":2},{"damage":0,"enemies":"Cultist","floor":2,"turns":3},{"damage":0,"enemies":"Small Slimes","floor":3,"turns":2},{"damage":6,"enemies":"Blue Slaver","floor":4,"turns":4},{"damage":16,"enemies":"Large Slime","floor":7,"turns":9},{"damage":14,"enemies":"Exordium Thugs","floor":8,"turns":6},{"damage":42,"enemies":"Gremlin Nob","floor":10,"turns":3}],"seed_played":"-9016117123343571833","potions_obtained":[{"floor":3,"key":"SkillPotion"},{"floor":5,"key":"Ancient Potion"},{"floor":5,"key":"Fruit Juice"},{"floor":5,"key":"FocusPotion"},{"floor":7,"key":"Poison Potion"},{"floor":8,"key":"Swift Potion"}],"is_trial":false,"path_per_floor":["M","M","M","M","?","R","M","M","T"],"character_chosen":"DEFECT","items_purchased":[],"campfire_rested":0,"item_purchase_floors":[],"current_hp_per_floor":[68,68,68,62,62,62,51,37,37,0],"gold":143,"neow_bonus":"ONE_RARE_RELIC","is_prod":false,"is_daily":false,"chose_seed":false,"campfire_upgraded":1,"win_rate":0,"timestamp":1536975845,"path_taken":["M","M","M","M","?","R","M","?","T","E"],"build_version":"2018-09-06","purchased_purges":0,"victory":false,"max_hp_per_floor":[75,75,75,75,75,75,80,80,80,80],"card_choices":[{"not_picked":["Leap","Redo","Rebound"],"picked":"SKIP","floor":1},{"not_picked":["Steam Power","Gash","Chaos"],"picked":"SKIP","floor":2},{"not_picked":["Reinforced Body","Skim","Streamline"],"picked":"SKIP","floor":3},{"not_picked":["Hologram","Darkness"],"picked":"Seek","floor":4},{"not_picked":["Turbo","Cold Snap"],"picked":"Conserve Battery","floor":7},{"not_picked":["Streamline","Static Discharge"],"picked":"Defragment","floor":8}],"player_experience":172529,"relics_obtained":[{"floor":9,"key":"Bag of Marbles"}],"event_choices":[{"event_name":"The Lab","player_choice":"Got Potions","floor":5,"damage_taken":0}],"is_beta":false,"boss_relics":[],"items_purged_floors":[],"is_endless":false,"potions_floor_spawned":[3,7,8],"killed_by":"Gremlin Nob","ascension_level":6}