{"path_per_floor":["M","M","?","?","?","E","M","E","T","?","$","M","?","E","R","B",null,"M","$","?","?","?","E","R","E","T","M","R","?","E","$","R","B",null,"M","?","M","?","M","R","E","$","T","R","M","?","?","E","R","B"],"character_chosen":"DEFECT","items_purchased":["Chill","Blizzard","Happy Flower","Glacier","Lee\u0027s Waffle"],"gold_per_floor":[116,136,136,136,136,161,178,211,261,261,149,162,162,191,191,289,289,304,154,154,154,134,159,159,193,193,210,210,125,151,22,22,126,126,144,144,157,157,170,170,200,2,2,2,13,13,13,41,41,41],"floor_reached":51,"campfire_rested":5,"playtime":7806,"item_purchase_floors":[11,11,19,31,42],"current_hp_per_floor":[75,75,75,75,68,68,68,55,55,40,40,40,40,38,60,47,89,79,79,79,79,79,61,61,30,30,31,57,57,57,57,83,57,89,85,85,80,80,57,83,65,96,96,96,96,96,96,95,95,95],"items_purged":["Regret"],"gold":41,"score":1008,"play_id":"b0db3a54-8861-429f-a550-0c7b1c779a0f","local_time":"20180614192659","is_prod":false,"is_daily":false,"chose_seed":false,"is_ascension_mode":true,"campfire_upgraded":2,"win_rate":0,"timestamp":1529029619,"campfire_choices":[{"floor":15,"key":"REST"},{"data":"Blizzard","floor":24,"key":"SMITH"},{"floor":28,"key":"REST"},{"floor":32,"key":"REST"},{"floor":40,"key":"REST"},{"data":"Capacitor","floor":44,"key":"SMITH"},{"floor":49,"key":"REST"}],"path_taken":["M","M","?","?","?","E","M","E","T","?","?","?","?","E","R","BOSS","M","$","?","?","?","E","R","E","T","M","R","?","E","$","R","BOSS","M","?","M","?","M","R","E","$","T","R","?","?","?","E","R","BOSS"],"build_version":"2018-06-07v3","seed_source_timestamp":68818282707363,"purchased_purges":1,"victory":true,"master_deck":["Strike_B+1","Strike_B+1","Defend_B+1","Defend_B+1","Defend_B+1","Zap+1","Dualcast+1","Leap+1","Cold Snap+1","Beam Cell+1","Go for the Eyes+1","Chill+1","Blizzard+1","Cold Snap+1","Ball Lightning+1","Core Surge+1","Clumsy","Clumsy","Rip and Tear+1","Strike_B+1","RitualDagger+1","Capacitor+1","Steam+1","Seek+1","Glacier+1","Core Surge+1","Coolheaded+1","Trip+1","Zap+1","Leap+1","Beam Cell+1","Capacitor+1"],"max_hp_per_floor":[75,75,75,75,75,75,75,75,75,75,75,75,75,75,75,75,89,89,89,89,89,89,89,89,89,89,89,89,89,89,89,89,89,89,89,89,89,89,89,89,89,96,96,96,96,96,96,96,96,96],"relics":["Cracked Core","NeowsBlessing","Smiling Mask","Boot","Vajra","Bag of Marbles","Bottled Flame","Calling Bell","Ancient Tea Set","Matryoshka","Mango","Happy Flower","Pen Nib","Blood Vial","Omamori","Toolbox","Prayer Wheel","Dodecahedron","Black Star","Ornamental Fan","Frozen Egg 2","Lee\u0027s Waffle","Orichalcum","Kunai","Mark of the Bloom","Bronze Scales","War Paint"],"card_choices":[{"not_picked":["Conserve Battery","Redo"],"picked":"Leap","floor":1},{"not_picked":["BootSequence","Coolheaded"],"picked":"Cold Snap","floor":2},{"not_picked":["Skim","Rebound"],"picked":"Beam Cell","floor":6},{"not_picked":["Hello World","Gash","BootSequence"],"picked":"SKIP","floor":7},{"not_picked":["Coolheaded","Turbo"],"picked":"Go for the Eyes","floor":8},{"not_picked":["Redo","Heatsinks"],"picked":"Cold Snap","floor":12},{"not_picked":["Loop","Conserve Battery"],"picked":"Ball Lightning","floor":14},{"not_picked":["Amplify","Reboot"],"picked":"Core Surge","floor":16},{"not_picked":["Beam Cell+1","Cold Snap"],"picked":"Rip and Tear+1","floor":18},{"not_picked":["Lockon","Turbo+1"],"picked":"Capacitor","floor":23},{"not_picked":["Rebound","Hologram"],"picked":"Steam+1","floor":25},{"not_picked":["Scrape","Barrage","Gash"],"picked":"SKIP","floor":27},{"not_picked":["Lockon","Static Discharge"],"picked":"Seek","floor":30},{"not_picked":["Creative AI","Echo Form"],"picked":"Core Surge","floor":33},{"not_picked":["Cold Snap","Go for the Eyes"],"picked":"Coolheaded","floor":35},{"not_picked":["Stack+1","Rebound","Doom and Gloom"],"picked":"SKIP","floor":35},{"not_picked":["Purity","Panache"],"picked":"Trip","floor":36},{"not_picked":["Turbo","Compile Driver","Stack"],"picked":"SKIP","floor":37},{"not_picked":["Sunder+1","Static Discharge+1","Steam Power+1"],"picked":"SKIP","floor":37},{"not_picked":["Melter+1","Go for the Eyes"],"picked":"Leap+1","floor":39},{"not_picked":["Compile Driver+1","Hologram+1","Leap"],"picked":"SKIP","floor":39},{"not_picked":["Rebound+1","Double Energy+1","Barrage+1"],"picked":"SKIP","floor":41},{"not_picked":["Stack+1","Recycle+1","Redo+1"],"picked":"SKIP","floor":45},{"not_picked":["Hologram+1","Beam Cell+1","Sweeping Beam+1"],"picked":"SKIP","floor":45},{"not_picked":["Hologram+1","Sweeping Beam+1"],"picked":"Beam Cell+1","floor":45},{"not_picked":["Stack+1","Recycle+1","Redo+1"],"picked":"SKIP","floor":45},{"not_picked":["Genetic Algorithm+1","Doom and Gloom+1","Glacier+1"],"picked":"SKIP","floor":48}],"player_experience":303862,"potions_floor_usage":[14,16,16,23,23,25,37,39,50,50],"damage_taken":[{"damage":0,"enemies":"Cultist","floor":1,"turns":1},{"damage":0,"enemies":"2 Louse","floor":2,"turns":1},{"damage":0,"enemies":"Gremlin Nob","floor":6,"turns":1},{"damage":0,"enemies":"Jaw Worm","floor":7,"turns":2},{"damage":13,"enemies":"3 Sentries","floor":8,"turns":9},{"damage":0,"enemies":"Large Slime","floor":12,"turns":4},{"damage":2,"enemies":"Gremlin Nob","floor":14,"turns":3},{"damage":13,"enemies":"The Guardian","floor":16,"turns":8},{"damage":10,"enemies":"Spheric Guardian","floor":18,"turns":5},{"damage":18,"enemies":"Gremlin Leader","floor":23,"turns":7},{"damage":45,"enemies":"Slavers","floor":25,"turns":5},{"damage":1,"enemies":"Chosen","floor":27,"turns":3},{"damage":2,"enemies":"Gremlin Leader","floor":30,"turns":7},{"damage":28,"enemies":"Collector","floor":33,"turns":8},{"damage":4,"enemies":"Orb Walker","floor":35,"turns":3},{"damage":7,"enemies":"3 Darklings","floor":37,"turns":3},{"damage":25,"enemies":"Maw","floor":39,"turns":8},{"damage":20,"enemies":"Nemesis","floor":41,"turns":7},{"damage":0,"enemies":"4 Shapes","floor":45,"turns":4},{"damage":1,"enemies":"2 Orb Walkers","floor":48,"turns":3},{"damage":0,"enemies":"Donu and Deca","floor":50,"turns":9}],"relics_obtained":[{"floor":6,"key":"Boot"},{"floor":8,"key":"Vajra"},{"floor":9,"key":"Bag of Marbles"},{"floor":14,"key":"Bottled Flame"},{"floor":17,"key":"Ancient Tea Set"},{"floor":17,"key":"Matryoshka"},{"floor":17,"key":"Mango"},{"floor":23,"key":"Pen Nib"},{"floor":25,"key":"Blood Vial"},{"floor":26,"key":"Omamori"},{"floor":26,"key":"Toolbox"},{"floor":30,"key":"Dodecahedron"},{"floor":41,"key":"Ornamental Fan"},{"floor":41,"key":"Frozen Egg 2"},{"floor":43,"key":"Orichalcum"},{"floor":43,"key":"Kunai"},{"floor":48,"key":"Bronze Scales"},{"floor":48,"key":"War Paint"}],"event_choices":[{"event_name":"Purifier","player_choice":"One Purge","floor":3,"damage_taken":0},{"event_name":"Living Wall","player_choice":"Forget","floor":4,"damage_taken":0},{"event_name":"Scrap Ooze","player_choice":"success","floor":5,"damage_taken":7},{"event_name":"Shining Light","player_choice":"Entered Light","floor":10,"damage_taken":0},{"event_name":"Upgrade Shrine","player_choice":"Upgraded","floor":13,"damage_taken":0},{"event_name":"Nest","player_choice":"Joined the Cult","floor":20,"damage_taken":0},{"event_name":"Back to Basics","player_choice":"Simplicity","floor":21,"damage_taken":0},{"event_name":"The Woman in Blue","player_choice":"Bought 1 Potion","floor":22,"damage_taken":0},{"event_name":"Addict","player_choice":"Obtained Relic","floor":29,"damage_taken":0},{"event_name":"SensoryStone","player_choice":"Memory 1","floor":36,"damage_taken":0},{"event_name":"Match and Keep!","player_choice":"1 cards matched","floor":38,"damage_taken":0},{"event_name":"MindBloom","player_choice":"Upgrade","floor":46,"damage_taken":0},{"event_name":"Duplicator","player_choice":"One dupe","floor":47,"damage_taken":0}],"boss_relics":[{"not_picked":["Inserter","Philosopher\u0027s Stone"],"picked":"Calling Bell"},{"not_picked":["Snecko Eye","White Beast Statue"],"picked":"Black Star"}],"items_purged_floors":[31],"potions_floor_spawned":[2,8,14,16,18,33,35,37,39],"seed_played":"4871709358296375660","ascension_level":2,"potions_obtained":[{"floor":2,"key":"SkillPotion"},{"floor":8,"key":"Poison Potion"},{"floor":14,"key":"SkillPotion"},{"floor":16,"key":"Regen Potion"},{"floor":18,"key":"Explosive Potion"},{"floor":22,"key":"AttackPotion"},{"floor":33,"key":"AttackPotion"},{"floor":35,"key":"GamblersBrew"},{"floor":37,"key":"Poison Potion"},{"floor":39,"key":"FocusPotion"}],"is_trial":false}