{"gold_per_floor":[113,113,128,128,139,139,172,172,172,172,195,174,190,190],"floor_reached":14,"playtime":496,"items_purged":[],"score":150,"play_id":"ea9ec14e-212a-4c55-bb83-06c94ed8e96c","local_time":"20180707160005","is_ascension_mode":true,"campfire_choices":[{"floor":6,"key":"REST"},{"floor":8,"key":"REST"},{"data":"Bouncing Flask","floor":10,"key":"SMITH"}],"neow_cost":"","seed_source_timestamp":1224275834123843,"circlet_count":0,"master_deck":["Defend_G","Defend_G","Defend_G","Defend_G","Strike_G","Strike_G","Strike_G","Strike_G","Survivor","Neutralize","AscendersBane","Flying Knee","Bouncing Flask+1","Sucker Punch","Backflip","Flying Knee","Malaise"],"relics":["Ring of the Snake","Ice Cream","Dodecahedron","Odd Mushroom"],"potions_floor_usage":[7,7,14],"damage_taken":[{"damage":4,"enemies":"Small Slimes","floor":1,"turns":5},{"damage":1,"enemies":"Jaw Worm","floor":3,"turns":3},{"damage":4,"enemies":"2 Louse","floor":5,"turns":3},{"damage":40,"enemies":"Gremlin Nob","floor":7,"turns":6},{"damage":39,"floor":11,"turns":4},{"damage":0,"enemies":"Looter","floor":13,"turns":4},{"damage":20,"enemies":"Large Slime","floor":14,"turns":5}],"seed_played":"2570142738137297988","potions_obtained":[{"floor":3,"key":"Dexterity Potion"},{"floor":5,"key":"Regen Potion"},{"floor":13,"key":"EssenceOfSteel"}],"is_trial":false,"path_per_floor":["M","?","M","?","M","R","E","R","T","R","?","?","M"],"character_chosen":"THE_SILENT","items_purchased":[],"campfire_rested":2,"item_purchase_floors":[],"current_hp_per_floor":[55,55,54,47,43,62,34,53,53,53,14,14,14,0],"gold":190,"neow_bonus":"","is_prod":false,"is_daily":false,"chose_seed":false,"campfire_upgraded":1,"win_rate":0,"timestamp":1531004405,"path_taken":["M","?","M","?","?","R","E","R","T","R","?","?","M","M"],"build_version":"2018-07-05","purchased_purges":0,"victory":false,"max_hp_per_floor":[66,66,66,66,66,66,66,66,66,66,66,66,66,66],"card_choices":[{"not_picked":["Outmaneuver","Distraction"],"picked":"Flying Knee","floor":1},{"not_picked":["Eviscerate","Slice"],"picked":"Bouncing Flask","floor":3},{"not_picked":["Backflip","Caltrops"],"picked":"Sucker Punch","floor":5},{"not_picked":["Flying Knee","Expertise"],"picked":"Backflip","floor":7},{"not_picked":["Dash","PiercingWail"],"picked":"Flying Knee","floor":11},{"not_picked":["Caltrops","A Thousand Cuts"],"picked":"Malaise","floor":13}],"player_experience":356538,"relics_obtained":[{"floor":7,"key":"Ice Cream"},{"floor":9,"key":"Dodecahedron"},{"floor":11,"key":"Odd Mushroom"}],"event_choices":[{"event_name":"Living Wall","player_choice":"Forget","floor":2,"damage_taken":0},{"event_name":"Golden Wing","player_choice":"Card Removal","floor":4,"damage_taken":0},{"event_name":"Mushrooms","player_choice":"Fought Mushrooms","floor":11,"damage_taken":0},{"event_name":"World of Goop","player_choice":"Left","floor":12,"damage_taken":0}],"boss_relics":[],"items_purged_floors":[],"is_endless":false,"potions_floor_spawned":[3,5,13],"killed_by":"Large Slime","ascension_level":14}