{"path_per_floor":["M","M","M","?","T","R","M","R","T","E","R","M","R","M","R","B",null,"M","?","?","?","M","R","E","M","T","R","E","$","?","E","R","B",null,"M","M"],"character_chosen":"IRONCLAD","items_purchased":["Blood Vial","Apotheosis","Barricade"],"gold_per_floor":[116,130,145,145,145,145,164,164,246,276,276,287,287,305,305,404,404,416,956,956,956,968,968,999,1011,1064,1064,1092,543,458,492,492,592,592,608,626,626],"floor_reached":37,"campfire_rested":2,"playtime":3980,"item_purchase_floors":[29,29,29],"current_hp_per_floor":[39,43,45,45,45,45,41,41,41,52,52,47,47,48,48,33,80,75,19,19,19,21,45,32,36,36,60,55,55,55,45,45,33,80,56,56,0],"items_purged":["Entrench"],"gold":626,"score":495,"play_id":"201cf5b2-74b9-4f44-874d-f0d5bd064c65","local_time":"20180530093654","is_prod":false,"is_daily":false,"chose_seed":false,"is_ascension_mode":true,"campfire_upgraded":6,"win_rate":0,"timestamp":1527665814,"campfire_choices":[{"data":"Anger","floor":6,"key":"SMITH"},{"data":"Offering","floor":8,"key":"SMITH"},{"data":"Demon Form","floor":11,"key":"SMITH"},{"data":"Anger","floor":13,"key":"SMITH"},{"data":"Intimidate","floor":15,"key":"SMITH"},{"floor":23,"key":"REST"},{"floor":27,"key":"REST"},{"data":"Apotheosis","floor":32,"key":"SMITH"}],"path_taken":["M","M","M","?","?","R","M","R","T","E","R","M","R","?","R","BOSS","M","?","?","?","M","R","E","M","T","R","E","$","?","E","R","BOSS","M","M","M"],"build_version":"2018-05-28","seed_source_timestamp":231886039052713,"purchased_purges":1,"victory":false,"master_deck":["Bash","Offering+1","Shrug It Off","Armaments+1","Anger+1","Shrug It Off","Demon Form+1","Anger+1","Intimidate+1","Impervious+1","Uppercut","Wild Strike","Iron Wave","Rupture","Combust","Wild Strike","Anger","Shockwave+1","Cleave","Pommel Strike","Rupture","Apotheosis+1","Barricade","Demon Form","Warcry+1","Heavy Blade+1"],"max_hp_per_floor":[80,80,80,80,80,80,80,80,80,80,80,80,80,80,80,80,80,80,80,80,80,80,80,80,80,80,80,80,80,80,80,80,80,80,80,80,80],"relics":["Burning Blood","Darkstone Periapt","Self Forming Clay","Question Card","Pandora\u0027s Box","Thread and Needle","Happy Flower","Ancient Tea Set","Bottled Lightning","Blood Vial","War Paint","Bottled Flame","Mark of Pain"],"card_choices":[{"not_picked":["Double Tap","Bludgeon"],"picked":"Offering","floor":0},{"not_picked":["Headbutt","Clothesline"],"picked":"Shrug It Off","floor":1},{"not_picked":["Power Through","Hemokinesis"],"picked":"Armaments","floor":2},{"not_picked":["Searing Blow","Twin Strike"],"picked":"Anger","floor":3},{"not_picked":["Clash","Wild Strike"],"picked":"Shrug It Off","floor":7},{"not_picked":["Heavy Blade","Sever Soul"],"picked":"Demon Form","floor":10},{"not_picked":["True Grit","Cleave","Infernal Blade"],"picked":"Anger","floor":12},{"not_picked":["Clash","Thunderclap","Sword Boomerang"],"picked":"Intimidate","floor":14},{"not_picked":["Double Tap","Feed","Dark Embrace"],"picked":"Impervious","floor":16},{"not_picked":["Headbutt","Reckless Charge","Twin Strike"],"picked":"Shockwave","floor":18},{"not_picked":["Twin Strike","Ghostly Armor","True Grit+1"],"picked":"Cleave","floor":22},{"not_picked":["Dark Embrace","Headbutt+1","Burning Pact"],"picked":"Pommel Strike","floor":24},{"not_picked":["Sever Soul+1","Blood for Blood","Hemokinesis"],"picked":"Rupture","floor":25},{"not_picked":["Uppercut","Seeing Red","Inflame","Twin Strike"],"picked":"SKIP","floor":28},{"not_picked":["Thunderclap","True Grit+1","Body Slam","Clash+1"],"picked":"SKIP","floor":31},{"not_picked":["Offering","Dark Embrace","Double Tap"],"picked":"Demon Form","floor":33},{"not_picked":["Clothesline+1","Seeing Red","Pommel Strike"],"picked":"Warcry+1","floor":35},{"not_picked":["Ghostly Armor","Wild Strike+1","Twin Strike"],"picked":"Heavy Blade+1","floor":36}],"player_experience":138261,"potions_floor_usage":[10,10,18,18,24,25,31,33,37],"damage_taken":[{"damage":7,"enemies":"Small Slimes","floor":1,"turns":6},{"damage":2,"enemies":"Jaw Worm","floor":2,"turns":6},{"damage":4,"enemies":"Cultist","floor":3,"turns":5},{"damage":10,"enemies":"Looter","floor":7,"turns":3},{"damage":10,"enemies":"3 Sentries","floor":10,"turns":7},{"damage":11,"enemies":"2 Fungi Beasts","floor":12,"turns":4},{"damage":5,"enemies":"3 Louse","floor":14,"turns":3},{"damage":21,"enemies":"Slime Boss","floor":16,"turns":5},{"damage":11,"enemies":"2 Thieves","floor":18,"turns":3},{"damage":4,"enemies":"Shell Parasite","floor":22,"turns":5},{"damage":19,"enemies":"Gremlin Leader","floor":24,"turns":6},{"damage":2,"enemies":"Cultist and Chosen","floor":25,"turns":6},{"damage":11,"enemies":"Book of Stabbing","floor":28,"turns":4},{"damage":18,"enemies":"Slavers","floor":31,"turns":6},{"damage":20,"enemies":"Automaton","floor":33,"turns":5},{"damage":30,"enemies":"3 Darklings","floor":35,"turns":5},{"damage":8,"enemies":"Flame Bruiser 1 Orb","floor":36,"turns":5},{"damage":68,"enemies":"Transient","floor":37,"turns":4}],"relics_obtained":[{"floor":5,"key":"Darkstone Periapt"},{"floor":9,"key":"Self Forming Clay"},{"floor":10,"key":"Question Card"},{"floor":24,"key":"Happy Flower"},{"floor":26,"key":"Ancient Tea Set"},{"floor":28,"key":"Bottled Lightning"},{"floor":31,"key":"Bottled Flame"}],"event_choices":[{"event_name":"Living Wall","player_choice":"Grow","floor":4,"damage_taken":0},{"event_name":"Knowing Skull","player_choice":"GOLD GOLD GOLD GOLD GOLD GOLD ","floor":19,"damage_taken":0},{"event_name":"Back to Basics","player_choice":"Elegance","floor":20,"damage_taken":0},{"event_name":"Wheel of Change","player_choice":"Relic","floor":21,"damage_taken":0},{"event_name":"Addict","player_choice":"Obtained Relic","floor":30,"damage_taken":0}],"boss_relics":[{"not_picked":["Orrery","Tiny House"],"picked":"Pandora\u0027s Box"},{"not_picked":["Runic Pyramid","Runic Cube"],"picked":"Mark of Pain"}],"items_purged_floors":[29],"potions_floor_spawned":[2,3,7,14,16,24,28,31,36],"seed_played":"1748762360474123369","killed_by":"Transient","ascension_level":2,"potions_obtained":[{"floor":2,"key":"GamblersBrew"},{"floor":3,"key":"Regen Potion"},{"floor":7,"key":"Dexterity Potion"},{"floor":14,"key":"SpeedPotion"},{"floor":16,"key":"Energy Potion"},{"floor":24,"key":"Dexterity Potion"},{"floor":28,"key":"GamblersBrew"},{"floor":31,"key":"LiquidBronze"},{"floor":36,"key":"Regen Potion"}],"is_trial":false}