{"path_per_floor":["M","?","?","M","M","R","E","R","T","?","?","M","?","M","R","B",null,"M","M","?","?","?","R","M","R","T","M","M"],"character_chosen":"DEFECT","items_purchased":[],"gold_per_floor":[117,117,192,211,236,236,267,267,290,359,359,384,384,402,402,523,523,542,561,561,561,561,561,579,579,634,659,680,680],"floor_reached":29,"campfire_rested":4,"playtime":1017,"item_purchase_floors":[],"current_hp_per_floor":[68,50,39,39,26,48,20,42,42,42,42,38,38,35,72,51,75,49,47,47,47,31,68,54,54,54,26,28,0],"items_purged":[],"gold":680,"score":270,"play_id":"c42a8e70-517a-416d-a3f3-bdb4666f8321","local_time":"20180616130604","is_prod":false,"is_daily":false,"chose_seed":false,"is_ascension_mode":true,"campfire_upgraded":1,"win_rate":0,"timestamp":1529179564,"campfire_choices":[{"floor":6,"key":"REST"},{"floor":8,"key":"REST"},{"floor":15,"key":"REST"},{"floor":23,"key":"REST"},{"data":"Consume","floor":25,"key":"SMITH"}],"path_taken":["M","?","?","M","?","R","E","R","T","?","?","M","?","M","R","BOSS","M","M","?","?","?","R","M","R","T","M","?","E"],"build_version":"2018-06-14v2","seed_source_timestamp":225573679547720,"purchased_purges":0,"victory":false,"master_deck":["Strike_B+1","Strike_B+1","Strike_B+1","Strike_B+1","Defend_B+1","Defend_B+1","Defend_B+1","Defend_B+1","Zap","Dualcast","Ball Lightning+1","Compile Driver","Cold Snap+1","Blizzard+1","Chill","Fission","Cold Snap","Streamline+1","Consume+1","Leap","Barrage"],"max_hp_per_floor":[75,75,75,75,75,75,75,75,75,75,75,75,75,75,75,75,75,75,75,75,75,75,75,75,75,75,75,75,75],"relics":["Cracked Core","Blood Vial","Golden Idol","Whetstone","Regal Pillow","Oddly Smooth Stone","Sozu","Enchiridion","Ancient Tea Set"],"card_choices":[{"not_picked":["Cold Snap","Darkness"],"picked":"Ball Lightning","floor":1},{"not_picked":["Aggregate","Fission"],"picked":"Compile Driver","floor":4},{"not_picked":["Beam Cell","FTL"],"picked":"Cold Snap","floor":5},{"not_picked":["Sunder","Streamline"],"picked":"Blizzard","floor":7},{"not_picked":["Sweeping Beam","Rip and Tear"],"picked":"Chill","floor":12},{"not_picked":["Stack","Reinforced Body","Redo"],"picked":"SKIP","floor":14},{"not_picked":["Creative AI","Thunder Strike"],"picked":"Fission","floor":16},{"not_picked":["Fusion","Redo"],"picked":"Cold Snap","floor":18},{"not_picked":["Static Discharge+1","Doom and Gloom+1"],"picked":"Streamline+1","floor":19},{"not_picked":["FTL","Static Discharge","Stack"],"picked":"SKIP","floor":24},{"not_picked":["Sunder","Streamline+1"],"picked":"Leap","floor":27},{"not_picked":["Coolheaded+1","Reprogram"],"picked":"Barrage","floor":28}],"player_experience":318144,"potions_floor_usage":[16,16,16],"damage_taken":[{"damage":7,"enemies":"Small Slimes","floor":1,"turns":3},{"damage":2,"enemies":"Jaw Worm","floor":4,"turns":3},{"damage":15,"enemies":"2 Louse","floor":5,"turns":2},{"damage":30,"enemies":"Gremlin Nob","floor":7,"turns":4},{"damage":6,"enemies":"Exordium Wildlife","floor":12,"turns":3},{"damage":5,"enemies":"Blue Slaver","floor":14,"turns":2},{"damage":23,"enemies":"Hexaghost","floor":16,"turns":7},{"damage":26,"enemies":"Shell Parasite","floor":18,"turns":5},{"damage":4,"enemies":"Chosen","floor":19,"turns":5},{"damage":16,"enemies":"Centurion and Healer","floor":24,"turns":5},{"damage":30,"enemies":"Snake Plant","floor":27,"turns":3},{"damage":0,"enemies":"Cultist and Chosen","floor":28,"turns":6},{"damage":38,"enemies":"Slavers","floor":29,"turns":2}],"relics_obtained":[{"floor":7,"key":"Whetstone"},{"floor":9,"key":"Regal Pillow"},{"floor":22,"key":"Enchiridion"},{"floor":26,"key":"Ancient Tea Set"}],"event_choices":[{"event_name":"Golden Idol","player_choice":"Take Damage","floor":2,"damage_taken":0},{"event_name":"World of Goop","player_choice":"Gather Gold","floor":3,"damage_taken":0},{"event_name":"Golden Wing","player_choice":"Gained Gold","floor":10,"damage_taken":0},{"event_name":"Living Wall","player_choice":"Grow","floor":11,"damage_taken":0},{"event_name":"Dead Adventurer","player_choice":"Searched \u00271\u0027 times","floor":13,"damage_taken":0},{"event_name":"The Library","player_choice":"Read","floor":20,"damage_taken":0},{"event_name":"Back to Basics","player_choice":"Simplicity","floor":21,"damage_taken":0},{"event_name":"Cursed Tome","player_choice":"Obtained Book","floor":22,"damage_taken":0}],"boss_relics":[{"not_picked":["Orrery","Busted Crown"],"picked":"Sozu"}],"items_purged_floors":[],"is_endless":false,"potions_floor_spawned":[5,12,14,24,28],"seed_played":"-1887281198413458125","killed_by":"Slavers","ascension_level":4,"potions_obtained":[{"floor":5,"key":"FocusPotion"},{"floor":12,"key":"PowerPotion"},{"floor":14,"key":"SteroidPotion"}],"is_trial":false}