{"gold_per_floor":[144,189,189,189,189,279,279,369,369,369,414,414,459,504,504,804,804,849,411,411,456,456,546,546,96,121,166,166,256,301,346,346,646,646,691,441,441,291,336,336,426,471,471,516,606,675,720,765,765,765],"floor_reached":51,"playtime":2569,"items_purged":["Strike_B"],"score":882,"play_id":"663c0c37-af3f-4e24-85ac-1de17dfb8cb7","local_time":"20181010201856","daily_mods":["Cursed Run","ControlledChaos","Midas"],"is_ascension_mode":false,"campfire_choices":[{"floor":7,"key":"REST"},{"floor":15,"key":"REST"},{"floor":24,"key":"REST"},{"floor":32,"key":"REST"},{"floor":40,"key":"REST"},{"data":"1","floor":49,"key":"LIFT"}],"neow_cost":"","seed_source_timestamp":0,"circlet_count":0,"master_deck":["Strike_B+1","Strike_B+1","Defend_B","Defend_B","Defend_B","Defend_B","Zap","White Noise","White Noise+1","Heatsinks","Capacitor","Conserve Battery","Rainbow","Self Repair+1","Panacea","Coolheaded","Seek","Coolheaded","Core Surge","Decay","Parasite","Storm+1","Genetic Algorithm+1","Madness","Madness","Coolheaded+1","Coolheaded+1","Capacitor+1","Doubt","Heatsinks","Parasite"],"special_seed":17815,"relics":["Cursed Key","Darkstone Periapt","Du-Vu Doll","Frozen Eye","Kunai","Omamori","Vajra","PreservedInsect","Fusion Hammer","Ancient Tea Set","Mummified Hand","Lee\u0027s Waffle","Mercury Hourglass","Bag of Preparation","Question Card","Astrolabe","Symbiotic Virus","Orichalcum","Bird Faced Urn","Meat on the Bone","Potion Belt","Girya"],"potions_floor_usage":[16,16,33,41,50,50,50,50],"damage_taken":[{"damage":0,"enemies":"Small Slimes","floor":1,"turns":4},{"damage":0,"enemies":"2 Louse","floor":2,"turns":3},{"damage":8,"enemies":"3 Sentries","floor":6,"turns":3},{"damage":6,"enemies":"Lagavulin","floor":8,"turns":5},{"damage":6,"enemies":"Cultist","floor":11,"turns":3},{"damage":0,"enemies":"Large Slime","floor":13,"turns":4},{"damage":14,"enemies":"Blue Slaver","floor":14,"turns":3},{"damage":25,"enemies":"The Guardian","floor":16,"turns":5},{"damage":15,"enemies":"2 Thieves","floor":18,"turns":5},{"damage":14,"enemies":"3 Byrds","floor":21,"turns":4},{"damage":37,"enemies":"Book of Stabbing","floor":23,"turns":5},{"damage":0,"enemies":"3 Cultists","floor":27,"turns":3},{"damage":12,"enemies":"Slavers","floor":29,"turns":2},{"damage":8,"enemies":"Chosen and Byrds","floor":30,"turns":4},{"damage":10,"enemies":"Cultist and Chosen","floor":31,"turns":4},{"damage":3,"enemies":"Collector","floor":33,"turns":4},{"damage":10,"enemies":"Orb Walker","floor":35,"turns":3},{"damage":7,"enemies":"3 Darklings","floor":39,"turns":5},{"damage":19,"enemies":"Nemesis","floor":41,"turns":5},{"damage":0,"enemies":"Sphere and 2 Shapes","floor":42,"turns":4},{"damage":0,"enemies":"4 Shapes","floor":44,"turns":2},{"damage":26,"enemies":"2 Orb Walkers","floor":45,"turns":3},{"damage":18,"enemies":"Mysterious Sphere","floor":46,"turns":3},{"damage":8,"enemies":"Transient","floor":47,"turns":5},{"damage":2,"enemies":"Reptomancer","floor":48,"turns":4},{"damage":49,"enemies":"Time Eater","floor":50,"turns":8}],"seed_played":"-6142696012314150549","potions_obtained":[{"floor":1,"key":"PowerPotion"},{"floor":8,"key":"Swift Potion"},{"floor":11,"key":"FearPotion"},{"floor":14,"key":"PowerPotion"},{"floor":18,"key":"SkillPotion"},{"floor":29,"key":"Poison Potion"},{"floor":33,"key":"PowerPotion"},{"floor":39,"key":"Fruit Juice"},{"floor":42,"key":"FocusPotion"},{"floor":46,"key":"SpeedPotion"},{"floor":47,"key":"FearPotion"}],"is_trial":false,"path_per_floor":["M","M","?","$","?","E","R","E","T","?","M","?","M","M","R","B",null,"M","$","?","M","?","E","R","$","T","M","?","E","M","M","R","B",null,"M","$","?","$","M","R","E","M","T","M","E","?","M","M","R","B"],"character_chosen":"DEFECT","items_purchased":["Self Repair","Panacea","Ancient Tea Set","Coolheaded","Lee\u0027s Waffle","Mercury Hourglass","Symbiotic Virus","Orichalcum"],"campfire_rested":5,"item_purchase_floors":[19,19,19,19,25,25,36,38],"current_hp_per_floor":[75,75,60,60,60,52,74,68,68,68,62,59,59,45,67,42,75,60,60,60,53,53,26,48,82,88,88,88,86,88,88,88,94,106,106,106,93,93,96,106,102,111,117,117,107,117,117,117,117,96],"gold":765,"neow_bonus":"","is_prod":false,"is_daily":true,"chose_seed":false,"campfire_upgraded":0,"win_rate":0,"timestamp":1539227936,"path_taken":["M","M","?","$","?","E","R","E","T","?","?","?","M","M","R","BOSS","M","$","?","M","?","E","R","?","T","M","?","E","M","M","R","BOSS","M","$","?","$","?","R","E","M","T","?","E","?","?","M","R","BOSS"],"build_version":"2018-10-04v2","purchased_purges":1,"victory":true,"max_hp_per_floor":[75,75,75,75,75,75,75,75,75,75,75,75,75,75,75,75,75,75,75,75,75,75,75,75,82,88,88,88,88,88,88,88,94,106,106,106,106,106,106,106,111,111,117,117,117,117,117,117,117,123],"card_choices":[{"not_picked":["Storm","Ball Lightning"],"picked":"White Noise","floor":1},{"not_picked":["Rebound","Glacier"],"picked":"White Noise","floor":2},{"not_picked":["Cold Snap","Lockon","Hologram"],"picked":"SKIP","floor":6},{"not_picked":["Steam","Rip and Tear","Creative AI"],"picked":"SKIP","floor":8},{"not_picked":["Sweeping Beam","Turbo"],"picked":"Heatsinks","floor":11},{"not_picked":["Stack","Steam"],"picked":"Capacitor","floor":13},{"not_picked":["Undo","Consume"],"picked":"Conserve Battery","floor":14},{"not_picked":["Hyperbeam","Electrodynamics"],"picked":"Rainbow","floor":16},{"not_picked":["Gash+1","Redo","Skim"],"picked":"SKIP","floor":18},{"not_picked":["Go for the Eyes","Cold Snap","Stack"],"picked":"SKIP","floor":21},{"not_picked":["Cold Snap","Darkness","Beam Cell"],"picked":"SKIP","floor":23},{"not_picked":["Beam Cell+1","Double Energy","Go for the Eyes+1"],"picked":"SKIP","floor":27},{"not_picked":["Barrage","Blizzard","Rebound"],"picked":"SKIP","floor":29},{"not_picked":["Ball Lightning","Steam","Streamline"],"picked":"Coolheaded","floor":30},{"not_picked":["Meteor Strike","Cold Snap","Aggregate","Hello World+1"],"picked":"SKIP","floor":31},{"not_picked":["Creative AI","Buffer","Multi-Cast"],"picked":"Core Surge","floor":33},{"not_picked":["Sweeping Beam","Steam+1","Aggregate"],"picked":"Genetic Algorithm+1","floor":35},{"not_picked":["Rebound","Leap+1","Doom and Gloom"],"picked":"Coolheaded+1","floor":39},{"not_picked":["Multi-Cast","Glacier","Cold Snap+1"],"picked":"Coolheaded+1","floor":41},{"not_picked":["Lockon","Chill","Melter+1"],"picked":"Capacitor+1","floor":42},{"not_picked":["Reinforced Body+1","Capacitor+1","Static Discharge+1","Ball Lightning"],"picked":"SKIP","floor":44},{"not_picked":["Reinforced Body","Ball Lightning","Amplify","Steam Power"],"picked":"SKIP","floor":45},{"not_picked":["BootSequence+1","Reinforced Body+1","Streamline+1"],"picked":"Heatsinks","floor":46},{"not_picked":["Skim","Redo+1","Streamline+1","Undo+1"],"picked":"SKIP","floor":47},{"not_picked":["Go for the Eyes+1","Barrage","Gash","Beam Cell+1"],"picked":"SKIP","floor":48}],"player_experience":498778,"relics_obtained":[{"floor":6,"key":"Kunai"},{"floor":8,"key":"Omamori"},{"floor":9,"key":"Vajra"},{"floor":23,"key":"Mummified Hand"},{"floor":26,"key":"Bag of Preparation"},{"floor":29,"key":"Question Card"},{"floor":41,"key":"Bird Faced Urn"},{"floor":43,"key":"Meat on the Bone"},{"floor":45,"key":"Potion Belt"},{"floor":46,"key":"Girya"}],"event_choices":[{"event_name":"Shining Light","player_choice":"Entered Light","floor":3,"damage_taken":0},{"event_name":"Purifier","player_choice":"One Purge","floor":5,"damage_taken":0},{"event_name":"Living Wall","player_choice":"Grow","floor":10,"damage_taken":0},{"event_name":"Scrap Ooze","player_choice":"success","floor":12,"damage_taken":3},{"event_name":"Vampires","player_choice":"Ignored","floor":20,"damage_taken":0},{"event_name":"Upgrade Shrine","player_choice":"Upgraded","floor":22,"damage_taken":0},{"event_name":"The Library","player_choice":"Read","floor":28,"damage_taken":0},{"event_name":"Winding Halls","player_choice":"Embrace Madness","floor":37,"damage_taken":0},{"event_name":"Mysterious Sphere","player_choice":"Fight","floor":46,"damage_taken":0}],"is_beta":false,"boss_relics":[{"not_picked":["Coffee Dripper","Empty Cage"],"picked":"Fusion Hammer"},{"not_picked":["White Beast Statue","Philosopher\u0027s Stone"],"picked":"Astrolabe"}],"items_purged_floors":[19],"is_endless":false,"potions_floor_spawned":[1,8,11,14,18,29,31,33,35,39,42,46,47],"ascension_level":0}