{"gold_per_floor":[109,129,129,129,129,129,163,163,163,182,200,212,212,227,227,325,325,336,347,15,28,40,74,74,104,104,104,135,150,168,168,168,265,265,284,294,0,0,14,14,14,30,104,104,134,134,148,167,167,167],"floor_reached":51,"playtime":4198,"items_purged":[],"score":777,"play_id":"34f9c3ce-334d-47de-8298-c2ba3f60c209","local_time":"20180905221054","is_ascension_mode":true,"campfire_choices":[{"data":"Dualcast","floor":6,"key":"SMITH"},{"data":"Zap","floor":8,"key":"SMITH"},{"data":"Glacier","floor":13,"key":"SMITH"},{"data":"Glacier","floor":15,"key":"SMITH"},{"data":"Buffer","floor":24,"key":"SMITH"},{"data":"Defragment","floor":32,"key":"SMITH"},{"data":"Chill","floor":40,"key":"SMITH"},{"data":"Magnetism","floor":44,"key":"SMITH"},{"data":"Apotheosis","floor":46,"key":"SMITH"},{"data":"Chaos","floor":49,"key":"SMITH"}],"neow_cost":"","seed_source_timestamp":453139266671959,"circlet_count":0,"master_deck":["Strike_B+1","Strike_B","Strike_B+1","Strike_B","Defend_B","Defend_B","Defend_B","Defend_B","Zap+1","Dualcast+1","FTL","Lockon+1","Glacier+1","Rip and Tear","Glacier+1","Cold Snap","Buffer+1","Glacier","Chaos+1","Static Discharge","Beam Cell","Redo+1","Chill+1","Defragment+1","Blizzard+1","Multi-Cast","Bandage Up","Machine Learning","Rebound+1","Cold Snap","Madness","Madness","Magnetism+1","Apotheosis+1","Thinking Ahead","Rip and Tear+1","Clumsy","Hologram+1"],"relics":["Cracked Core","Mercury Hourglass","Kunai","Cursed Key","Matryoshka","Shuriken","Oddly Smooth Stone","Meat on the Bone","Letter Opener","Bag of Preparation","Busted Crown","Red Mask","Anchor","Blue Candle","Juzu Bracelet"],"potions_floor_usage":[7,16,22,25,28,33,36,39,45,50],"damage_taken":[{"damage":2,"enemies":"2 Louse","floor":1,"turns":2},{"damage":6,"enemies":"Jaw Worm","floor":2,"turns":3},{"damage":16,"enemies":"Lagavulin","floor":7,"turns":4},{"damage":0,"enemies":"Cultist","floor":10,"turns":1},{"damage":6,"enemies":"Large Slime","floor":11,"turns":4},{"damage":0,"enemies":"3 Louse","floor":12,"turns":1},{"damage":0,"enemies":"2 Fungi Beasts","floor":14,"turns":2},{"damage":40,"enemies":"The Guardian","floor":16,"turns":9},{"damage":2,"enemies":"Shell Parasite","floor":18,"turns":4},{"damage":0,"enemies":"Chosen","floor":19,"turns":4},{"damage":1,"enemies":"3 Cultists","floor":21,"turns":6},{"damage":4,"enemies":"Cultist and Chosen","floor":22,"turns":6},{"damage":12,"enemies":"Slavers","floor":23,"turns":7},{"damage":16,"enemies":"Book of Stabbing","floor":25,"turns":5},{"damage":28,"enemies":"Slavers","floor":28,"turns":3},{"damage":0,"enemies":"Snecko","floor":29,"turns":5},{"damage":1,"enemies":"Snake Plant","floor":30,"turns":4},{"damage":26,"enemies":"Automaton","floor":33,"turns":8},{"damage":0,"enemies":"3 Shapes","floor":35,"turns":2},{"damage":6,"enemies":"Orb Walker","floor":36,"turns":3},{"damage":14,"enemies":"4 Shapes","floor":39,"turns":4},{"damage":12,"enemies":"3 Darklings","floor":42,"turns":4},{"damage":0,"enemies":"2 Orb Walkers","floor":45,"turns":5},{"damage":15,"enemies":"Sphere and 2 Shapes","floor":47,"turns":6},{"damage":0,"enemies":"Transient","floor":48,"turns":5},{"damage":17,"enemies":"Awakened One","floor":50,"turns":13}],"seed_played":"5204667909694177276","potions_obtained":[{"floor":2,"key":"Strength Potion"},{"floor":12,"key":"AttackPotion"},{"floor":16,"key":"Swift Potion"},{"floor":21,"key":"Explosive Potion"},{"floor":22,"key":"FairyPotion"},{"floor":23,"key":"Swift Potion"},{"floor":30,"key":"PowerPotion"},{"floor":33,"key":"SpeedPotion"},{"floor":35,"key":"Explosive Potion"},{"floor":42,"key":"Weak Potion"},{"floor":47,"key":"Explosive Potion"}],"is_trial":false,"path_per_floor":["M","M","?","?","?","R","E","R","T","M","M","M","R","M","R","B",null,"M","M","$","M","M","E","R","E","T","?","E","M","M","?","R","B",null,"M","M","?","?","M","R","?","M","T","R","E","R","M","M","R","B"],"character_chosen":"DEFECT","items_purchased":["Matryoshka","Static Discharge"],"campfire_rested":0,"item_purchase_floors":[20,20],"current_hp_per_floor":[73,67,52,52,75,75,59,59,59,59,53,53,53,53,53,13,75,73,73,73,72,68,56,56,40,40,40,24,36,47,47,47,37,75,75,69,69,60,46,46,36,42,42,42,46,46,49,49,49,48],"gold":167,"neow_bonus":"","is_prod":false,"is_daily":false,"chose_seed":false,"campfire_upgraded":10,"win_rate":0,"timestamp":1536178254,"path_taken":["M","M","?","?","?","R","E","R","T","M","M","M","R","?","R","BOSS","M","M","?","M","M","E","R","E","T","?","E","?","M","?","R","BOSS","M","M","?","?","M","R","?","?","T","R","E","R","M","M","R","BOSS"],"build_version":"2018-08-30","purchased_purges":0,"victory":true,"max_hp_per_floor":[75,75,75,75,75,75,75,75,75,75,75,75,75,75,75,75,75,75,75,75,75,75,75,75,75,75,75,75,75,75,75,75,75,75,75,75,75,75,75,75,75,75,75,75,75,75,75,75,75,75],"card_choices":[{"not_picked":["Rebound","Go for the Eyes"],"picked":"FTL","floor":1},{"not_picked":["Go for the Eyes","Doom and Gloom"],"picked":"Lockon","floor":2},{"not_picked":["Go for the Eyes","Barrage"],"picked":"Glacier","floor":7},{"not_picked":["Leap","Turbo"],"picked":"Rip and Tear","floor":10},{"not_picked":["Coolheaded","Storm"],"picked":"Glacier","floor":11},{"not_picked":["Seek","Barrage"],"picked":"Cold Snap","floor":12},{"not_picked":["Skim","Compile Driver","Reinforced Body"],"picked":"SKIP","floor":14},{"not_picked":["Seek","Multi-Cast"],"picked":"Buffer","floor":16},{"not_picked":["Rebound","Cold Snap"],"picked":"Glacier","floor":18},{"not_picked":["Hologram","BootSequence"],"picked":"Chaos","floor":19},{"not_picked":["Streamline","Hologram","Turbo+1"],"picked":"SKIP","floor":21},{"not_picked":["Ball Lightning","Leap"],"picked":"Beam Cell","floor":22},{"not_picked":["Genetic Algorithm+1","Reinforced Body"],"picked":"Redo+1","floor":23},{"not_picked":["All For One","Reboot"],"picked":"Chill","floor":25},{"not_picked":["Redo","Force Field+1"],"picked":"Defragment","floor":28},{"not_picked":["Fusion","Gash+1","Barrage+1"],"picked":"SKIP","floor":29},{"not_picked":["Double Energy","Undo+1"],"picked":"Blizzard+1","floor":30},{"not_picked":["Thunder Strike","Meteor Strike"],"picked":"Machine Learning","floor":33},{"not_picked":[],"picked":"Rebound+1","floor":35},{"not_picked":[],"picked":"Cold Snap","floor":36},{"not_picked":["Lockon"],"picked":"SKIP","floor":39},{"not_picked":[],"picked":"Magnetism","floor":41},{"not_picked":[],"picked":"Apotheosis","floor":41},{"not_picked":[],"picked":"Thinking Ahead","floor":41},{"not_picked":[],"picked":"Rip and Tear+1","floor":42},{"not_picked":["Stack"],"picked":"SKIP","floor":45},{"not_picked":["Darkness"],"picked":"SKIP","floor":47},{"not_picked":[],"picked":"Hologram+1","floor":48}],"player_experience":120305,"relics_obtained":[{"floor":7,"key":"Mercury Hourglass"},{"floor":9,"key":"Kunai"},{"floor":23,"key":"Shuriken"},{"floor":25,"key":"Oddly Smooth Stone"},{"floor":26,"key":"Meat on the Bone"},{"floor":26,"key":"Letter Opener"},{"floor":28,"key":"Bag of Preparation"},{"floor":43,"key":"Anchor"},{"floor":43,"key":"Blue Candle"},{"floor":45,"key":"Juzu Bracelet"}],"event_choices":[{"event_name":"Shining Light","player_choice":"Entered Light","floor":3,"damage_taken":0},{"event_name":"Living Wall","player_choice":"Grow","floor":4,"damage_taken":0},{"event_name":"Big Fish","player_choice":"Banana","floor":5,"damage_taken":0},{"event_name":"Fountain of Cleansing","player_choice":"Removed Curse","floor":27,"damage_taken":0},{"event_name":"Match and Keep!","player_choice":"2 cards matched","floor":31,"damage_taken":0},{"event_name":"Tomb of Lord Red Mask","player_choice":"Paid","floor":37,"damage_taken":0},{"event_name":"Winding Halls","player_choice":"Embrace Madness","floor":38,"damage_taken":0},{"event_name":"SensoryStone","player_choice":"Memory 3","floor":41,"damage_taken":0}],"is_beta":false,"boss_relics":[{"not_picked":["Inserter","White Beast Statue"],"picked":"Cursed Key"},{"not_picked":["Calling Bell","Philosopher\u0027s Stone"],"picked":"Busted Crown"}],"items_purged_floors":[],"is_endless":false,"potions_floor_spawned":[2,12,16,21,22,23,30,33,35,42,47],"ascension_level":1}