{"gold_per_floor":[113,113,124,134,309,309,341,341,415,429,444,535,545,545],"floor_reached":14,"playtime":607,"items_purged":[],"score":129,"play_id":"70c6da27-f16c-46a6-9e84-6d9cf5590e1c","local_time":"20181108195538","is_ascension_mode":true,"campfire_choices":[{"data":"Coolheaded","floor":6,"key":"SMITH"},{"floor":8,"key":"REST"}],"neow_cost":"NONE","seed_source_timestamp":22003101248904,"circlet_count":0,"master_deck":["Strike_B","Strike_B","Strike_B","Strike_B","Defend_B","Defend_B","Defend_B","Defend_B","Zap","Dualcast","Go for the Eyes","Coolheaded+1","Doubt","Capacitor","Sweeping Beam","Sunder","Ball Lightning","Gash"],"relics":["Cracked Core","NeowsBlessing","PreservedInsect","The Courier","Tiny Chest"],"potions_floor_usage":[12,13,13],"damage_taken":[{"damage":0,"enemies":"2 Louse","floor":1,"turns":1},{"damage":0,"enemies":"Cultist","floor":3,"turns":1},{"damage":0,"enemies":"Small Slimes","floor":4,"turns":1},{"damage":47,"enemies":"Gremlin Nob","floor":7,"turns":5},{"damage":15,"enemies":"Gremlin Gang","floor":10,"turns":5},{"damage":8,"enemies":"Blue Slaver","floor":11,"turns":4},{"damage":25,"enemies":"3 Sentries","floor":12,"turns":8},{"damage":6,"enemies":"Large Slime","floor":13,"turns":5},{"damage":3,"enemies":"3 Sentries","floor":14,"turns":2}],"seed_played":"-7127608117402176594","potions_obtained":[{"floor":1,"key":"SpeedPotion"},{"floor":2,"key":"FairyPotion"},{"floor":2,"key":"Dexterity Potion"},{"floor":12,"key":"FocusPotion"}],"is_trial":false,"path_per_floor":["M","?","M","M","?","R","E","R","T","M","M","?","M","E"],"character_chosen":"DEFECT","items_purchased":[],"campfire_rested":1,"item_purchase_floors":[],"current_hp_per_floor":[68,68,68,68,68,68,21,43,43,28,20,7,1,0],"gold":545,"neow_bonus":"THREE_ENEMY_KILL","is_prod":false,"is_daily":false,"chose_seed":false,"campfire_upgraded":1,"win_rate":0,"timestamp":1541724938,"path_taken":["M","?","M","?","?","R","E","R","T","M","M","?","M","E"],"build_version":"2018-11-01","purchased_purges":0,"victory":false,"max_hp_per_floor":[75,75,75,75,75,75,75,75,75,75,75,75,75,75],"card_choices":[{"not_picked":["White Noise","Stack"],"picked":"Go for the Eyes","floor":1},{"not_picked":["Hologram","Storm"],"picked":"Coolheaded","floor":3},{"not_picked":["Beam Cell","Rebound","Hologram"],"picked":"SKIP","floor":4},{"not_picked":["Rip and Tear","Compile Driver"],"picked":"Capacitor","floor":7},{"not_picked":["BootSequence","Go for the Eyes"],"picked":"Sweeping Beam","floor":10},{"not_picked":["Hyperbeam","Leap"],"picked":"Sunder","floor":11},{"not_picked":["Stack","Beam Cell"],"picked":"Ball Lightning","floor":12},{"not_picked":["Turbo","Multi-Cast"],"picked":"Gash","floor":13}],"player_experience":194489,"relics_obtained":[{"floor":7,"key":"PreservedInsect"},{"floor":9,"key":"The Courier"},{"floor":12,"key":"Tiny Chest"}],"event_choices":[{"damage_healed":0,"gold_gain":0,"player_choice":"Got Potions","damage_taken":0,"max_hp_gain":0,"max_hp_loss":0,"event_name":"Lab","floor":2,"gold_loss":0},{"damage_healed":0,"gold_gain":175,"player_choice":"AGREE","damage_taken":0,"max_hp_gain":0,"max_hp_loss":0,"event_name":"Liars Game","floor":5,"gold_loss":0,"cards_obtained":["Doubt"]},{"damage_healed":0,"gold_gain":0,"player_choice":"Searched \u00271\u0027 times","damage_taken":0,"max_hp_gain":0,"max_hp_loss":0,"event_name":"Dead Adventurer","floor":12,"gold_loss":0}],"is_beta":false,"boss_relics":[],"items_purged_floors":[],"is_endless":false,"potions_floor_spawned":[1,3,11,12],"killed_by":"3 Sentries","ascension_level":8}