{"gold_per_floor":[111,124,124,31,50,50,78,78,78,78,111,41,41,58,58,156,156,171,1,1,1,63,63,23,73,73,138,214,230,263,279,279,279],"floor_reached":33,"playtime":1429,"items_purged":[],"score":353,"play_id":"e9fb70fd-76a6-4f01-b831-982460f12c2c","local_time":"20180914221404","is_ascension_mode":true,"campfire_choices":[{"floor":6,"key":"REST"},{"floor":8,"key":"REST"},{"floor":10,"key":"REST"},{"data":"Storm","floor":15,"key":"SMITH"},{"data":"Electrodynamics","floor":23,"key":"SMITH"},{"data":"Storm","floor":32,"key":"SMITH"}],"neow_cost":"PERCENT_DAMAGE","seed_source_timestamp":0,"circlet_count":0,"master_deck":["Strike_B","Strike_B","Strike_B","Strike_B","Defend_B+1","Defend_B","Zap","Dualcast","Glacier","Barrage","Heatsinks+1","Glacier","Gash","Lockon","Cold Snap","Static Discharge+1","Lockon","Storm+1","Cold Snap","Electrodynamics+1","Storm","Storm+1","Redo","Coolheaded","Necronomicurse","Heatsinks","Self Repair","Storm+1","Force Field"],"special_seed":0,"relics":["Cracked Core","Pear","Bottled Tornado","Blood Vial","Nuclear Battery","Necronomicon","SsserpentHead","Pantograph","Bag of Preparation","Smiling Mask"],"potions_floor_usage":[14,27,31,33],"damage_taken":[{"damage":0.0,"enemies":"2 Louse","floor":1.0,"turns":2.0},{"damage":8.0,"enemies":"Small Slimes","floor":2.0,"turns":2.0},{"damage":4,"enemies":"Jaw Worm","floor":5,"turns":4},{"damage":22,"enemies":"3 Sentries","floor":7,"turns":9},{"damage":30,"enemies":"Lagavulin","floor":11,"turns":6},{"damage":0,"enemies":"Lots of Slimes","floor":14,"turns":1},{"damage":50,"enemies":"The Guardian","floor":16,"turns":9},{"damage":1,"enemies":"Chosen","floor":18,"turns":3},{"damage":0,"enemies":"3 Byrds","floor":22,"turns":2},{"damage":0,"enemies":"Snake Plant","floor":27,"turns":1},{"damage":0,"enemies":"3 Cultists","floor":29,"turns":2},{"damage":23,"enemies":"Book of Stabbing","floor":30,"turns":3},{"damage":1,"enemies":"Cultist and Chosen","floor":31,"turns":3},{"damage":88,"enemies":"Champ","floor":33,"turns":7}],"seed_played":"1129827679821948729","potions_obtained":[{"floor":2.0,"key":"SmokeBomb"},{"floor":7,"key":"Explosive Potion"},{"floor":16,"key":"PowerPotion"},{"floor":22,"key":"Explosive Potion"},{"floor":27,"key":"Dexterity Potion"}],"is_trial":false,"path_per_floor":["M","M","?","$","M","R","E","R","T","R","E","$","?","M","R","B",null,"M","$","?","?","M","R","$","?","T","M","T","M","E","M","R"],"character_chosen":"DEFECT","items_purchased":["Gash","Lockon","Storm","Storm","Redo","Coolheaded","Self Repair"],"campfire_rested":3,"item_purchase_floors":[4,4,12,19,19,19,24],"current_hp_per_floor":[54,46,31,31,27,49,37,62,62,85,55,55,55,57,57,9,85,84,84,68,68,70,70,70,70,70,72,72,74,53,61,61,0],"gold":279,"neow_bonus":"TRANSFORM_TWO_CARDS","is_prod":false,"is_daily":false,"chose_seed":false,"campfire_upgraded":3,"win_rate":0,"timestamp":1536956044,"path_taken":["M","M","?","$","M","R","E","R","T","R","E","$","?","M","R","BOSS","M","$","?","?","?","R","$","?","T","?","?","M","E","M","R","BOSS"],"build_version":"2018-09-06","purchased_purges":0,"victory":false,"max_hp_per_floor":[75,75,75,75,75,75,85,85,85,85,85,85,85,85,85,85,85,85,85,85,85,85,85,85,85,85,85,85,85,85,85,85,85],"card_choices":[{"not_picked":["Conserve Battery","Turbo"],"picked":"Heatsinks","floor":1.0},{"not_picked":["Rebound","Redo"],"picked":"Glacier","floor":2.0},{"not_picked":["Barrage","Compile Driver"],"picked":"Cold Snap","floor":5},{"not_picked":["Stack","Lockon"],"picked":"Static Discharge","floor":7},{"not_picked":["Force Field","Undo"],"picked":"Lockon","floor":11},{"not_picked":["Streamline","Steam"],"picked":"Cold Snap","floor":14},{"not_picked":["Seek","Echo Form"],"picked":"Electrodynamics","floor":16},{"not_picked":["Streamline","Glacier"],"picked":"Storm","floor":18},{"not_picked":["Barrage","Genetic Algorithm"],"picked":"Heatsinks","floor":22},{"not_picked":["Melter","Reinforced Body+1","Redo"],"picked":"SKIP","floor":27},{"not_picked":["Ball Lightning","Chaos"],"picked":"Force Field","floor":29},{"not_picked":["Beam Cell","Hologram","Rebound"],"picked":"SKIP","floor":30},{"not_picked":["Hologram","Recycle+1","Sweeping Beam"],"picked":"SKIP","floor":31}],"player_experience":154399,"relics_obtained":[{"floor":7,"key":"Pear"},{"floor":9,"key":"Bottled Tornado"},{"floor":11,"key":"Blood Vial"},{"floor":20,"key":"Necronomicon"},{"floor":26,"key":"Pantograph"},{"floor":28,"key":"Bag of Preparation"},{"floor":30,"key":"Smiling Mask"}],"event_choices":[{"event_name":"Shining Light","player_choice":"Entered Light","floor":3.0,"damage_taken":0.0},{"event_name":"Living Wall","player_choice":"Grow","floor":13,"damage_taken":0},{"event_name":"Cursed Tome","player_choice":"Obtained Book","floor":20,"damage_taken":0},{"event_name":"FaceTrader","player_choice":"Trade","floor":21,"damage_taken":0},{"event_name":"Duplicator","player_choice":"One dupe","floor":25,"damage_taken":0}],"is_beta":false,"boss_relics":[{"not_picked":["Astrolabe","FrozenCore"],"picked":"Nuclear Battery"}],"items_purged_floors":[],"is_endless":false,"potions_floor_spawned":[2,7,16,22,27],"killed_by":"Champ","ascension_level":4}