{"path_per_floor":["M","M","?","$","M","R","E","R","T","M","M","M","?","M","R","B",null,"M","M","M","M","M","$","R","?","T","R","M","M","E","?","R","B",null,"M","$","M","?","M","E","R","M","T","?","M","R","M","M","R","B"],"character_chosen":"THE_SILENT","items_purchased":["Infinite Blades","Bronze Scales","Lantern","Infinite Blades"],"gold_per_floor":[114,129,79,7,22,22,52,52,77,92,107,122,122,141,141,266,266,255,274,293,312,331,106,106,106,181,181,200,219,257,257,257,382,382,401,174,193,526,541,571,571,586,636,636,651,651,666,681,681,681],"floor_reached":51,"campfire_rested":1,"playtime":5431,"current_hp_per_floor":[68,67,66,65,64,63,46,46,46,46,46,46,46,46,46,41,52,51,48,48,44,44,44,44,44,43,42,41,40,39,38,37,35,35,34,33,22,22,20,20,20,20,20,20,14,23,22,21,20,2],"items_purged":["Strike_G"],"gold":681,"score":732,"play_id":"e367c368-07d2-4501-ac9b-f4450e5721d9","local_time":"20180310195951","daily_mods":["Shiny","Uncertain Future","Terminal"],"is_prod":false,"is_daily":true,"is_ascension_mode":false,"campfire_upgraded":8,"timestamp":1520740791,"path_taken":["M","M","?","$","M","R","E","R","T","?","M","M","?","M","R","BOSS","M","M","M","M","M","$","R","?","T","R","M","?","E","?","R","BOSS","M","$","M","?","M","E","R","M","T","?","?","R","M","M","R","BOSS"],"build_version":"2018-03-09","purchased_purges":1,"victory":true,"master_deck":["Defend_G+1","Defend_G+1","Defend_G+1","Strike_G+1","Strike_G+1","Strike_G+1","Strike_G+1","Survivor","Neutralize+1","Die Die Die","Backflip","Backflip","Infinite Blades+1","Adrenaline","Poisoned Stab","Footwork+1","Cloak And Dagger","Injury","Terror","Envenom+1","Accuracy+1","Riddle With Holes","Escape Plan","Infinite Blades+1","Caltrops+1","Blur","A Thousand Cuts+1","Infinite Blades+1","Sucker Punch+1","Catalyst+1","Malaise","Footwork+1","Adrenaline","Sucker Punch"],"max_hp_per_floor":[68,67,66,65,64,63,62,61,60,59,58,57,56,55,54,53,52,51,50,49,48,47,46,45,44,43,42,41,40,39,38,37,36,35,34,33,32,31,30,29,28,27,26,25,24,23,22,21,20,19],"relics":["Ring of the Snake","Anchor","Art of War","Sozu","Bronze Scales","Mummified Hand","Snake Skull","The Specimen","Lantern","Regal Pillow","Ancient Tea Set"],"card_choices":[{"not_picked":["Skewer","Poisoned Stab"],"picked":"Backflip"},{"not_picked":["Acrobatics","Blade Dance"],"picked":"Backflip"},{"not_picked":["Backstab","Flying Knee"],"picked":"Adrenaline"},{"not_picked":["Acrobatics","Setup"],"picked":"Poisoned Stab"},{"not_picked":["Underhanded Strike","Setup"],"picked":"Footwork"},{"not_picked":["Setup","Outmaneuver"],"picked":"Cloak And Dagger"},{"not_picked":["Envenom","Deadly Poison"],"picked":"Terror"},{"not_picked":["Night Terror","Tactician"],"picked":"Envenom"},{"not_picked":["Backflip","Flying Knee"],"picked":"Accuracy"},{"not_picked":["Deadly Poison","PiercingWail"],"picked":"Riddle With Holes"},{"not_picked":["Bane","Backflip"],"picked":"Escape Plan"},{"not_picked":["Flying Knee","Acrobatics"],"picked":"Infinite Blades"},{"not_picked":["Choke","Bouncing Flask"],"picked":"Caltrops"},{"not_picked":["Quick Slash","Outmaneuver"],"picked":"Blur"},{"not_picked":["Glass Knife","Corpse Explosion"],"picked":"A Thousand Cuts"},{"not_picked":["Noxious Fumes","Skewer"],"picked":"Sucker Punch"},{"not_picked":["Bullet Time","Dagger Throw"],"picked":"Catalyst"},{"not_picked":["Poisoned Stab","Deflect"],"picked":"Malaise"},{"not_picked":["Dodge and Roll","Slice"],"picked":"Footwork"},{"not_picked":["Acrobatics","Sucker Punch"],"picked":"Adrenaline"},{"not_picked":["Slice","Deadly Poison"],"picked":"Sucker Punch"}],"player_experience":205561,"potions_floor_usage":[16,37,39,50],"damage_taken":[{"damage":0,"enemies":"Cultist","floor":1,"turns":4},{"damage":0,"enemies":"2 Louse","floor":2,"turns":2},{"damage":0,"enemies":"Small Slimes","floor":5,"turns":2},{"damage":17,"enemies":"Gremlin Nob","floor":7,"turns":5},{"damage":0,"enemies":"Gremlin Gang","floor":10,"turns":2},{"damage":0,"enemies":"Exordium Wildlife","floor":11,"turns":3},{"damage":0,"enemies":"Blue Slaver","floor":12,"turns":3},{"damage":0,"enemies":"Looter","floor":14,"turns":3},{"damage":5,"enemies":"Slime Boss","floor":16,"turns":14},{"damage":0,"enemies":"2 Thieves","floor":18,"turns":4},{"damage":3,"enemies":"Spheric Guardian","floor":19,"turns":5},{"damage":0,"enemies":"Centurion and Healer","floor":20,"turns":5},{"damage":4,"enemies":"Snake Plant","floor":21,"turns":5},{"damage":0,"enemies":"3 Cultists","floor":22,"turns":6},{"damage":0,"enemies":"Centurion and Healer","floor":28,"turns":4},{"damage":0,"enemies":"Snake Plant","floor":29,"turns":3},{"damage":0,"enemies":"Book of Stabbing","floor":30,"turns":3},{"damage":2,"enemies":"Automaton","floor":33,"turns":7},{"damage":0,"enemies":"Orb Walker","floor":35,"turns":2},{"damage":11,"enemies":"3 Darklings","floor":37,"turns":4},{"damage":2,"enemies":"4 Shapes","floor":39,"turns":5},{"damage":0,"enemies":"Giant Head","floor":40,"turns":6},{"damage":0,"enemies":"Maw","floor":42,"turns":5},{"damage":6,"enemies":"Sphere and 2 Shapes","floor":45,"turns":7},{"damage":0,"enemies":"3 Darklings","floor":47,"turns":3},{"damage":0,"enemies":"Maw","floor":48,"turns":4},{"damage":18,"enemies":"Donu and Deca","floor":50,"turns":5}],"event_choices":[{"event_name":"The Cleric","player_choice":"Card Removal","floor":3,"damage_taken":0},{"event_name":"Golden Idol","player_choice":"Take Wound","floor":13,"damage_taken":0},{"event_name":"Back to Basics","player_choice":"Simplicity","floor":25,"damage_taken":0},{"event_name":"Drug Dealer","player_choice":"Ignored","floor":31,"damage_taken":0},{"event_name":"The Moai Head","player_choice":"Gave Idol","floor":38,"damage_taken":0}],"boss_relics":[{"not_picked":["Eternal Feather","Ectoplasm"],"picked":"Sozu"},{"not_picked":["Lizard Tail","Snecko Eye"],"picked":"The Specimen"}],"potions_floor_spawned":[1,5,11,12,16,20,28,29,30,33,39,42,48],"seed_played":"4792185374842203756","ascension_level":0,"is_trial":false}