{"gold_per_floor":[112,128,128,128,203,203,231,231,231,231,243,11,29,41,41,142,142,154,165,183,193,203,203],"floor_reached":23,"playtime":1145,"items_purged":["Regret"],"score":220,"play_id":"6ead4c99-096c-454d-a800-5384e8ebe0aa","local_time":"20190116190902","is_ascension_mode":false,"campfire_choices":[{"data":"Coolheaded","floor":6,"key":"SMITH"},{"data":"Chill","floor":10,"key":"SMITH"},{"data":"Loop","floor":15,"key":"SMITH"}],"neow_cost":"NONE","seed_source_timestamp":239089535176832,"circlet_count":0,"master_deck":["Strike_B","Strike_B","Strike_B","Defend_B","Defend_B","Defend_B","Defend_B","Zap+1","Dualcast","Coolheaded+1","Conserve Battery","Chill+1","Loop+1","Reboot+1","Electrodynamics","Conserve Battery+1","Core Surge","Consume+1"],"relics":["Cracked Core","NeowsBlessing","Pantograph","Centennial Puzzle","Toxic Egg 2","Black Star"],"potions_floor_usage":[20,21,21,21,22,23],"damage_taken":[{"damage":0,"enemies":"Jaw Worm","floor":1,"turns":1},{"damage":0,"enemies":"2 Louse","floor":2,"turns":1},{"damage":0,"enemies":"Gremlin Nob","floor":7,"turns":1},{"damage":3,"enemies":"Small Slimes","floor":11,"turns":3},{"damage":4,"enemies":"3 Louse","floor":13,"turns":3},{"damage":0,"enemies":"Blue Slaver","floor":14,"turns":3},{"damage":28,"enemies":"The Guardian","floor":16,"turns":18},{"damage":0,"enemies":"Shell Parasite","floor":18,"turns":13},{"damage":10,"enemies":"2 Thieves","floor":19,"turns":4},{"damage":19,"enemies":"Cultist and Chosen","floor":20,"turns":7},{"damage":21,"enemies":"Snake Plant","floor":21,"turns":6},{"damage":4,"enemies":"Centurion and Healer","floor":22,"turns":7},{"damage":79,"enemies":"Book of Stabbing","floor":23,"turns":11}],"seed_played":"-5864149446785538","potions_obtained":[{"floor":2,"key":"Regen Potion"},{"floor":11,"key":"Swift Potion"},{"floor":14,"key":"Strength Potion"},{"floor":20,"key":"Regen Potion"},{"floor":21,"key":"Regen Potion"},{"floor":22,"key":"Swift Potion"}],"is_trial":false,"path_per_floor":["M","M","?","?","?","R","E","?","T","R","M","$","M","M","R","B",null,"M","M","M","M","M","E"],"character_chosen":"DEFECT","items_purchased":["Reboot+1"],"campfire_rested":0,"item_purchase_floors":[12],"current_hp_per_floor":[75,75,68,68,57,57,57,57,57,57,54,54,50,50,50,47,75,75,65,46,65,75,0],"gold":203,"neow_bonus":"THREE_ENEMY_KILL","is_prod":false,"is_daily":false,"chose_seed":false,"campfire_upgraded":3,"win_rate":0,"timestamp":1547683742,"path_taken":["M","M","?","?","?","R","E","?","T","R","?","$","M","M","R","BOSS","M","M","M","M","M","E"],"build_version":"2019-01-10","purchased_purges":1,"victory":false,"max_hp_per_floor":[75,75,75,75,75,75,75,75,75,75,75,75,75,75,75,75,75,75,75,75,75,75,75],"card_choices":[{"not_picked":["Steam","Compile Driver"],"picked":"Coolheaded","floor":1},{"not_picked":["Redo","Barrage"],"picked":"Conserve Battery","floor":2},{"not_picked":["Barrage","Gash"],"picked":"Chill","floor":7},{"not_picked":["Rip and Tear","Go for the Eyes"],"picked":"Loop","floor":11},{"not_picked":["Beam Cell","Cold Snap"],"picked":"Electrodynamics","floor":13},{"not_picked":["Chaos+1","Hologram+1"],"picked":"Conserve Battery+1","floor":14},{"not_picked":["Seek+1","Fission+1"],"picked":"Core Surge","floor":16},{"not_picked":["Hologram+1","Heatsinks","Storm"],"picked":"SKIP","floor":18},{"not_picked":["Ball Lightning+1","Beam Cell","Blizzard"],"picked":"SKIP","floor":19},{"not_picked":["Leap+1","Rebound","Compile Driver"],"picked":"SKIP","floor":20},{"not_picked":["Reprogram+1","Steam+1"],"picked":"Consume+1","floor":21},{"not_picked":["Stack+1","Barrage","Melter"],"picked":"SKIP","floor":22}],"player_experience":528009,"relics_obtained":[{"floor":7,"key":"Pantograph"},{"floor":9,"key":"Toxic Egg 2"}],"event_choices":[{"cards_removed":["Strike_B"],"damage_healed":0,"gold_gain":0,"player_choice":"Card Removal","damage_taken":7,"max_hp_gain":0,"max_hp_loss":0,"event_name":"Golden Wing","floor":3,"gold_loss":0},{"damage_healed":0,"gold_gain":0,"player_choice":"Grow","damage_taken":0,"max_hp_gain":0,"max_hp_loss":0,"event_name":"Living Wall","floor":4,"gold_loss":0,"cards_upgraded":["Zap"]},{"damage_healed":0,"gold_gain":75,"player_choice":"Gather Gold","damage_taken":11,"max_hp_gain":0,"max_hp_loss":0,"event_name":"World of Goop","floor":5,"gold_loss":0},{"damage_healed":0,"gold_gain":0,"player_choice":"Box","damage_taken":0,"relics_obtained":["Centennial Puzzle"],"max_hp_gain":0,"max_hp_loss":0,"event_name":"Big Fish","floor":8,"gold_loss":0,"cards_obtained":["Regret"]}],"is_beta":false,"boss_relics":[{"not_picked":["Cursed Key","Calling Bell"],"picked":"Black Star"}],"items_purged_floors":[12],"is_endless":false,"potions_floor_spawned":[2,11,14,20,21,22],"killed_by":"Book of Stabbing","ascension_level":0}