{"gold_per_floor":[109,109,34,34,34,66,66,66,66,106,130,165,94,165,165,165],"floor_reached":16,"playtime":566,"items_purged":["Strike_B"],"score":151,"play_id":"667447cd-d33d-41ab-a21c-9a5c029a302c","local_time":"20190102012306","is_ascension_mode":true,"campfire_choices":[{"data":"Cold Snap","floor":8,"key":"SMITH"},{"floor":15,"key":"REST"}],"neow_cost":"NONE","seed_source_timestamp":987697537838808,"circlet_count":0,"master_deck":["Strike_B","Strike_B","Strike_B","Defend_B","Defend_B","Defend_B","Defend_B","Dualcast","Cold Snap+1","Glacier","Turbo","Injury","Coolheaded","Consume","Defragment"],"relics":["Cracked Core","Bronze Scales","Golden Idol","Bag of Marbles","Torii","Odd Mushroom","Sundial"],"potions_floor_usage":[6,12,16,16],"damage_taken":[{"damage":0,"enemies":"Small Slimes","floor":1,"turns":2},{"damage":7,"enemies":"3 Sentries","floor":6,"turns":16},{"damage":22,"enemies":"Lagavulin","floor":10,"turns":10},{"damage":1,"enemies":"Jaw Worm","floor":11,"turns":3},{"damage":0,"enemies":"The Mushroom Lair","floor":12,"turns":2},{"damage":43,"enemies":"Hexaghost","floor":16,"turns":19}],"seed_played":"-1877404794138046671","potions_obtained":[{"floor":1,"key":"SkillPotion"},{"floor":10,"key":"SneckoOil"},{"floor":11,"key":"Explosive Potion"},{"floor":12,"key":"Dexterity Potion"}],"is_trial":false,"path_per_floor":["M","?","$","?","?","E","?","R","T","E","M","?","$","T","R","B"],"character_chosen":"DEFECT","items_purchased":["Defragment"],"campfire_rested":1,"item_purchase_floors":[13],"current_hp_per_floor":[68,61,61,61,66,59,59,59,59,37,36,36,36,36,60,17],"gold":165,"neow_bonus":"THREE_CARDS","is_prod":false,"is_daily":false,"chose_seed":false,"campfire_upgraded":1,"win_rate":0,"timestamp":1546388586,"path_taken":["M","?","$","?","?","E","?","R","T","E","?","?","$","?","R","BOSS"],"build_version":"2018-12-20","purchased_purges":1,"victory":false,"max_hp_per_floor":[75,75,75,75,80,80,80,80,80,80,80,80,80,80,80,80],"card_choices":[{"not_picked":["Hologram","Stack"],"picked":"Cold Snap","floor":0},{"not_picked":["Reprogram","Capacitor"],"picked":"Glacier","floor":1},{"not_picked":["Genetic Algorithm","Gash"],"picked":"Turbo","floor":6},{"not_picked":["Turbo","Gash","Redo"],"picked":"SKIP","floor":10},{"not_picked":["Ball Lightning","Turbo"],"picked":"Coolheaded","floor":11},{"not_picked":["Leap","Stack"],"picked":"Consume","floor":12}],"player_experience":494126,"relics_obtained":[{"floor":6,"key":"Bronze Scales"},{"floor":9,"key":"Bag of Marbles"},{"floor":10,"key":"Torii"},{"floor":12,"key":"Odd Mushroom"},{"floor":14,"key":"Sundial"}],"event_choices":[{"cards_removed":["Zap"],"damage_healed":0,"gold_gain":0,"player_choice":"Card Removal","damage_taken":7,"max_hp_gain":0,"max_hp_loss":0,"event_name":"Golden Wing","floor":2,"gold_loss":0},{"damage_healed":0,"gold_gain":0,"player_choice":"Leave","damage_taken":0,"max_hp_gain":0,"max_hp_loss":0,"event_name":"The Cleric","floor":4,"gold_loss":0},{"damage_healed":0,"gold_gain":0,"player_choice":"Donut","damage_taken":0,"max_hp_gain":5,"max_hp_loss":0,"event_name":"Big Fish","floor":5,"gold_loss":0},{"damage_healed":0,"gold_gain":0,"player_choice":"Take Wound","damage_taken":0,"relics_obtained":["Golden Idol"],"max_hp_gain":0,"max_hp_loss":0,"event_name":"Golden Idol","floor":7,"gold_loss":0,"cards_obtained":["Injury"]},{"damage_healed":0,"gold_gain":0,"player_choice":"Fought Mushrooms","damage_taken":0,"max_hp_gain":0,"max_hp_loss":0,"event_name":"Mushrooms","floor":12,"gold_loss":0}],"is_beta":false,"boss_relics":[],"items_purged_floors":[3],"is_endless":false,"potions_floor_spawned":[1,10,11,12],"killed_by":"Hexaghost","ascension_level":9}