{"gold_per_floor":[114,114,114,133,150,150,100,125,125,138,170,187,187,205,205,308,308,318,330,330,330,330,330,656,656,682,682,693,727,727,754,754,754],"floor_reached":33,"playtime":1114,"items_purged":[],"score":495,"play_id":"63614ac0-6518-4c16-a667-079086316e2f","local_time":"20180914165523","is_ascension_mode":true,"campfire_choices":[{"floor":6,"key":"REST"},{"floor":13,"key":"REST"},{"floor":15,"key":"REST"},{"floor":23,"key":"REST"},{"floor":25,"key":"REST"},{"data":"Flex","floor":27,"key":"SMITH"},{"floor":30,"key":"REST"},{"floor":32,"key":"REST"}],"neow_cost":"NONE","seed_source_timestamp":242472194431959,"circlet_count":0,"master_deck":["Strike_R","Strike_R","Strike_R","Strike_R","Defend_R","Defend_R","Defend_R","Defend_R","Bash","AscendersBane","Uppercut","Cleave","Iron Wave","Dropkick","Flex+1","Pummel","Demon Form","Infernal Blade","Uppercut","Shrug It Off+1"],"relics":["Runic Cube","Vajra","Pear","Mercury Hourglass","Matryoshka","Sozu","Ancient Tea Set","Old Coin","Anchor","Red Skull","Peace Pipe"],"potions_floor_usage":[14,24,33],"damage_taken":[{"damage":6,"enemies":"Jaw Worm","floor":1,"turns":5},{"damage":0,"enemies":"Cultist","floor":4,"turns":3},{"damage":8,"enemies":"Small Slimes","floor":5,"turns":3},{"damage":30,"enemies":"3 Sentries","floor":8,"turns":9},{"damage":0,"enemies":"Exordium Wildlife","floor":10,"turns":2},{"damage":12,"enemies":"Gremlin Nob","floor":11,"turns":4},{"damage":26,"enemies":"Exordium Thugs","floor":12,"turns":4},{"damage":0,"enemies":"3 Louse","floor":14,"turns":1},{"damage":54,"enemies":"Hexaghost","floor":16,"turns":8},{"damage":13,"enemies":"3 Byrds","floor":18,"turns":3},{"damage":17,"enemies":"2 Thieves","floor":19,"turns":2},{"damage":20,"enemies":"Book of Stabbing","floor":24,"turns":3},{"damage":8,"enemies":"Centurion and Healer","floor":28,"turns":4},{"damage":36,"enemies":"Slavers","floor":29,"turns":4},{"damage":13,"enemies":"Gremlin Leader","floor":31,"turns":4},{"damage":96,"enemies":"Automaton","floor":33,"turns":6}],"seed_played":"6579339745860658222","potions_obtained":[{"floor":1,"key":"SpeedPotion"},{"floor":8,"key":"Swift Potion"},{"floor":12,"key":"AttackPotion"}],"is_trial":false,"path_per_floor":["M","?","?","M","M","R","?","E","T","M","E","M","R","M","R","B",null,"M","M","?","?","?","R","E","R","T","R","M","E","R","E","R"],"character_chosen":"IRONCLAD","items_purchased":[],"campfire_rested":7,"item_purchase_floors":[],"current_hp_per_floor":[66,71,53,53,45,70,70,50,50,50,38,12,40,40,68,14,75,62,45,45,45,45,73,53,81,81,81,73,37,65,52,80,0],"gold":754,"neow_bonus":"BOSS_RELIC","is_prod":false,"is_daily":false,"chose_seed":false,"campfire_upgraded":1,"win_rate":0,"timestamp":1536969323,"path_taken":["M","?","?","?","M","R","?","E","T","M","E","?","R","M","R","BOSS","M","M","?","?","?","R","E","R","T","R","?","E","R","E","R","BOSS"],"build_version":"2018-09-06","purchased_purges":0,"victory":false,"max_hp_per_floor":[80,85,85,85,85,85,85,95,95,95,95,95,95,95,95,95,95,95,95,95,95,95,95,95,95,95,95,95,95,95,95,95,95],"card_choices":[{"not_picked":["Battle Trance","True Grit"],"picked":"Uppercut","floor":1},{"not_picked":["True Grit","Dual Wield"],"picked":"Cleave","floor":4},{"not_picked":["Perfected Strike","Inflame"],"picked":"Iron Wave","floor":5},{"not_picked":["Clash","Iron Wave"],"picked":"Dropkick","floor":8},{"not_picked":["Dual Wield","Heavy Blade","Sword Boomerang"],"picked":"SKIP","floor":10},{"not_picked":["Second Wind","Bloodletting","Clothesline"],"picked":"SKIP","floor":11},{"not_picked":["Infernal Blade","Armaments"],"picked":"Flex","floor":12},{"not_picked":["Twin Strike","Heavy Blade"],"picked":"Pummel","floor":14},{"not_picked":["Bludgeon","Exhume"],"picked":"Demon Form","floor":16},{"not_picked":["Entrench+1","Flame Barrier","Infernal Blade"],"picked":"SKIP","floor":18},{"not_picked":["Entrench+1","Flame Barrier"],"picked":"Infernal Blade","floor":18},{"not_picked":["Corruption","Clothesline+1"],"picked":"Uppercut","floor":19},{"not_picked":["Corruption+1","Clothesline","Sever Soul"],"picked":"SKIP","floor":24},{"not_picked":["Wild Strike+1","Power Through","True Grit"],"picked":"SKIP","floor":28},{"not_picked":["Shockwave","Ghostly Armor"],"picked":"Shrug It Off+1","floor":29},{"not_picked":["Warcry","Perfected Strike","Headbutt+1"],"picked":"SKIP","floor":31}],"player_experience":477048,"relics_obtained":[{"floor":8,"key":"Pear"},{"floor":9,"key":"Mercury Hourglass"},{"floor":11,"key":"Matryoshka"},{"floor":24,"key":"Old Coin"},{"floor":26,"key":"Anchor"},{"floor":26,"key":"Red Skull"},{"floor":31,"key":"Peace Pipe"}],"event_choices":[{"event_name":"Big Fish","player_choice":"Donut","floor":2,"damage_taken":0},{"event_name":"Scrap Ooze","player_choice":"success","floor":3,"damage_taken":18},{"event_name":"The Cleric","player_choice":"Card Removal","floor":7,"damage_taken":0},{"event_name":"The Mausoleum","player_choice":"Yes","floor":20,"damage_taken":0},{"event_name":"Ghosts","player_choice":"Ignored","floor":21,"damage_taken":0},{"event_name":"Fountain of Cleansing","player_choice":"Removed Curse","floor":22,"damage_taken":0}],"is_beta":false,"boss_relics":[{"not_picked":["Runic Pyramid","Fusion Hammer"],"picked":"Sozu"}],"items_purged_floors":[],"is_endless":false,"potions_floor_spawned":[1,8,12,24,31],"killed_by":"Automaton","ascension_level":10}