{"gold_per_floor":[117,128,53,53,69,95,95,127,127,147,147,181,101,134,134,238,238,256,269,269,285,298,331,331,331,356,375,76,114,126,148,160,272,284,314,0,23,55,67,79,121,145,157,169,206,229,276,308,320,332],"floor_reached":51,"playtime":2981,"items_purged":["Regret","Strike_R","Normality"],"score":1013,"play_id":"21b39130-e9ad-4296-a6e7-ee8ee2177374","local_time":"20180814223640","is_ascension_mode":true,"campfire_choices":[{"data":"Double Tap","floor":7.0,"key":"SMITH"},{"floor":11.0,"key":"REST"},{"data":"Uppercut","floor":15.0,"key":"SMITH"},{"floor":24.0,"key":"REST"},{"data":"Reaper","floor":30.0,"key":"SMITH"},{"data":"RitualDagger","floor":32.0,"key":"SMITH"},{"data":"Shrug It Off","floor":40,"key":"SMITH"},{"data":"1","floor":44,"key":"LIFT"},{"data":"2","floor":49,"key":"LIFT"}],"neow_cost":"CURSE","seed_source_timestamp":0,"circlet_count":0,"master_deck":["Strike_R","Strike_R+1","Strike_R","Strike_R+1","Defend_R","Defend_R","Defend_R+1","Defend_R+1","Bash+1","Pommel Strike","Armaments+1","Double Tap+1","Shrug It Off+1","Uppercut+1","Flex+1","Reaper+1","Cleave","Dropkick+1","Shrug It Off+1","Dropkick","Battle Trance+1","RitualDagger+1","Panacea+1","Flex+1","Madness+1","Madness+1","Seeing Red+1","Decay","Double Tap+1"],"special_seed":0,"relics":["Burning Blood","Whetstone","The Courier","Pen Nib","Ginger","Toxic Egg 2","Cursed Key","Sundial","War Paint","MawBank","Orichalcum","Black Star","Red Mask","Girya","Unceasing Top","Charon\u0027s Ashes","Ancient Tea Set","Lantern","Mercury Hourglass","Smiling Mask"],"potions_floor_usage":[45,48,50,50],"damage_taken":[{"damage":9.0,"enemies":"Cultist","floor":1.0,"turns":3.0},{"damage":13.0,"enemies":"2 Louse","floor":2.0,"turns":2.0},{"damage":0.0,"enemies":"Small Slimes","floor":5.0,"turns":2.0},{"damage":32.0,"enemies":"Gremlin Nob","floor":6.0,"turns":4.0},{"damage":27.0,"enemies":"Lagavulin","floor":8.0,"turns":7.0},{"damage":10.0,"enemies":"Red Slaver","floor":10.0,"turns":3.0},{"damage":13.0,"enemies":"3 Sentries","floor":12.0,"turns":4.0},{"damage":0.0,"enemies":"Gremlin Nob","floor":14.0,"turns":2.0},{"damage":66.0,"enemies":"Hexaghost","floor":16.0,"turns":10.0},{"damage":7.0,"enemies":"3 Byrds","floor":18.0,"turns":5.0},{"damage":6.0,"enemies":"Spheric Guardian","floor":19.0,"turns":3.0},{"damage":29.0,"enemies":"3 Cultists","floor":21.0,"turns":4.0},{"damage":13.0,"enemies":"Snecko","floor":22.0,"turns":3.0},{"damage":48.0,"enemies":"Slavers","floor":23.0,"turns":5.0},{"damage":18.0,"enemies":"Cultist and Chosen","floor":27.0,"turns":4.0},{"damage":10.0,"enemies":"Book of Stabbing","floor":29.0,"turns":3.0},{"damage":19.0,"enemies":"Centurion and Healer","floor":31.0,"turns":4.0},{"damage":39.0,"enemies":"Automaton","floor":33.0,"turns":6.0},{"damage":2,"enemies":"3 Shapes","floor":35,"turns":5},{"damage":0,"enemies":"3 Darklings","floor":37,"turns":5},{"damage":11,"enemies":"Sphere and 2 Shapes","floor":38,"turns":3},{"damage":17,"enemies":"Giant Head","floor":41,"turns":6},{"damage":0,"enemies":"Transient","floor":42,"turns":5},{"damage":18,"enemies":"2 Orb Walkers","floor":45,"turns":3},{"damage":0,"enemies":"Maw","floor":46,"turns":4},{"damage":35,"enemies":"Nemesis","floor":47,"turns":3},{"damage":0,"enemies":"3 Darklings","floor":48,"turns":2},{"damage":80,"enemies":"Time Eater","floor":50,"turns":7}],"seed_played":"5875130280241833687","potions_obtained":[{"floor":2.0,"key":"Regen Potion"},{"floor":6.0,"key":"SteroidPotion"},{"floor":12.0,"key":"Fire Potion"},{"floor":16.0,"key":"GamblersBrew"},{"floor":19.0,"key":"Strength Potion"},{"floor":23.0,"key":"SpeedPotion"},{"floor":33.0,"key":"Fire Potion"},{"floor":38,"key":"Fire Potion"},{"floor":45,"key":"Energy Potion"},{"floor":46,"key":"Fire Potion"}],"is_trial":false,"path_per_floor":["M","M","$","?","M","E","R","E","T","M","R","E","$","E","R","B",null,"M","M","?","M","M","E","R","?","T","M","$","E","R","M","R","B",null,"M","?","M","M","?","R","E","M","T","R","E","M","E","M","R","B"],"character_chosen":"IRONCLAD","items_purchased":["Panacea+1","MawBank"],"campfire_rested":2,"item_purchase_floors":[28,28],"current_hp_per_floor":[93,86,86,86,92,66,66,45,45,41,69,71,71,77,77,17,96,96,96,96,73,78,54,82,76,76,72,72,68,68,73,73,52,96,96,96,96,91,79,79,76,82,82,82,84,96,67,73,73,15],"gold":344,"neow_bonus":"TWENTY_PERCENT_HP_BONUS","is_prod":false,"is_daily":false,"chose_seed":false,"campfire_upgraded":5,"win_rate":0,"timestamp":1534311400,"path_taken":["M","M","$","?","M","E","R","E","T","M","R","E","$","E","R","BOSS","M","M","?","M","M","E","R","?","T","?","$","E","R","M","R","BOSS","M","?","M","M","?","R","E","?","T","R","E","M","E","M","R","BOSS"],"build_version":"2018-08-09","purchased_purges":3,"victory":true,"max_hp_per_floor":[96,96,96,96,96,96,96,96,96,96,96,96,96,96,96,96,96,96,96,96,96,96,96,96,96,96,96,96,96,96,96,96,96,96,96,96,96,96,96,96,96,96,96,96,96,96,96,96,96,96],"card_choices":[{"not_picked":["Thunderclap","Searing Blow"],"picked":"Pommel Strike","floor":1.0},{"not_picked":["Anger","Headbutt"],"picked":"Armaments","floor":2.0},{"not_picked":["Anger","Wild Strike","Immolate"],"picked":"SKIP","floor":5.0},{"not_picked":["Shrug It Off","Flex"],"picked":"Double Tap","floor":6.0},{"not_picked":["Cleave","Twin Strike"],"picked":"Shrug It Off","floor":8.0},{"not_picked":["Warcry","Havoc"],"picked":"Uppercut","floor":10.0},{"not_picked":["Bloodletting","Disarm","Havoc"],"picked":"SKIP","floor":12.0},{"not_picked":["Heavy Blade","Twin Strike"],"picked":"Flex","floor":14.0},{"not_picked":["Dark Embrace","Brutality"],"picked":"Reaper","floor":16.0},{"not_picked":["Carnage","Havoc+1"],"picked":"Cleave","floor":18.0},{"not_picked":["Iron Wave","Entrench+1"],"picked":"Dropkick+1","floor":19.0},{"not_picked":["Headbutt+1","Rupture"],"picked":"Shrug It Off+1","floor":21.0},{"not_picked":["Anger","Twin Strike"],"picked":"Dropkick","floor":22.0},{"not_picked":["Limit Break+1","Evolve"],"picked":"Battle Trance+1","floor":23.0},{"not_picked":["Twin Strike+1","Headbutt+1","Warcry+1"],"picked":"SKIP","floor":27.0},{"not_picked":["Clash","Battle Trance+1","Clothesline"],"picked":"SKIP","floor":29.0},{"not_picked":["Immolate","Headbutt","Clash"],"picked":"SKIP","floor":31.0},{"not_picked":["Disarm+1","Clash+1","Twin Strike+1"],"picked":"SKIP","floor":35},{"not_picked":["Headbutt","Rage+1"],"picked":"Flex+1","floor":37},{"not_picked":["Headbutt","Ghostly Armor+1","Rampage"],"picked":"SKIP","floor":38},{"not_picked":["Headbutt","Ghostly Armor+1","Rampage"],"picked":"SKIP","floor":38},{"not_picked":["Demon Form","Evolve"],"picked":"Seeing Red+1","floor":41},{"not_picked":["Clothesline","Fire Breathing+1","Armaments+1"],"picked":"SKIP","floor":42},{"not_picked":["True Grit+1","Heavy Blade","Fire Breathing+1"],"picked":"SKIP","floor":45},{"not_picked":["True Grit+1","Flame Barrier+1","Anger"],"picked":"SKIP","floor":46},{"not_picked":["Cleave","Spot Weakness+1"],"picked":"Double Tap+1","floor":47},{"not_picked":["True Grit+1","Perfected Strike","Cleave+1"],"picked":"SKIP","floor":48}],"player_experience":399454,"relics_obtained":[{"floor":6.0,"key":"Whetstone"},{"floor":8.0,"key":"The Courier"},{"floor":9.0,"key":"Pen Nib"},{"floor":12.0,"key":"Ginger"},{"floor":14.0,"key":"Toxic Egg 2"},{"floor":23.0,"key":"Sundial"},{"floor":26.0,"key":"War Paint"},{"floor":29.0,"key":"Orichalcum"},{"floor":41,"key":"Girya"},{"floor":41,"key":"Unceasing Top"},{"floor":43,"key":"Charon\u0027s Ashes"},{"floor":45,"key":"Ancient Tea Set"},{"floor":45,"key":"Lantern"},{"floor":47,"key":"Mercury Hourglass"},{"floor":47,"key":"Smiling Mask"}],"event_choices":[{"event_name":"Accursed Blacksmith","player_choice":"Forge","floor":4.0,"damage_taken":0.0},{"event_name":"Upgrade Shrine","player_choice":"Upgraded","floor":20.0,"damage_taken":0.0},{"event_name":"Nest","player_choice":"Joined the Cult","floor":25.0,"damage_taken":0.0},{"event_name":"Tomb of Lord Red Mask","player_choice":"Paid","floor":36,"damage_taken":0},{"event_name":"Winding Halls","player_choice":"Embrace Madness","floor":39,"damage_taken":0}],"is_beta":false,"boss_relics":[{"not_picked":["Pandora\u0027s Box","Runic Dome"],"picked":"Cursed Key"},{"not_picked":["Philosopher\u0027s Stone","White Beast Statue"],"picked":"Black Star"}],"items_purged_floors":[3,13,28],"is_endless":false,"potions_floor_spawned":[2,6,12,16,19,23,33,38,45,46,47],"ascension_level":4}