{"gold_per_floor":[112,187,62,72,84,114,126,126,126,126,161,179,209,240,240,335,335,348,348,359,379,379,409,429,429,456,491,4,4,24,42,42,141,141,153,153,169,169,189,189,215,315,315,38,58,58,87,98,98,98,98,98,46,76,76],"floor_reached":56,"playtime":4348,"items_purged":["Strike_R"],"score":1946,"play_id":"03e5fde5-77cd-42ba-b69d-2d0e2a2311bf","local_time":"20190102154926","is_ascension_mode":true,"campfire_choices":[{"floor":8,"key":"REST"},{"data":"Uppercut","floor":10,"key":"SMITH"},{"floor":15,"key":"REST"},{"floor":25,"key":"RECALL"},{"data":"Demon Form","floor":29,"key":"SMITH"},{"data":"Disarm","floor":32,"key":"SMITH"},{"data":"Feel No Pain","floor":40,"key":"SMITH"},{"data":"Metallicize","floor":46,"key":"SMITH"},{"data":"Feel No Pain","floor":49,"key":"SMITH"},{"data":"Flame Barrier","floor":52,"key":"SMITH"}],"neow_cost":"TEN_PERCENT_HP_LOSS","seed_source_timestamp":805762312821431,"circlet_count":0,"master_deck":["AscendersBane","Strike_R+1","Strike_R","Strike_R","Defend_R","Defend_R","Defend_R+1","Defend_R","Bash","Mind Blast","Purity","Thunderclap","Immolate","Shrug It Off","Shrug It Off","Twin Strike","Feed","Armaments","Uppercut+1","Spot Weakness","Disarm+1","Fiend Fire+1","Demon Form+1","Ghostly Armor","Armaments","Spot Weakness","Burning Pact","Flame Barrier+1","Shockwave","Seeing Red+1","Dark Embrace","True Grit+1","Metallicize+1","Feel No Pain+1","Exhume","Master of Strategy","Spot Weakness","Warcry+1","Heavy Blade+1","Metallicize+1","Disarm+1","Double Tap","Havoc","Carnage+1","Heavy Blade+1","Feel No Pain+1","True Grit+1","Juggernaut","Corruption","True Grit","Armaments+1","Disarm+1"],"relics":["Burning Blood","Prayer Wheel","Self Forming Clay","Dodecahedron","Bag of Marbles","Vajra","Snecko Eye","MutagenicStrength","Blood Vial","Whetstone","Mercury Hourglass","Mark of Pain","Lantern","PreservedInsect","Kunai","War Paint"],"potions_floor_usage":[6,12,14,16,23,45,55,55,55],"damage_taken":[{"damage":5,"enemies":"2 Louse","floor":1,"turns":5},{"damage":0,"enemies":"Cultist","floor":4,"turns":3},{"damage":12,"enemies":"Jaw Worm","floor":5,"turns":3},{"damage":36,"enemies":"Gremlin Nob","floor":6,"turns":4},{"damage":6,"enemies":"Looter","floor":7,"turns":2},{"damage":24,"enemies":"3 Sentries","floor":11,"turns":5},{"damage":10,"enemies":"Gremlin Gang","floor":12,"turns":4},{"damage":8,"enemies":"Gremlin Nob","floor":14,"turns":3},{"damage":18,"enemies":"The Guardian","floor":16,"turns":11},{"damage":1,"enemies":"3 Byrds","floor":18,"turns":4},{"damage":23,"enemies":"2 Thieves","floor":20,"turns":4},{"damage":0,"enemies":"Chosen and Byrds","floor":21,"turns":4},{"damage":3,"enemies":"Book of Stabbing","floor":23,"turns":2},{"damage":2,"enemies":"Centurion and Healer","floor":24,"turns":2},{"damage":8,"enemies":"Slavers","floor":27,"turns":4},{"damage":0,"enemies":"3 Cultists","floor":30,"turns":3},{"damage":0,"enemies":"Snecko","floor":31,"turns":2},{"damage":10,"enemies":"Champ","floor":33,"turns":7},{"damage":2,"enemies":"3 Darklings","floor":35,"turns":2},{"damage":0,"enemies":"Orb Walker","floor":37,"turns":1},{"damage":7,"enemies":"Spire Growth","floor":39,"turns":3},{"damage":4,"enemies":"Nemesis","floor":41,"turns":7},{"damage":13,"enemies":"Writhing Mass","floor":45,"turns":2},{"damage":0,"enemies":"Giant Head","floor":47,"turns":4},{"damage":3,"enemies":"Transient","floor":48,"turns":5},{"damage":0,"enemies":"Donu and Deca","floor":50,"turns":3},{"damage":22,"enemies":"Shield and Spear","floor":54,"turns":5},{"damage":32,"enemies":"The Heart","floor":55,"turns":8}],"seed_played":"190890907842725805","potions_obtained":[{"floor":5,"key":"SteroidPotion"},{"floor":6,"key":"Dexterity Potion"},{"floor":11,"key":"Explosive Potion"},{"floor":12,"key":"SteroidPotion"},{"floor":14,"key":"Fruit Juice"},{"floor":20,"key":"SteroidPotion"},{"floor":31,"key":"Weak Potion"},{"floor":33,"key":"Block Potion"},{"floor":35,"key":"Ancient Potion"},{"floor":47,"key":"Weak Potion"},{"floor":48,"key":"Fire Potion"}],"is_trial":false,"path_per_floor":["M","?","$","M","M","E","M","R","T","R","E","M","?","E","R","B",null,"M","?","M","M","?","E","M","R","T","E","$","R","M","M","R","B",null,"M","?","M","?","M","R","E","?","T","$","M","R","E","M","R","B",null,"R","$","E","B",null],"character_chosen":"IRONCLAD","items_purchased":["Immolate","Shrug It Off","Feel No Pain","Exhume","Master of Strategy","Spot Weakness","Corruption","PreservedInsect","PowerPotion","PowerPotion"],"campfire_rested":2,"item_purchase_floors":[3,3,28,28,28,28,44,44,44,53],"current_hp_per_floor":[72,65,65,71,65,35,35,56,56,56,38,34,34,32,53,46,69,74,74,57,63,63,66,72,72,72,72,72,72,77,77,77,73,76,77,77,77,77,79,79,80,80,80,80,73,73,80,80,80,80,80,80,80,64,40],"gold":76,"neow_bonus":"RANDOM_COLORLESS_2","is_prod":false,"is_daily":false,"chose_seed":false,"campfire_upgraded":7,"win_rate":0,"timestamp":1546465766,"path_taken":["M","?","$","M","M","E","?","R","T","R","E","M","?","E","R","BOSS","M","?","M","?","?","E","M","R","T","E","$","R","M","M","R","BOSS","M","?","M","?","?","R","E","?","T","$","?","R","E","M","R","BOSS","R","$","E","BOSS"],"build_version":"2018-12-20","purchased_purges":1,"victory":true,"max_hp_per_floor":[72,72,72,72,72,72,72,72,72,72,72,72,72,72,72,77,77,77,77,77,77,77,77,77,77,77,77,77,77,77,77,77,77,77,77,77,77,77,80,80,80,80,80,80,80,80,80,80,80,80,80,80,80,80,80],"card_choices":[{"not_picked":["Dropkick","Anger"],"picked":"Thunderclap","floor":1},{"not_picked":["Flex","Havoc"],"picked":"Shrug It Off","floor":4},{"not_picked":["Warcry","Bloodletting"],"picked":"Twin Strike","floor":5},{"not_picked":["Berserk","Heavy Blade"],"picked":"Feed","floor":6},{"not_picked":["Shrug It Off","Headbutt"],"picked":"Armaments","floor":7},{"not_picked":["Clothesline","Iron Wave"],"picked":"Uppercut","floor":7},{"not_picked":["Perfected Strike","Fire Breathing"],"picked":"Spot Weakness","floor":11},{"not_picked":["Thunderclap","Flex"],"picked":"Disarm","floor":12},{"not_picked":["Searing Blow","Shrug It Off"],"picked":"Body Slam","floor":12},{"not_picked":["Havoc","Whirlwind"],"picked":"Fiend Fire","floor":14},{"not_picked":["Impervious","Berserk"],"picked":"Demon Form","floor":16},{"not_picked":["Shrug It Off","Warcry"],"picked":"Ghostly Armor","floor":18},{"not_picked":["Flex","Hemokinesis"],"picked":"Armaments","floor":18},{"not_picked":["Anger+1","Shrug It Off"],"picked":"Spot Weakness","floor":20},{"not_picked":["Bloodletting","Sword Boomerang"],"picked":"Burning Pact","floor":20},{"not_picked":["Thunderclap","Shockwave"],"picked":"Flame Barrier","floor":21},{"not_picked":["True Grit","Thunderclap"],"picked":"Shockwave","floor":21},{"not_picked":["Dual Wield","Sentinel"],"picked":"Seeing Red","floor":23},{"not_picked":["Perfected Strike","Twin Strike"],"picked":"Dark Embrace","floor":24},{"not_picked":["Twin Strike+1","Iron Wave"],"picked":"True Grit+1","floor":24},{"not_picked":["Searing Blow","Armaments"],"picked":"Metallicize+1","floor":27},{"not_picked":["Perfected Strike","Thunderclap"],"picked":"Warcry+1","floor":30},{"not_picked":["Shrug It Off","Body Slam"],"picked":"Heavy Blade+1","floor":30},{"not_picked":["Pommel Strike","Brutality"],"picked":"Metallicize","floor":31},{"not_picked":["Anger+1","Entrench"],"picked":"Disarm","floor":31},{"not_picked":["Immolate","Dark Embrace"],"picked":"Double Tap","floor":33},{"not_picked":["Perfected Strike","Dropkick"],"picked":"Havoc","floor":35},{"not_picked":["Sentinel","Body Slam","Seeing Red+1"],"picked":"SKIP","floor":35},{"not_picked":["Intimidate+1","Anger"],"picked":"Carnage+1","floor":37},{"not_picked":["Rupture","Blood for Blood"],"picked":"Heavy Blade+1","floor":37},{"not_picked":["Fire Breathing+1","Havoc+1"],"picked":"Feel No Pain","floor":39},{"not_picked":["Headbutt","Armaments+1"],"picked":"True Grit+1","floor":39},{"not_picked":["Battle Trance+1","Havoc+1"],"picked":"Juggernaut","floor":41},{"not_picked":["Rage","Body Slam+1","Headbutt+1"],"picked":"SKIP","floor":45},{"not_picked":["Headbutt","Armaments","Anger"],"picked":"SKIP","floor":45},{"not_picked":["Brutality","Offering","Infernal Blade"],"picked":"SKIP","floor":47},{"not_picked":["Flex+1","Shrug It Off"],"picked":"True Grit","floor":48},{"not_picked":["Havoc","Anger+1"],"picked":"Armaments+1","floor":48},{"not_picked":["Flex+1","Heavy Blade"],"picked":"Disarm+1","floor":54}],"player_experience":371999,"relics_obtained":[{"floor":6,"key":"Prayer Wheel"},{"floor":9,"key":"Self Forming Clay"},{"floor":11,"key":"Dodecahedron"},{"floor":14,"key":"Vajra"},{"floor":23,"key":"Blood Vial"},{"floor":26,"key":"Whetstone"},{"floor":27,"key":"Mercury Hourglass"},{"floor":41,"key":"Lantern"},{"floor":47,"key":"Kunai"},{"floor":54,"key":"War Paint"}],"event_choices":[{"damage_healed":0,"gold_gain":75,"player_choice":"Touch","damage_taken":7,"max_hp_gain":0,"max_hp_loss":0,"event_name":"FaceTrader","floor":2,"gold_loss":0},{"damage_healed":0,"gold_gain":30,"player_choice":"Searched \u00273\u0027 times","damage_taken":0,"relics_obtained":["Bag of Marbles"],"max_hp_gain":0,"max_hp_loss":0,"event_name":"Dead Adventurer","floor":13,"gold_loss":0},{"cards_removed":["Strike_R"],"damage_healed":0,"gold_gain":0,"player_choice":"Offered Basic","damage_taken":0,"max_hp_gain":0,"max_hp_loss":0,"event_name":"Bonfire Elementals","floor":19,"gold_loss":0},{"damage_healed":0,"gold_gain":0,"player_choice":"Inject Mutagens","damage_taken":0,"relics_obtained":["MutagenicStrength"],"max_hp_gain":0,"max_hp_loss":0,"event_name":"Drug Dealer","floor":22,"gold_loss":0},{"cards_removed":["Body Slam"],"damage_healed":0,"gold_gain":0,"player_choice":"Removed Attack","damage_taken":0,"max_hp_gain":0,"max_hp_loss":0,"event_name":"Falling","floor":36,"gold_loss":0},{"damage_healed":0,"gold_gain":0,"player_choice":"Upgraded","damage_taken":0,"max_hp_gain":0,"max_hp_loss":0,"event_name":"Upgrade Shrine","floor":38,"gold_loss":0,"cards_upgraded":["Disarm"]},{"damage_healed":0,"gold_gain":100,"player_choice":"Pray","damage_taken":0,"max_hp_gain":0,"max_hp_loss":0,"event_name":"Golden Shrine","floor":42,"gold_loss":0}],"is_beta":false,"boss_relics":[{"not_picked":["Runic Pyramid","Velvet Choker"],"picked":"Snecko Eye"},{"not_picked":["Astrolabe","Fusion Hammer"],"picked":"Mark of Pain"}],"items_purged_floors":[28],"is_endless":false,"potions_floor_spawned":[5,6,11,12,14,20,31,33,35,39,47,48,54],"ascension_level":10}