{"path_per_floor":["M","?","M","M","M","R","M","M","T","M","?","R","M","M","R","B",null,"M","$","M","?","M","E","M","M","T","?","$","R","E","M","R","B",null,"M","?","?","M","$","E","$","M","T","?","E","?","M","?","R","B"],"character_chosen":"IRONCLAD","items_purchased":["Apotheosis"],"gold_per_floor":[116,66,86,101,119,119,132,149,173,192,192,192,202,221,221,325,325,336,79,96,96,112,138,154,167,167,167,67,67,98,115,115,213,213,225,225,225,243,118,150,0,20,44,0,30,30,42,42,42,42],"floor_reached":51,"campfire_rested":0,"playtime":6475,"current_hp_per_floor":[80,80,71,63,76,76,77,72,72,69,62,62,75,80,80,76,80,63,63,80,80,63,51,77,78,78,78,78,78,50,80,80,76,80,77,77,77,80,80,80,80,80,80,80,94,84,83,83,83,90],"items_purged":["Strike_R","Rampage","Bash","Defend_R"],"gold":42,"play_id":"7babd73d-8c5c-4c81-93da-06ac34e226b6","is_prod":false,"is_daily":false,"campfire_rituals":0,"campfire_upgraded":6,"is_hardmode":false,"path_taken":["M","?","M","M","M","R","M","M","T","?","?","R","M","M","R","BOSS","M","$","M","?","M","E","M","M","T","?","?","R","E","M","R","BOSS","M","?","?","M","$","E","$","?","T","?","E","?","?","?","R","BOSS"],"build_version":"2017-12-21-PROD1","purchased_purges":5,"victory":true,"master_deck":["Defend_R","Defend_R","Defend_R","Spot Weakness","Reaper","Thunderclap","Demon Form","Intimidate","Heavy Blade","Flex","Metallicize","Limit Break","Fire Breathing","Apotheosis","Spot Weakness","Iron Wave","Burning Pact","Pummel","Intimidate","Battle Trance","Sever Soul","Reaper","Headbutt","Flame Barrier","Offering","Madness","Pummel","Mind Blast"],"max_hp_per_floor":[80,80,80,80,80,80,80,80,80,80,80,80,80,80,80,80,80,80,80,80,80,80,80,80,80,80,80,80,80,80,80,80,80,80,80,80,80,80,80,80,80,80,80,80,94,94,94,94,94,94],"relics":["Burning Blood","Bag of Marbles","Sozu","Toxic Egg","Pen Nib","Centennial Puzzle","Runic Pyramid","Mercury Hourglass","Whetstone","Red Mask","Mango"],"campfire_meditates":0,"card_choices":[{"not_picked":["Rupture","Disarm"],"picked":"Spot Weakness"},{"not_picked":["Clothesline","Flex"],"picked":"Reaper"},{"not_picked":["Warcry","Rupture"],"picked":"Thunderclap"},{"not_picked":["Second Wind","Pummel"],"picked":"Demon Form"},{"not_picked":["Clash","Clothesline"],"picked":"Intimidate"},{"not_picked":["Warcry","Clash"],"picked":"Rampage"},{"not_picked":["Seeing Red","Uppercut"],"picked":"Heavy Blade"},{"not_picked":["Dual Wield","Armaments"],"picked":"Flex"},{"not_picked":["Intimidate","Headbutt"],"picked":"Metallicize"},{"not_picked":["Juggernaut","Brutality"],"picked":"Limit Break"},{"not_picked":["Disarm","Clothesline"],"picked":"Fire Breathing"},{"not_picked":["Seeing Red","Sever Soul"],"picked":"Spot Weakness"},{"not_picked":["Power Through","Anger"],"picked":"Iron Wave"},{"not_picked":["Perfected Strike","Power Through"],"picked":"Burning Pact"},{"not_picked":["Seeing Red","Twin Strike"],"picked":"Pummel"},{"not_picked":["Infernal Blade","Cleave"],"picked":"Intimidate"},{"not_picked":["Pommel Strike","Iron Wave"],"picked":"Battle Trance"},{"not_picked":["Berserk","Juggernaut"],"picked":"Demon Form"},{"not_picked":["Cleave","Heavy Blade"],"picked":"Sever Soul"},{"not_picked":["Sever Soul","Warcry"],"picked":"Headbutt"},{"not_picked":["Heavy Blade","Armaments"],"picked":"Flame Barrier"},{"not_picked":["Shrug It Off","Sword Boomerang"],"picked":"Offering"},{"not_picked":["Twin Strike","Power Through"],"picked":"Pummel"}],"player_experience":5646,"potions_floor_usage":[16],"damage_taken":[{"damage":6,"enemies":"Cultist","floor":1,"turns":3},{"damage":15,"enemies":"Looter","floor":3,"turns":4},{"damage":14,"enemies":"Blue Slaver","floor":4,"turns":3},{"damage":7,"enemies":"2 Fungi Beasts","floor":5,"turns":4},{"damage":21,"enemies":"Exordium Thugs","floor":7,"turns":5},{"damage":21,"enemies":"Red Slaver","floor":8,"turns":5},{"damage":9,"enemies":"3 Louse","floor":10,"turns":3},{"damage":10,"enemies":"2 Fungi Beasts","floor":13,"turns":4},{"damage":1,"enemies":"Exordium Wildlife","floor":14,"turns":3},{"damage":32,"enemies":"Hexaghost","floor":16,"turns":6},{"damage":23,"enemies":"Spheric Guardian","floor":18,"turns":5},{"damage":10,"enemies":"3 Byrds","floor":20,"turns":4},{"damage":34,"enemies":"Slaver and Parasite","floor":22,"turns":5},{"damage":32,"enemies":"Slavers","floor":23,"turns":6},{"damage":15,"enemies":"Snecko","floor":24,"turns":6},{"damage":5,"enemies":"Centurion and Healer","floor":25,"turns":5},{"damage":34,"enemies":"Book of Stabbing","floor":30,"turns":4},{"damage":9,"enemies":"Chosen and Byrds","floor":31,"turns":5},{"damage":10,"enemies":"Automaton","floor":33,"turns":5},{"damage":16,"enemies":"3 Shapes","floor":35,"turns":4},{"damage":2,"enemies":"Orb Walker","floor":38,"turns":2},{"damage":46,"enemies":"Nemesis","floor":40,"turns":7},{"damage":36,"enemies":"4 Shapes","floor":42,"turns":4},{"damage":72,"enemies":"2 Orb Walkers","floor":45,"turns":5},{"damage":30,"enemies":"Sphere and 2 Shapes","floor":47,"turns":4},{"damage":35,"enemies":"Awakened One","floor":50,"turns":6}],"event_choices":[{"event_name":"The Cleric","player_choice":"Card Removal","floor":2,"damage_taken":0},{"event_name":"Golden Wing","player_choice":"Card Removal","floor":11,"damage_taken":0},{"event_name":"Vampires","player_choice":"Ignored","floor":21,"damage_taken":0},{"event_name":"Purifier","player_choice":"One Purge","floor":27,"damage_taken":0},{"event_name":"Duplicator","player_choice":"One dupe","floor":37,"damage_taken":0},{"event_name":"Tomb of Lord Red Mask","player_choice":"Paid","floor":44,"damage_taken":0},{"event_name":"Winding Halls","player_choice":"Embrace Madness","floor":46,"damage_taken":0},{"event_name":"Transmorgrifier","player_choice":"Transform","floor":48,"damage_taken":0}],"boss_relics":[{"not_picked":["Snecko Eye","Mark of Pain"],"picked":"Sozu"},{"not_picked":["Orrery","Black Blood"],"picked":"Runic Pyramid"}],"potions_floor_spawned":[1,5,10,14,18,20,23,31,38,42,47],"seed_played":"274466289063198567","is_trial":false}