{"path_per_floor":["M","$","?","M","M","E","?","R","T","M","E","?","M","E","R","B",null,"M","M","M"],"character_chosen":"THE_SILENT","items_purchased":["Well Laid Plans"],"gold_per_floor":[119,6,6,26,42,73,73,73,73,89,116,116,136,168,168,271,271,289,308,324,324],"floor_reached":21,"campfire_rested":0,"playtime":1029,"item_purchase_floors":[2],"current_hp_per_floor":[67,67,67,65,63,39,39,39,39,39,28,28,28,28,28,53,66,48,39,39,0],"items_purged":["Defend_G"],"gold":324,"score":345,"play_id":"ebaf3ec7-5c48-40e9-963a-24e7aa9a5ea4","local_time":"20180625021944","is_prod":false,"is_daily":false,"chose_seed":false,"is_ascension_mode":true,"campfire_upgraded":2,"win_rate":0,"timestamp":1529907584,"campfire_choices":[{"data":"Neutralize","floor":8,"key":"SMITH"},{"data":"Infinite Blades","floor":15,"key":"SMITH"}],"path_taken":["M","$","?","M","M","E","?","R","T","?","E","?","M","E","R","BOSS","M","M","M","?"],"build_version":"2018-06-21","seed_source_timestamp":50371104927509,"purchased_purges":1,"circlet_count":0,"victory":false,"master_deck":["Defend_G","Defend_G","Defend_G","Defend_G","Strike_G","Strike_G","Strike_G","Survivor","Neutralize+1","Well Laid Plans","Dagger Spray","Backstab","Cloak And Dagger","Acrobatics","Infinite Blades+1","Footwork","Phantasmal Killer","Masterful Stab+1","Dagger Throw+1","Reflex"],"max_hp_per_floor":[70,70,70,70,70,70,70,70,70,70,70,70,70,70,70,70,70,70,70,70,70],"relics":["Ring of the Snake","Happy Flower","Shuriken","Pantograph","Boot","Mummified Hand","Sozu"],"card_choices":[{"not_picked":["Acrobatics","Eviscerate","Deadly Poison"],"picked":"SKIP","floor":1},{"not_picked":["Eviscerate","Riddle With Holes"],"picked":"Dagger Spray","floor":4},{"not_picked":["Reflex","Noxious Fumes"],"picked":"Backstab","floor":5},{"not_picked":["Dodge and Roll","Prepared"],"picked":"Cloak And Dagger","floor":6},{"not_picked":["Dodge and Roll","Prepared","Storm of Steel"],"picked":"SKIP","floor":10},{"not_picked":["Expertise","Bane"],"picked":"Acrobatics","floor":11},{"not_picked":["Flying Knee","Bane"],"picked":"Infinite Blades","floor":13},{"not_picked":["Dagger Spray","Prepared"],"picked":"Footwork","floor":14},{"not_picked":["Tactician","Unload"],"picked":"Phantasmal Killer","floor":16},{"not_picked":["Underhanded Strike","Flying Knee"],"picked":"Masterful Stab+1","floor":18},{"not_picked":["Burst","Dodge and Roll"],"picked":"Dagger Throw+1","floor":19},{"not_picked":["Cloak And Dagger","Prepared"],"picked":"Reflex","floor":20}],"player_experience":315218,"potions_floor_usage":[11,14,14],"damage_taken":[{"damage":3,"enemies":"Jaw Worm","floor":1,"turns":5},{"damage":2,"enemies":"Cultist","floor":4,"turns":4},{"damage":2,"enemies":"Small Slimes","floor":5,"turns":3},{"damage":24,"enemies":"Gremlin Nob","floor":6,"turns":5},{"damage":0,"enemies":"Gremlin Gang","floor":10,"turns":3},{"damage":11,"enemies":"Lagavulin","floor":11,"turns":4},{"damage":0,"enemies":"2 Fungi Beasts","floor":13,"turns":2},{"damage":0,"enemies":"Gremlin Nob","floor":14,"turns":3},{"damage":0,"enemies":"Hexaghost","floor":16,"turns":8},{"damage":18,"enemies":"Spheric Guardian","floor":18,"turns":4},{"damage":9,"enemies":"2 Thieves","floor":19,"turns":3},{"damage":0,"enemies":"3 Cultists","floor":20,"turns":4},{"damage":45,"enemies":"Cultist and Chosen","floor":21,"turns":7}],"relics_obtained":[{"floor":6,"key":"Shuriken"},{"floor":9,"key":"Pantograph"},{"floor":11,"key":"Boot"},{"floor":14,"key":"Mummified Hand"}],"event_choices":[{"event_name":"Purifier","player_choice":"One Purge","floor":3,"damage_taken":0},{"event_name":"Liars Game","player_choice":"disagreed","floor":7,"damage_taken":0},{"event_name":"Living Wall","player_choice":"Forget","floor":12,"damage_taken":0}],"boss_relics":[{"not_picked":["Busted Crown","Ectoplasm"],"picked":"Sozu"}],"items_purged_floors":[2],"is_endless":false,"potions_floor_spawned":[6,11,13,14,20],"seed_played":"4072678175322900466","killed_by":"Cultist and Chosen","ascension_level":5,"potions_obtained":[{"floor":6,"key":"Fire Potion"},{"floor":11,"key":"GamblersBrew"},{"floor":13,"key":"AttackPotion"},{"floor":14,"key":"LiquidBronze"}],"is_trial":false}