{"gold_per_floor":[116,116,116,116,16,16,41,60,60,87,87,87,97,164,164,261,261,272,31,42,106,156,181,200,250,303,330,330,11,41,16,16,120,120,138,188,199,249,260,260],"floor_reached":40,"playtime":2132,"items_purged":["Regret"],"score":599,"play_id":"8c48d685-805d-4cb4-8b7b-6b43d5dd27ac","local_time":"20180728193028","is_ascension_mode":true,"campfire_choices":[{"data":"Limit Break","floor":6,"key":"SMITH"},{"floor":11,"key":"REST"},{"data":"Metallicize","floor":15,"key":"SMITH"},{"data":"Heavy Blade","floor":28,"key":"SMITH"},{"floor":32,"key":"REST"}],"neow_cost":"NONE","seed_source_timestamp":1384461348421300,"circlet_count":0,"master_deck":["Strike_R","Strike_R","Strike_R","Defend_R","Defend_R","Defend_R","Bash+1","Limit Break+1","Dropkick","Shrug It Off","Reaper","Feed","Metallicize+1","Iron Wave","Offering+1","Heavy Blade+1","Inflame","Disarm+1","Flex+1","Double Tap+1","Metallicize","Flex+1","Shrug It Off+1","Shrug It Off+1","Limit Break+1","Anger+1","Reaper","Metallicize+1","Metallicize","Apotheosis+1"],"relics":["Burning Blood","Question Card","Toxic Egg 2","Shuriken","Dream Catcher","SsserpentHead","Mark of Pain","Sling","Prayer Wheel","Tiny Chest","StoneCalendar","Matryoshka","Peace Pipe","Empty Cage"],"potions_floor_usage":[16,27,27,35,37],"damage_taken":[{"damage":2,"enemies":"2 Louse","floor":1,"turns":3},{"damage":15,"enemies":"Gremlin Nob","floor":7,"turns":4},{"damage":7,"enemies":"Jaw Worm","floor":8,"turns":2},{"damage":45,"enemies":"3 Sentries","floor":10,"turns":12},{"damage":8,"enemies":"Small Slimes","floor":13,"turns":3},{"damage":1,"enemies":"Looter","floor":14,"turns":4},{"damage":35,"enemies":"Slime Boss","floor":16,"turns":6},{"damage":23,"enemies":"2 Thieves","floor":18,"turns":4},{"damage":2,"enemies":"Chosen","floor":20,"turns":3},{"damage":25,"enemies":"Snake Plant","floor":21,"turns":3},{"damage":22,"enemies":"Gremlin Leader","floor":23,"turns":6},{"damage":24,"enemies":"3 Cultists","floor":24,"turns":5},{"damage":41,"enemies":"Slavers","floor":27,"turns":5},{"damage":23,"enemies":"Book of Stabbing","floor":30,"turns":4},{"damage":8,"enemies":"Champ","floor":33,"turns":9},{"damage":33,"enemies":"3 Darklings","floor":35,"turns":3},{"damage":13,"enemies":"Orb Walker","floor":37,"turns":2},{"damage":14,"enemies":"3 Darklings","floor":39,"turns":5},{"damage":136,"enemies":"2 Orb Walkers","floor":40,"turns":7}],"seed_played":"92128241779917467","potions_obtained":[{"floor":1,"key":"Strength Potion"},{"floor":8,"key":"SteroidPotion"},{"floor":23,"key":"Ancient Potion"},{"floor":24,"key":"Regen Potion"},{"floor":27,"key":"Fire Potion"},{"floor":35,"key":"AttackPotion"}],"is_trial":false,"path_per_floor":["M","?","?","?","$","R","E","M","T","E","R","?","M","M","R","B",null,"M","$","M","M","?","E","M","?","T","E","R","$","E","$","R","B",null,"M","?","M","?","M"],"character_chosen":"IRONCLAD","items_purchased":["Shrug It Off","Inflame","Sling","Matryoshka","Metallicize","Flex+1","Shrug It Off+1"],"campfire_rested":2,"item_purchase_floors":[5,19,19,29,29,29,31],"current_hp_per_floor":[80,80,73,73,73,73,64,63,63,36,60,60,61,66,66,40,86,84,84,89,74,74,78,79,61,61,67,67,67,50,50,80,103,103,81,81,74,74,103,0],"gold":260,"neow_bonus":"ONE_RANDOM_RARE_CARD","is_prod":false,"is_daily":false,"chose_seed":false,"campfire_upgraded":3,"win_rate":0,"timestamp":1532831428,"path_taken":["M","?","?","?","$","R","E","?","T","E","R","?","M","?","R","BOSS","M","$","M","?","?","E","M","?","T","E","R","?","E","$","R","BOSS","M","?","M","?","M","E"],"build_version":"2018-07-26","purchased_purges":1,"victory":false,"max_hp_per_floor":[80,80,80,80,80,80,80,80,80,80,80,80,83,83,83,86,86,89,89,89,89,89,89,92,97,97,100,100,100,100,100,100,103,103,103,103,103,103,103,103],"card_choices":[{"not_picked":["Perfected Strike","Sword Boomerang"],"picked":"Dropkick","floor":1},{"not_picked":["Armaments","Sword Boomerang","Body Slam","Sentinel"],"picked":"SKIP","floor":7},{"not_picked":["Iron Wave","Twin Strike","Perfected Strike"],"picked":"Reaper","floor":8},{"not_picked":["True Grit+1","Intimidate+1","Wild Strike"],"picked":"Feed","floor":10},{"not_picked":["Cleave","Pommel Strike","True Grit+1"],"picked":"Metallicize","floor":11},{"not_picked":["Headbutt","True Grit+1","Havoc+1"],"picked":"Iron Wave","floor":13},{"not_picked":["Wild Strike","Warcry+1","Rupture","Clash"],"picked":"SKIP","floor":14},{"not_picked":["Dark Embrace","Exhume+1","Feed"],"picked":"Offering+1","floor":16},{"not_picked":["Carnage+1","Spot Weakness+1","Iron Wave"],"picked":"Heavy Blade","floor":18},{"not_picked":["Body Slam","Combust","Thunderclap+1"],"picked":"Disarm+1","floor":20},{"not_picked":["Clash","Clothesline","Heavy Blade"],"picked":"Flex+1","floor":21},{"not_picked":["Havoc+1","Entrench+1","Pummel"],"picked":"Double Tap+1","floor":23},{"not_picked":["Second Wind+1","Bloodletting+1","Burning Pact+1","Armaments+1"],"picked":"SKIP","floor":24},{"not_picked":["Rampage","Dual Wield+1","Iron Wave+1","Shockwave+1"],"picked":"SKIP","floor":24},{"not_picked":["Shockwave+1","Warcry+1","Perfected Strike","Infernal Blade+1"],"picked":"SKIP","floor":27},{"not_picked":["Body Slam","Clothesline","Battle Trance+1"],"picked":"Shrug It Off+1","floor":30},{"not_picked":["Barricade","Dark Embrace","Immolate"],"picked":"Limit Break+1","floor":33},{"not_picked":["Ghostly Armor+1","Battle Trance+1","Warcry+1"],"picked":"Anger+1","floor":35},{"not_picked":["True Grit+1","Sentinel+1","Flame Barrier+1","Shrug It Off+1"],"picked":"SKIP","floor":35},{"not_picked":["Reckless Charge","Power Through+1","Clothesline+1"],"picked":"Metallicize+1","floor":37},{"not_picked":["Thunderclap","Wild Strike+1","Iron Wave+1"],"picked":"Metallicize","floor":37},{"not_picked":["Sadistic Nature","Jack Of All Trades+1","Finesse+1"],"picked":"Apotheosis+1","floor":38},{"not_picked":["Thunderclap+1","Havoc+1","Anger+1","Power Through+1"],"picked":"SKIP","floor":39},{"not_picked":["Sword Boomerang","Perfected Strike+1","Disarm+1","Thunderclap+1"],"picked":"SKIP","floor":39}],"player_experience":385779,"relics_obtained":[{"floor":7,"key":"Toxic Egg 2"},{"floor":9,"key":"Shuriken"},{"floor":10,"key":"Dream Catcher"},{"floor":23,"key":"Prayer Wheel"},{"floor":26,"key":"Tiny Chest"},{"floor":27,"key":"StoneCalendar"},{"floor":30,"key":"Peace Pipe"}],"event_choices":[{"event_name":"Living Wall","player_choice":"Grow","floor":2,"damage_taken":0},{"event_name":"Golden Wing","player_choice":"Card Removal","floor":3,"damage_taken":0},{"event_name":"Big Fish","player_choice":"Box","floor":4,"damage_taken":0},{"event_name":"FaceTrader","player_choice":"Trade","floor":12,"damage_taken":0},{"event_name":"Transmorgrifier","player_choice":"Skipped","floor":22,"damage_taken":0},{"event_name":"Forgotten Altar","player_choice":"Shed Blood","floor":25,"damage_taken":0},{"event_name":"Duplicator","player_choice":"One dupe","floor":36,"damage_taken":0},{"event_name":"SensoryStone","player_choice":"Memory 1","floor":38,"damage_taken":0}],"is_beta":false,"boss_relics":[{"not_picked":["Eternal Feather","Coffee Dripper"],"picked":"Mark of Pain"},{"not_picked":["Orrery","Velvet Choker"],"picked":"Empty Cage"}],"items_purged_floors":[5],"is_endless":false,"potions_floor_spawned":[1,8,23,24,27,35],"killed_by":"2 Orb Walkers","ascension_level":3}