{"gold_per_floor":[114,73,89,108,123,123,156,173,173,193,43,54,81,181,181,181],"floor_reached":16,"playtime":748,"items_purged":[],"score":104,"play_id":"8e90c6e9-c29b-4eaf-baf2-609b3b83ebab","local_time":"20180722020543","is_ascension_mode":false,"campfire_choices":[{"data":"Choke","floor":6,"key":"SMITH"},{"floor":15,"key":"REST"}],"neow_cost":"TEN_PERCENT_HP_LOSS","seed_source_timestamp":956837153617736,"circlet_count":0,"master_deck":["Defend_G","Defend_G","Defend_G","Defend_G","Defend_G","Strike_G","Strike_G","Strike_G","Strike_G","Strike_G","Survivor","Neutralize","Flying Knee","Predator","Blur","Choke+1","Escape Plan","Cloak And Dagger","All Out Attack","Noxious Fumes","Finisher"],"relics":["Ring of the Snake","Ginger","Bag of Marbles","Mummified Hand","Boot","Odd Mushroom"],"potions_floor_usage":[7,7,13,16],"damage_taken":[{"damage":1,"enemies":"2 Louse","floor":1,"turns":3},{"damage":5,"enemies":"Small Slimes","floor":3,"turns":5},{"damage":3,"enemies":"Jaw Worm","floor":4,"turns":4},{"damage":7,"enemies":"Blue Slaver","floor":5,"turns":3},{"damage":8,"enemies":"3 Sentries","floor":7,"turns":7},{"damage":12,"enemies":"2 Fungi Beasts","floor":8,"turns":4},{"damage":15,"enemies":"Exordium Wildlife","floor":10,"turns":5},{"damage":0,"enemies":"Looter","floor":12,"turns":2},{"damage":8,"floor":13,"turns":4},{"damage":22,"enemies":"The Guardian","floor":16,"turns":9}],"seed_played":"-3314408458125443807","potions_obtained":[{"floor":3,"key":"Explosive Potion"},{"floor":5,"key":"GhostInAJar"},{"floor":12,"key":"Ancient Potion"},{"floor":13,"key":"SteroidPotion"}],"is_trial":false,"path_per_floor":["M","?","M","M","M","R","E","M","T","M","$","M","?","?","R"],"character_chosen":"THE_SILENT","items_purchased":["Boot"],"campfire_rested":1,"item_purchase_floors":[11],"current_hp_per_floor":[62,62,57,54,47,47,39,27,27,12,12,12,4,4,22,0],"gold":181,"neow_bonus":"ONE_RARE_RELIC","is_prod":false,"is_daily":false,"chose_seed":false,"campfire_upgraded":1,"win_rate":0,"timestamp":1532217943,"path_taken":["M","?","M","M","M","R","E","M","T","M","$","M","?","?","R","BOSS"],"build_version":"2018-07-19v2","purchased_purges":0,"victory":false,"max_hp_per_floor":[63,63,63,63,63,63,63,63,63,63,63,63,63,63,63,63],"card_choices":[{"not_picked":["PiercingWail","Prepared"],"picked":"Flying Knee","floor":1},{"not_picked":["Sucker Punch","Endless Agony"],"picked":"Predator","floor":3},{"not_picked":["Tactician","Expertise"],"picked":"Blur","floor":4},{"not_picked":["Sucker Punch","Reflex"],"picked":"Choke","floor":5},{"not_picked":["Acrobatics","Slice"],"picked":"Escape Plan","floor":7},{"not_picked":["Reflex","Doppelganger"],"picked":"Cloak And Dagger","floor":8},{"not_picked":["Dagger Throw","Acrobatics"],"picked":"All Out Attack","floor":10},{"not_picked":["Riddle With Holes","Slice"],"picked":"Noxious Fumes","floor":12},{"not_picked":["Sucker Punch","Skewer"],"picked":"Finisher","floor":13}],"player_experience":75188,"relics_obtained":[{"floor":7,"key":"Bag of Marbles"},{"floor":9,"key":"Mummified Hand"},{"floor":13,"key":"Odd Mushroom"}],"event_choices":[{"event_name":"World of Goop","player_choice":"Left","floor":2,"damage_taken":0},{"event_name":"Mushrooms","player_choice":"Fought Mushrooms","floor":13,"damage_taken":0},{"event_name":"Golden Shrine","player_choice":"Pray","floor":14,"damage_taken":0}],"is_beta":false,"boss_relics":[],"items_purged_floors":[],"is_endless":false,"potions_floor_spawned":[3,5,12,13],"killed_by":"The Guardian","ascension_level":0}