{"gold_per_floor":[109,109,109,109,132,132,157,157,157,157,176,220,245,280,280,406,406,429,429,9,9,22,22,22,53,53,53,67,67,88,14,14,134,134,148,171,171,504,6,17,17,30,55,67,67,79,93,0,0,0],"floor_reached":50,"playtime":3394,"items_purged":["Pain","Shame"],"score":616,"play_id":"9abb2b16-001d-4b12-a42d-f518da6fc601","local_time":"20180915003706","is_ascension_mode":true,"campfire_choices":[{"data":"Dualcast","floor":6,"key":"SMITH"},{"data":"Zap","floor":8,"key":"SMITH"},{"floor":10,"key":"REST"},{"floor":15,"key":"REST"},{"data":"White Noise","floor":23,"key":"SMITH"},{"data":"Creative AI","floor":27,"key":"SMITH"},{"data":"Redo","floor":29,"key":"SMITH"},{"data":"Hello World","floor":32,"key":"SMITH"},{"data":"Storm","floor":41,"key":"SMITH"},{"data":"Seek","floor":49,"key":"SMITH"}],"neow_cost":"NONE","seed_source_timestamp":33874372868622,"circlet_count":0,"master_deck":["Strike_B+1","Strike_B+1","Strike_B+1","Strike_B+1","Defend_B+1","Defend_B+1","Defend_B+1","Defend_B+1","Zap+1","Dualcast+1","Conserve Battery+1","Cold Snap+1","Self Repair+1","Sweeping Beam+1","Self Repair+1","Chill+1","Self Repair+1","Creative AI+1","Auto Shields+1","Ghostly+1","Ghostly+1","Ghostly+1","Ghostly+1","Ghostly+1","White Noise+1","Rip and Tear+1","Redo+1","Beam Cell+1","Hello World+1","Amplify+1","Turbo+1","Defragment+1","Storm+1","Sweeping Beam+1","Chill+1","FTL+1","Seek+1"],"relics":["Cracked Core","Dream Catcher","WarpedTongs","Matryoshka","Bronze Scales","Juzu Bracelet","Lizard Tail","Sling","Vajra","Art of War","Mercury Hourglass","PreservedInsect","Whetstone","Inserter","Toolbox","Boot","Bag of Marbles","Mark of the Bloom","Red Mask"],"potions_floor_usage":[12,16,16,16,22,35,44,46,50,50],"damage_taken":[{"damage":0,"enemies":"Cultist","floor":1,"turns":3},{"damage":1,"enemies":"Small Slimes","floor":5,"turns":3},{"damage":9,"enemies":"Jaw Worm","floor":7,"turns":4},{"damage":10,"enemies":"Exordium Wildlife","floor":11,"turns":4},{"damage":27,"enemies":"Gremlin Nob","floor":12,"turns":4},{"damage":12,"enemies":"3 Louse","floor":13,"turns":2},{"damage":26,"enemies":"Lagavulin","floor":14,"turns":6},{"damage":55,"enemies":"Hexaghost","floor":16,"turns":9},{"damage":46,"enemies":"Shell Parasite","floor":18,"turns":7},{"damage":16,"enemies":"Chosen","floor":22,"turns":9},{"damage":24,"enemies":"Slavers","floor":25,"turns":5},{"damage":3,"enemies":"Shelled Parasite and Fungi","floor":28,"turns":7},{"damage":22,"enemies":"Cultist and Chosen","floor":30,"turns":8},{"damage":3,"enemies":"Automaton","floor":33,"turns":12},{"damage":34,"enemies":"3 Shapes","floor":35,"turns":4},{"damage":1,"enemies":"3 Darklings","floor":36,"turns":9},{"damage":20,"enemies":"Spire Growth","floor":40,"turns":6},{"damage":6,"enemies":"Reptomancer","floor":42,"turns":7},{"damage":23,"enemies":"4 Shapes","floor":44,"turns":3},{"damage":0,"enemies":"3 Darklings","floor":46,"turns":4},{"damage":16,"enemies":"Maw","floor":47,"turns":7},{"damage":12,"enemies":"Awakened One","floor":50,"turns":3}],"seed_played":"-6736449543691944380","potions_obtained":[{"floor":7,"key":"EssenceOfSteel"},{"floor":12,"key":"Ancient Potion"},{"floor":13,"key":"Dexterity Potion"},{"floor":14,"key":"Strength Potion"},{"floor":18,"key":"PowerPotion"},{"floor":33,"key":"Explosive Potion"},{"floor":36,"key":"Strength Potion"},{"floor":46,"key":"AttackPotion"}],"is_trial":false,"path_per_floor":["M","?","?","?","M","R","M","R","T","R","M","E","M","E","R","B",null,"M","?","$","?","M","R","$","E","T","R","M","R","M","$","R","B",null,"M","M","?","?","$","M","R","M","T","M","?","M","M","?","R"],"character_chosen":"DEFECT","items_purchased":["Sling","Vajra","Hello World","Storm","Regen Potion","Fire Potion","Toolbox"],"campfire_rested":2,"item_purchase_floors":[20,20,31,39,39,39,39],"current_hp_per_floor":[75,75,57,57,56,56,47,47,47,69,66,49,44,35,57,22,75,50,37,37,37,37,37,37,20,20,20,37,37,37,37,37,37,37,17,37,35,35,35,35,35,35,35,19,19,19,3,3,3,0],"gold":0,"neow_bonus":"RANDOM_COMMON_RELIC","is_prod":false,"is_daily":false,"chose_seed":false,"campfire_upgraded":8,"win_rate":0,"timestamp":1536964626,"path_taken":["M","?","?","?","M","R","M","R","T","R","M","E","M","E","R","BOSS","M","?","$","?","M","R","?","E","T","R","M","R","M","$","R","BOSS","M","M","?","?","$","M","R","M","T","M","?","M","M","?","R","BOSS"],"build_version":"2018-09-06","purchased_purges":2,"victory":false,"max_hp_per_floor":[75,75,75,75,75,75,75,75,75,75,75,75,75,75,75,75,75,75,37,37,37,37,37,37,37,37,37,37,37,37,37,37,37,37,37,37,35,35,35,35,35,35,35,35,35,35,35,35,35,35],"card_choices":[{"not_picked":["Ball Lightning","Gash"],"picked":"Conserve Battery","floor":1},{"not_picked":["Stack","Gash","Beam Cell"],"picked":"SKIP","floor":5},{"not_picked":["Beam Cell","Meteor Strike"],"picked":"Cold Snap","floor":7},{"not_picked":["Auto Shields","Loop"],"picked":"Self Repair","floor":10},{"not_picked":["Hello World","Coolheaded"],"picked":"Sweeping Beam","floor":11},{"not_picked":["Amplify","Thunder Strike","Steam Power"],"picked":"SKIP","floor":12},{"not_picked":["Reinforced Body","Reprogram"],"picked":"Self Repair","floor":13},{"not_picked":["Redo","Beam Cell"],"picked":"Chill","floor":14},{"not_picked":["Redo","Stack"],"picked":"Self Repair","floor":15},{"not_picked":["Meteor Strike","Machine Learning"],"picked":"Creative AI","floor":16},{"not_picked":["Turbo","Rebound+1"],"picked":"Auto Shields+1","floor":18},{"not_picked":["Barrage","Hologram"],"picked":"White Noise","floor":22},{"not_picked":["Hologram","Scrape"],"picked":"Rip and Tear+1","floor":25},{"not_picked":["Chaos","Compile Driver"],"picked":"Redo","floor":28},{"not_picked":["Go for the Eyes","Sweeping Beam"],"picked":"Beam Cell","floor":30},{"not_picked":["Hyperbeam","Multi-Cast"],"picked":"Amplify","floor":33},{"not_picked":["Stack","Melter"],"picked":"Turbo","floor":35},{"not_picked":["Go for the Eyes","Hologram"],"picked":"Defragment","floor":36},{"not_picked":["Streamline","Conserve Battery"],"picked":"Sweeping Beam+1","floor":40},{"not_picked":["Go for the Eyes+1","Recycle"],"picked":"Chill+1","floor":42},{"not_picked":["Scrape","Leap+1"],"picked":"FTL+1","floor":44},{"not_picked":["Scrape","Genetic Algorithm+1","Stack"],"picked":"SKIP","floor":46},{"not_picked":["Chaos+1","Ball Lightning"],"picked":"Seek","floor":47}],"player_experience":159530,"relics_obtained":[{"floor":9,"key":"Matryoshka"},{"floor":12,"key":"Bronze Scales"},{"floor":14,"key":"Juzu Bracelet"},{"floor":25,"key":"Mercury Hourglass"},{"floor":26,"key":"PreservedInsect"},{"floor":26,"key":"Whetstone"},{"floor":43,"key":"Boot"},{"floor":43,"key":"Bag of Marbles"}],"event_choices":[{"event_name":"Golden Wing","player_choice":"Ignored","floor":2,"damage_taken":0},{"event_name":"Golden Idol","player_choice":"Take Damage","floor":3,"damage_taken":0},{"event_name":"Accursed Blacksmith","player_choice":"Rummage","floor":4,"damage_taken":0},{"event_name":"Ghosts","player_choice":"Became a Ghost","floor":19,"damage_taken":0},{"event_name":"Addict","player_choice":"Stole Relic","floor":21,"damage_taken":0},{"event_name":"Winding Halls","player_choice":"Max HP","floor":37,"damage_taken":0},{"event_name":"The Moai Head","player_choice":"Gave Idol","floor":38,"damage_taken":0},{"event_name":"MindBloom","player_choice":"Upgrade","floor":45,"damage_taken":0},{"event_name":"Tomb of Lord Red Mask","player_choice":"Paid","floor":48,"damage_taken":0}],"is_beta":false,"boss_relics":[{"not_picked":["Calling Bell","Runic Pyramid"],"picked":"Lizard Tail"},{"not_picked":["FrozenCore","Runic Dome"],"picked":"Inserter"}],"items_purged_floors":[20,39],"is_endless":false,"potions_floor_spawned":[7,12,13,14,18,33,36,46],"killed_by":"Awakened One","ascension_level":4}