{"gold_per_floor":[110,110,110,122,142,142,169,169,245,245,278,297,316,342,342,446,446,464,464,464,496,267,267,291,291,291,191,191,191,291,166,166,166],"floor_reached":33,"playtime":1725,"items_purged":["Defend_R","Defend_R","Defend_R"],"score":282,"play_id":"73a13f3a-c66d-4057-a3c2-5e436728cdac","local_time":"20190324213034","is_ascension_mode":false,"campfire_choices":[{"data":"Reaper","floor":6,"key":"SMITH"},{"data":"Bludgeon","floor":8,"key":"SMITH"},{"data":"Flame Barrier","floor":15,"key":"SMITH"},{"floor":23,"key":"REST"},{"floor":25,"key":"REST"},{"floor":29,"key":"REST"},{"floor":32,"key":"REST"}],"neow_cost":"NONE","seed_source_timestamp":776817660717816,"circlet_count":0,"master_deck":["Defend_R","Bash","Reaper+1","Shrug It Off","Sentinel","Intimidate","Bludgeon+1","Spot Weakness","True Grit","Flame Barrier+1","Uppercut","Feed","Body Slam","Flame Barrier","Armaments","Clothesline","Body Slam","Bite","Bite","Bite","Bite","Bite","Flame Barrier","Power Through+1","Metallicize"],"relics":["Burning Blood","Red Skull","PreservedInsect","Ornamental Fan","Pantograph","Vajra","Orrery","Red Mask","Anchor","Dream Catcher","Matryoshka","Enchiridion","Nunchaku","Meat on the Bone"],"potions_floor_usage":[33,33,33],"damage_taken":[{"damage":11,"enemies":"Jaw Worm","floor":1,"turns":4},{"damage":15,"enemies":"2 Louse","floor":4,"turns":3},{"damage":2,"enemies":"Small Slimes","floor":5,"turns":4},{"damage":39,"enemies":"3 Sentries","floor":7,"turns":13},{"damage":12,"enemies":"Gremlin Nob","floor":11,"turns":3},{"damage":11,"enemies":"2 Fungi Beasts","floor":12,"turns":4},{"damage":7,"enemies":"Blue Slaver","floor":13,"turns":3},{"damage":19,"enemies":"3 Sentries","floor":14,"turns":5},{"damage":59,"enemies":"Slime Boss","floor":16,"turns":9},{"damage":39,"enemies":"2 Thieves","floor":18,"turns":5},{"damage":62,"enemies":"Masked Bandits","floor":21,"turns":6},{"damage":0,"enemies":"Colosseum Slavers","floor":30,"turns":6},{"damage":36,"enemies":"Colosseum Nobs","floor":30,"turns":5},{"damage":84,"enemies":"Automaton","floor":33,"turns":10}],"seed_played":"3032845961020264314","potions_obtained":[{"floor":4,"key":"BloodPotion"},{"floor":7,"key":"BloodPotion"},{"floor":12,"key":"Strength Potion"}],"is_trial":false,"path_per_floor":["M","?","?","M","M","R","E","R","T","?","E","M","M","E","R","B",null,"M","?","?","?","$","R","T","R","T","$","?","R","?","$","R","B"],"character_chosen":"IRONCLAD","items_purchased":["Anchor"],"campfire_rested":4,"item_purchase_floors":[22],"current_hp_per_floor":[76,81,78,76,83,83,65,65,65,65,64,69,68,63,63,59,85,62,59,59,13,13,30,30,47,47,47,31,48,39,39,56,0],"gold":166,"neow_bonus":"ONE_RANDOM_RARE_CARD","is_prod":false,"is_daily":false,"chose_seed":false,"campfire_upgraded":3,"win_rate":0.0,"timestamp":1553459434,"path_taken":["M","?","?","M","M","R","E","R","T","?","E","M","M","E","R","BOSS","M","?","?","?","$","R","?","R","T","$","?","R","?","?","R","BOSS"],"build_version":"2019-01-23","purchased_purges":3,"victory":false,"max_hp_per_floor":[80,85,85,85,85,85,85,85,85,85,85,85,85,85,85,85,85,85,59,59,59,59,59,59,59,59,59,59,59,59,59,59,59],"card_choices":[{"not_picked":["Perfected Strike","True Grit"],"picked":"Shrug It Off","floor":1},{"not_picked":["Clash","Perfected Strike"],"picked":"Sentinel","floor":4},{"not_picked":["Hemokinesis","Bloodletting"],"picked":"Intimidate","floor":5},{"not_picked":["Second Wind","True Grit"],"picked":"Bludgeon","floor":7},{"not_picked":["Perfected Strike","Inflame"],"picked":"Spot Weakness","floor":11},{"not_picked":["Havoc","Heavy Blade"],"picked":"True Grit","floor":12},{"not_picked":["Spot Weakness","Perfected Strike"],"picked":"Flame Barrier","floor":13},{"not_picked":["Headbutt","Clothesline"],"picked":"Uppercut","floor":14},{"not_picked":["Berserk","Fiend Fire"],"picked":"Feed","floor":16},{"not_picked":["Headbutt","Carnage"],"picked":"Body Slam","floor":17},{"not_picked":["Spot Weakness","Cleave"],"picked":"Flame Barrier","floor":17},{"not_picked":["Heavy Blade","Feel No Pain"],"picked":"Armaments","floor":17},{"not_picked":["Cleave","Corruption"],"picked":"Clothesline","floor":17},{"not_picked":["Pommel Strike","Perfected Strike"],"picked":"Body Slam","floor":18},{"not_picked":["Wild Strike","Sentinel"],"picked":"Power Through+1","floor":25},{"not_picked":["Evolve","Body Slam"],"picked":"Metallicize","floor":30}],"player_experience":103298,"relics_obtained":[{"floor":7,"key":"PreservedInsect"},{"floor":9,"key":"Ornamental Fan"},{"floor":11,"key":"Pantograph"},{"floor":14,"key":"Vajra"},{"floor":21,"key":"Red Mask"},{"floor":24,"key":"Dream Catcher"},{"floor":26,"key":"Matryoshka"},{"floor":28,"key":"Enchiridion"},{"floor":30,"key":"Nunchaku"},{"floor":30,"key":"Meat on the Bone"}],"event_choices":[{"damage_healed":0,"gold_gain":0,"player_choice":"Donut","damage_taken":0,"max_hp_gain":5,"max_hp_loss":0,"event_name":"Big Fish","floor":2,"gold_loss":0},{"damage_healed":0,"gold_gain":0,"player_choice":"Success","damage_taken":3,"relics_obtained":["Red Skull"],"max_hp_gain":0,"max_hp_loss":0,"event_name":"Scrap Ooze","floor":3,"gold_loss":0},{"damage_healed":0,"gold_gain":0,"player_choice":"Ignored","damage_taken":0,"max_hp_gain":0,"max_hp_loss":0,"event_name":"Liars Game","floor":10,"gold_loss":0},{"damage_healed":0,"gold_gain":0,"player_choice":"Became a vampire","damage_taken":0,"max_hp_gain":0,"max_hp_loss":26,"event_name":"Vampires","floor":19,"gold_loss":0,"cards_obtained":["Bite","Bite","Bite","Bite","Bite"]},{"damage_healed":0,"gold_gain":0,"player_choice":"Read","damage_taken":0,"max_hp_gain":0,"max_hp_loss":0,"event_name":"The Library","floor":20,"gold_loss":0,"cards_obtained":["Flame Barrier"]},{"damage_healed":0,"gold_gain":0,"player_choice":"Fought Bandits","damage_taken":0,"max_hp_gain":0,"max_hp_loss":0,"event_name":"Masked Bandits","floor":21,"gold_loss":0},{"damage_healed":0,"gold_gain":0,"player_choice":"Obtained Book","damage_taken":16,"max_hp_gain":0,"max_hp_loss":0,"event_name":"Cursed Tome","floor":28,"gold_loss":0},{"damage_healed":0,"gold_gain":0,"player_choice":"Fight","damage_taken":0,"max_hp_gain":0,"max_hp_loss":0,"event_name":"Colosseum","floor":30,"gold_loss":0},{"damage_healed":0,"gold_gain":0,"player_choice":"Fought Nobs","damage_taken":0,"max_hp_gain":0,"max_hp_loss":0,"event_name":"Colosseum","floor":30,"gold_loss":0}],"is_beta":false,"boss_relics":[{"not_picked":["White Beast Statue","Runic Dome"],"picked":"Orrery"}],"items_purged_floors":[22,27,31],"is_endless":false,"potions_floor_spawned":[4,7,12,13,16,21,30],"killed_by":"Automaton","ascension_level":0}