{"path_per_floor":["M","?","M","M","?","R","E","R","T","R","M","M","?","M","R","B",null,"M","M","$","?","$","R","M","E","T","M","M"],"character_chosen":"DEFECT","items_purchased":["Capacitor","Symbiotic Virus"],"gold_per_floor":[119,194,214,234,234,234,259,259,282,282,298,313,333,350,350,446,446,456,466,340,340,92,92,108,133,156,167,182,182],"floor_reached":29,"campfire_rested":1,"playtime":1442,"item_purchase_floors":[20,22],"current_hp_per_floor":[75,64,62,62,55,55,42,42,42,64,64,64,63,58,58,58,75,74,70,70,70,70,70,51,20,20,17,3,0],"items_purged":["Strike_B"],"gold":182,"score":312,"play_id":"a92fb660-88a2-4bbc-a8ed-7f444a2cbf7c","local_time":"20180523215038","is_prod":false,"is_daily":false,"chose_seed":false,"is_ascension_mode":true,"campfire_upgraded":4,"win_rate":0,"timestamp":1527137438,"campfire_choices":[{"data":"Zap","floor":6,"key":"SMITH"},{"data":"Electrodynamics","floor":8,"key":"SMITH"},{"floor":10,"key":"REST"},{"data":"Barrage","floor":15,"key":"SMITH"},{"data":"Rainbow","floor":23,"key":"SMITH"}],"path_taken":["M","?","M","?","?","R","E","R","T","R","M","M","?","M","R","BOSS","M","M","$","?","?","R","M","E","T","M","?","?"],"build_version":"2018-05-23","seed_source_timestamp":871431868672789,"purchased_purges":1,"victory":false,"master_deck":["Strike_B","Strike_B","Defend_B","Defend_B","Defend_B","Defend_B","Zap+1","Dualcast","Go for the Eyes","Barrage+1","Coolheaded","Electrodynamics+1","Leap","Chill","Leap","Go for the Eyes","Rainbow+1","Cold Snap","Capacitor","Zap","Barrage","Ball Lightning","Conserve Battery+1","Chaos","Self Repair"],"max_hp_per_floor":[75,75,75,75,75,75,75,75,75,75,75,75,75,75,75,75,75,75,75,75,75,75,75,75,75,75,75,75,75],"relics":["Cracked Core","Omamori","Ancient Tea Set","Anchor","Odd Mushroom","Black Star","Symbiotic Virus","Regal Pillow","Orichalcum","Bronze Scales"],"card_choices":[{"not_picked":["Scrape","Sunder"],"picked":"Go for the Eyes","floor":1},{"not_picked":["Force Field","Turbo"],"picked":"Barrage","floor":3},{"not_picked":["Axe Kick","Undo"],"picked":"Coolheaded","floor":4},{"not_picked":["Scrape","Coolheaded"],"picked":"Electrodynamics","floor":7},{"not_picked":["FTL","Rip and Tear"],"picked":"Leap","floor":11},{"not_picked":["Lockon","Steam Power"],"picked":"Chill","floor":12},{"not_picked":["Redo","Ball Lightning"],"picked":"Leap","floor":13},{"not_picked":["Coolheaded","Steam"],"picked":"Go for the Eyes","floor":14},{"not_picked":["Multi-Cast","Seek"],"picked":"Rainbow","floor":16},{"not_picked":["Gash","Compile Driver"],"picked":"Cold Snap","floor":18},{"not_picked":["Stack","Steam Power","Axe Kick+1"],"picked":"SKIP","floor":19},{"not_picked":["Lockon","Capacitor"],"picked":"Ball Lightning","floor":24},{"not_picked":["Rainbow","Seek"],"picked":"Conserve Battery+1","floor":25},{"not_picked":["Rip and Tear","Coolheaded"],"picked":"Chaos","floor":27},{"not_picked":["Leap+1","Beam Cell"],"picked":"Self Repair","floor":28}],"player_experience":117776,"potions_floor_usage":[24,25],"damage_taken":[{"damage":0,"enemies":"2 Louse","floor":1,"turns":2},{"damage":2,"enemies":"Small Slimes","floor":3,"turns":3},{"damage":0,"enemies":"Cultist","floor":4,"turns":3},{"damage":13,"enemies":"3 Sentries","floor":7,"turns":7},{"damage":0,"enemies":"Large Slime","floor":11,"turns":4},{"damage":0,"enemies":"Lots of Slimes","floor":12,"turns":2},{"damage":1,"enemies":"The Mushroom Lair","floor":13,"turns":4},{"damage":5,"enemies":"Blue Slaver","floor":14,"turns":4},{"damage":0,"enemies":"Slime Boss","floor":16,"turns":10},{"damage":1,"enemies":"3 Byrds","floor":18,"turns":6},{"damage":4,"enemies":"Chosen","floor":19,"turns":5},{"damage":19,"enemies":"3 Cultists","floor":24,"turns":5},{"damage":31,"enemies":"Gremlin Leader","floor":25,"turns":5},{"damage":3,"enemies":"Centurion and Healer","floor":27,"turns":7},{"damage":14,"enemies":"Cultist and Chosen","floor":28,"turns":6},{"damage":6,"enemies":"Chosen and Byrds","floor":29,"turns":5}],"relics_obtained":[{"floor":7,"key":"Ancient Tea Set"},{"floor":9,"key":"Anchor"},{"floor":13,"key":"Odd Mushroom"},{"floor":25,"key":"Regal Pillow"},{"floor":25,"key":"Orichalcum"},{"floor":26,"key":"Bronze Scales"}],"event_choices":[{"event_name":"World of Goop","player_choice":"Gather Gold","floor":2,"damage_taken":0},{"event_name":"Golden Wing","player_choice":"Card Removal","floor":5,"damage_taken":0},{"event_name":"Mushrooms","player_choice":"Fought Mushrooms","floor":13,"damage_taken":0},{"event_name":"Match and Keep!","player_choice":"2 cards matched","floor":21,"damage_taken":0}],"boss_relics":[{"not_picked":["Philosopher\u0027s Stone","Runic Dome"],"picked":"Black Star"}],"items_purged_floors":[20],"potions_floor_spawned":[1,3,4,13,24,25,28],"seed_played":"-1501938021750349836","killed_by":"Chosen and Byrds","ascension_level":1,"potions_obtained":[{"floor":1,"key":"Dexterity Potion"},{"floor":3,"key":"SteroidPotion"},{"floor":4,"key":"Block Potion"},{"floor":13,"key":"Regen Potion"},{"floor":24,"key":"EssenceOfSteel"},{"floor":25,"key":"Energy Potion"}],"is_trial":false}