{"path_per_floor":["M","M","?","M","M","R","E","M","T","M","?","M","R","M","R","B",null,"M","M","M","$","?","R","$","R","T","M","M","M","E","?","R"],"character_chosen":"THE_SILENT","items_purchased":["Sadistic Nature","Infinite Blades"],"gold_per_floor":[10,24,24,36,46,46,77,87,87,105,105,118,118,131,131,235,235,221,231,251,10,10,10,10,10,10,29,47,60,91,191,191],"floor_reached":33,"campfire_rested":3,"playtime":3047,"current_hp_per_floor":[70,69,69,66,68,68,50,52,52,37,23,21,42,37,58,50,70,54,55,29,29,29,29,29,29,29,28,33,18,20,20,34],"items_purged":[],"gold":191,"play_id":"ef0a427d-3e49-4fbd-8818-483a0bd9ca4c","is_prod":false,"is_daily":false,"campfire_rituals":0,"campfire_upgraded":3,"is_hardmode":false,"path_taken":["M","M","?","M","M","R","E","M","T","M","?","M","R","M","R","BOSS","M","M","M","$","?","R","?","R","T","M","M","?","E","?","R","BOSS"],"build_version":"2018-01-18-PROD4","purchased_purges":0,"victory":false,"master_deck":["Defend_G","Defend_G","Defend_G","Defend_G","Defend_G","Survivor","Neutralize","Poisoned Stab","Slice","Caltrops","Acrobatics","Acrobatics","Blur","Deflect","Footwork","Dagger Spray","Envenom","Slice","Prepared","Sadistic Nature","Infinite Blades","Bite_G","Bite_G","Bite_G","Bite_G","Bite_G","Dagger Spray","PiercingWail","Dodge and Roll"],"max_hp_per_floor":[70,70,70,70,70,70,70,70,70,70,70,70,70,70,70,70,70,70,70,70,70,49,49,49,49,49,49,49,49,49,49,49],"relics":["Ring of the Snake","Bird Faced Urn","Paper Crane","Molten Egg","Question Card","Sundial","Unceasing Top"],"campfire_meditates":0,"card_choices":[{"not_picked":["Heel Hook","Distraction"],"picked":"Poisoned Stab"},{"not_picked":["Eviscerate","Predator"],"picked":"Slice"},{"not_picked":["Terror","Catalyst"],"picked":"Caltrops"},{"not_picked":["PiercingWail","Cloak And Dagger"],"picked":"Acrobatics"},{"not_picked":["Phantasmal Killer","Blade Dance"],"picked":"Acrobatics"},{"not_picked":["Outmaneuver","Escape Plan"],"picked":"Blur"},{"not_picked":["Flechettes","Catalyst"],"picked":"Deflect"},{"not_picked":["Underhanded Strike","Reflex"],"picked":"Footwork"},{"not_picked":["Finisher","Dagger Throw"],"picked":"Dagger Spray"},{"not_picked":["After Image","Tools of the Trade"],"picked":"Envenom"},{"not_picked":["Prepared","Acrobatics","Bane"],"picked":"Slice"},{"not_picked":["Bane","Acrobatics","Deadly Poison"],"picked":"Prepared"},{"not_picked":["Endless Agony","Deadly Poison","Dagger Throw"],"picked":"Dagger Spray"},{"not_picked":["Dagger Spray","Outmaneuver","Deflect"],"picked":"PiercingWail"},{"not_picked":["Acrobatics","Masterful Stab","Dagger Throw"],"picked":"Dodge and Roll"}],"player_experience":104386,"potions_floor_usage":[7,8,10,16,18,28,30],"damage_taken":[{"damage":0,"enemies":"Small Slimes","floor":1,"turns":4},{"damage":1,"enemies":"Cultist","floor":2,"turns":4},{"damage":3,"enemies":"2 Louse","floor":4,"turns":4},{"damage":0,"enemies":"2 Fungi Beasts","floor":5,"turns":4},{"damage":20,"enemies":"Lagavulin","floor":7,"turns":7},{"damage":0,"enemies":"Large Slime","floor":8,"turns":6},{"damage":17,"enemies":"Gremlin Gang","floor":10,"turns":3},{"damage":4,"enemies":"Red Slaver","floor":12,"turns":3},{"damage":9,"enemies":"Large Slime","floor":14,"turns":8},{"damage":12,"enemies":"The Guardian","floor":16,"turns":11},{"damage":20,"enemies":"2 Thieves","floor":18,"turns":4},{"damage":1,"enemies":"3 Byrds","floor":19,"turns":2},{"damage":32,"enemies":"Centurion and Healer","floor":20,"turns":11},{"damage":21,"enemies":"Sentry and Sphere","floor":27,"turns":8},{"damage":9,"enemies":"Snake Plant","floor":28,"turns":4},{"damage":31,"enemies":"3 Cultists","floor":29,"turns":4},{"damage":12,"enemies":"Book of Stabbing","floor":30,"turns":5},{"damage":66,"enemies":"Automaton","floor":33,"turns":6}],"event_choices":[{"event_name":"Bonfire Elementals","player_choice":"BASIC","floor":3,"damage_taken":0},{"event_name":"Shining Light","player_choice":"Entered Light","floor":11,"damage_taken":0},{"event_name":"Vampires","player_choice":"Became a vampire","floor":22,"damage_taken":0},{"event_name":"Golden Shrine","player_choice":"Pray","floor":31,"damage_taken":0}],"boss_relics":[{"not_picked":["Philosopher\u0027s Stone","Runic Pyramid"],"picked":"Question Card"}],"potions_floor_spawned":[1,5,8,10,14,16,19,27,30],"seed_played":"-2255413409369991797","killed_by":"Automaton","is_trial":false}