{"path_per_floor":["M","M","M","?","M","E","R","E","T","M","?","M","?","M","R","B",null,"M","?","T","M","?","M","M","$","T","M","M","?","R","E","R"],"character_chosen":"IRONCLAD","items_purchased":["Pen Nib"],"gold_per_floor":[118,135,153,153,173,208,208,240,264,277,242,261,261,273,273,376,376,331,331,331,331,331,331,331,182,182,182,182,182,182,182,182],"floor_reached":33,"campfire_rested":4,"playtime":1840,"current_hp_per_floor":[75,77,66,66,55,26,50,58,58,38,59,62,62,65,87,56,87,73,73,73,81,81,79,62,62,62,68,62,46,72,65,87],"items_purged":[],"gold":182,"score":281,"play_id":"d24df90c-66dd-4a22-93fd-cf3ceee40c89","local_time":"20180318005830","is_prod":false,"is_daily":false,"is_ascension_mode":false,"campfire_upgraded":0,"timestamp":1521334710,"path_taken":["M","M","M","?","M","E","R","E","T","M","?","?","?","?","R","BOSS","M","?","?","?","?","M","M","?","T","M","M","?","R","E","R","BOSS"],"build_version":"2018-03-15v2","purchased_purges":0,"victory":false,"master_deck":["Strike_R","Strike_R","Strike_R","Strike_R","Strike_R+1","Defend_R","Defend_R","Defend_R","Defend_R","Bash+1","Perfected Strike","Twin Strike","Anger+1","Iron Wave","Rage","Anger","Iron Wave","Limit Break","Flame Barrier+1","Writhe","Spot Weakness","Anger+1","Double Tap"],"max_hp_per_floor":[80,80,80,80,80,80,80,87,87,87,87,87,87,87,87,87,87,87,87,87,87,87,87,87,87,87,87,87,87,87,87,87],"relics":["Burning Blood","Blood Vial","Strawberry","Whetstone","Ectoplasm","Vajra","Bird Faced Urn","Centennial Puzzle","Pen Nib","Orichalcum","Enchiridion","Shovel"],"card_choices":[{"not_picked":["Sword Boomerang","Cleave"],"picked":"Perfected Strike"},{"not_picked":["Heavy Blade","Cleave"],"picked":"Twin Strike"},{"not_picked":["Second Wind","Double Tap"],"picked":"Anger"},{"not_picked":["Flex","True Grit"],"picked":"Iron Wave"},{"not_picked":["Hemokinesis","Warcry"],"picked":"Rage"},{"not_picked":["Heavy Blade","Armaments"],"picked":"Anger"},{"not_picked":["Flex","Dropkick"],"picked":"Iron Wave"},{"not_picked":["Reaper","Offering"],"picked":"Limit Break"},{"not_picked":["Entrench","Thunderclap"],"picked":"Flame Barrier"},{"not_picked":["Flex","Hemokinesis"],"picked":"Spot Weakness"},{"not_picked":["Heavy Blade","Dropkick"],"picked":"Anger"},{"not_picked":["Combust","Armaments"],"picked":"Double Tap"}],"player_experience":15588,"potions_floor_usage":[6,8,8,16,24,28,31],"damage_taken":[{"damage":11,"enemies":"Jaw Worm","floor":1,"turns":4},{"damage":4,"enemies":"Cultist","floor":2,"turns":4},{"damage":17,"enemies":"Small Slimes","floor":3,"turns":3},{"damage":17,"enemies":"3 Louse","floor":5,"turns":3},{"damage":35,"enemies":"3 Sentries","floor":6,"turns":7},{"damage":7,"enemies":"Lagavulin","floor":8,"turns":5},{"damage":28,"enemies":"Gremlin Gang","floor":10,"turns":4},{"damage":5,"enemies":"Blue Slaver","floor":12,"turns":3},{"damage":5,"enemies":"3 Louse","floor":14,"turns":3},{"damage":52,"enemies":"Slime Boss","floor":16,"turns":13},{"damage":20,"enemies":"2 Thieves","floor":18,"turns":4},{"damage":0,"enemies":"3 Byrds","floor":21,"turns":4},{"damage":10,"enemies":"Cultist and Chosen","floor":23,"turns":6},{"damage":25,"enemies":"Slaver and Parasite","floor":24,"turns":4},{"damage":2,"enemies":"Snecko","floor":27,"turns":3},{"damage":14,"enemies":"Cultist and Chosen","floor":28,"turns":5},{"damage":17,"enemies":"Gremlin Leader","floor":31,"turns":5},{"damage":88,"enemies":"Automaton","floor":33,"turns":8}],"event_choices":[{"event_name":"The Woman in Blue","player_choice":"Bought 0 Potions","floor":4,"damage_taken":0},{"event_name":"The Cleric","player_choice":"Healed","floor":11,"damage_taken":0},{"event_name":"Liars Game","player_choice":"disagreed","floor":13,"damage_taken":0},{"event_name":"The Mausoleum","player_choice":"Yes","floor":19,"damage_taken":0},{"event_name":"Wheel of Change","player_choice":"Relic","floor":22,"damage_taken":0},{"event_name":"Cursed Tome","player_choice":"Obtained Book","floor":29,"damage_taken":0}],"boss_relics":[{"not_picked":["Runic Dome","Tiny House"],"picked":"Ectoplasm"}],"potions_floor_spawned":[1,5,6,12,16,18,23,31],"seed_played":"7457944874924429046","killed_by":"Automaton","ascension_level":0,"is_trial":false}