{"gold_per_floor":[110,110,126,5,23,23,48,48,119,119,138,138,172,188,188,259,259,279,298,328,328,348,348,358,17,17,29,43,78,78,78,78,78],"floor_reached":33,"playtime":1231,"items_purged":["Regret","Strike_R"],"score":457,"play_id":"6514b841-bb21-4545-abf4-7a23e35e2de9","local_time":"20181030112536","is_ascension_mode":true,"campfire_choices":[{"data":"Fiend Fire","floor":6,"key":"SMITH"},{"data":"Bash","floor":8,"key":"SMITH"},{"data":"Hemokinesis","floor":10,"key":"SMITH"},{"data":"Uppercut","floor":15,"key":"SMITH"},{"data":"Fiend Fire","floor":23,"key":"SMITH"},{"data":"Battle Trance","floor":30,"key":"SMITH"},{"data":"Inflame","floor":32,"key":"SMITH"}],"neow_cost":"CURSE","seed_source_timestamp":322191610279115,"circlet_count":0,"master_deck":["Strike_R","Strike_R","Strike_R","Strike_R","Defend_R","Defend_R","Defend_R","Defend_R","Bash+1","AscendersBane","Fiend Fire+1","Battle Trance+1","Shrug It Off","Cleave","Hemokinesis+1","Intimidate","Uppercut+1","Bludgeon","Fiend Fire+1","Dropkick+1","Headbutt","Impervious","Flame Barrier","Inflame+1","Doubt","Inflame","Flame Barrier","Disarm","Doubt"],"relics":["Burning Blood","Centennial Puzzle","Blood Vial","Gremlin Horn","Nunchaku","Lantern","Cursed Key","Tiny Chest","TheAbacus","Bronze Scales","Vajra","Omamori"],"potions_floor_usage":[13,33,33],"damage_taken":[{"damage":17,"enemies":"Small Slimes","floor":1,"turns":3},{"damage":7,"enemies":"Jaw Worm","floor":3,"turns":2},{"damage":0,"enemies":"Cultist","floor":5,"turns":2},{"damage":8,"enemies":"Gremlin Nob","floor":7,"turns":3},{"damage":3,"enemies":"Looter","floor":11,"turns":3},{"damage":29,"enemies":"3 Sentries","floor":13,"turns":6},{"damage":0,"enemies":"Red Slaver","floor":14,"turns":1},{"damage":32,"enemies":"Hexaghost","floor":16,"turns":5},{"damage":5,"enemies":"3 Byrds","floor":18,"turns":4},{"damage":0,"enemies":"Chosen","floor":19,"turns":2},{"damage":27,"enemies":"3 Cultists","floor":22,"turns":4},{"damage":2,"enemies":"Cultist and Chosen","floor":24,"turns":2},{"damage":2,"enemies":"Chosen and Byrds","floor":27,"turns":3},{"damage":8,"enemies":"3 Cultists","floor":28,"turns":3},{"damage":23,"enemies":"Gremlin Leader","floor":29,"turns":4},{"damage":58,"enemies":"Automaton","floor":33,"turns":8}],"seed_played":"1772094935030226611","potions_obtained":[{"floor":5,"key":"BloodPotion"},{"floor":7,"key":"Dexterity Potion"},{"floor":14,"key":"SmokeBomb"},{"floor":16,"key":"FearPotion"},{"floor":19,"key":"EssenceOfSteel"},{"floor":24,"key":"Weak Potion"}],"is_trial":false,"path_per_floor":["M","?","M","$","M","R","E","R","T","R","M","?","E","M","R","B",null,"M","M","?","?","M","R","M","$","T","M","M","E","R","T","R"],"character_chosen":"IRONCLAD","items_purchased":["Shrug It Off","TheAbacus","Inflame"],"campfire_rested":0,"item_purchase_floors":[4,25,25],"current_hp_per_floor":[61,58,57,57,63,63,61,61,61,61,66,66,53,61,61,37,69,72,80,80,80,59,59,65,65,65,71,71,56,56,56,56,0],"gold":78,"neow_bonus":"THREE_RARE_CARDS","is_prod":false,"is_daily":false,"chose_seed":false,"campfire_upgraded":7,"win_rate":0,"timestamp":1540895136,"path_taken":["M","?","M","$","M","R","E","R","T","R","M","?","E","M","R","BOSS","M","M","?","?","M","R","M","$","T","M","M","E","R","?","R","BOSS"],"build_version":"2018-10-29v2","purchased_purges":2,"victory":false,"max_hp_per_floor":[80,80,80,80,80,80,80,80,80,80,80,80,80,80,80,80,80,80,80,80,80,80,80,80,80,80,80,80,80,80,80,80,80],"card_choices":[{"not_picked":["Offering","Limit Break"],"picked":"Fiend Fire","floor":0},{"not_picked":["Perfected Strike","Sentinel","Thunderclap"],"picked":"SKIP","floor":1},{"not_picked":["Headbutt","Sentinel"],"picked":"Battle Trance","floor":3},{"not_picked":["Havoc","Pummel"],"picked":"Cleave","floor":5},{"not_picked":["Bloodletting","Evolve"],"picked":"Hemokinesis","floor":7},{"not_picked":["Metallicize","Entrench"],"picked":"Intimidate","floor":11},{"not_picked":["True Grit","Twin Strike"],"picked":"Uppercut","floor":13},{"not_picked":["Second Wind","Twin Strike"],"picked":"Bludgeon","floor":14},{"not_picked":["Offering","Reaper"],"picked":"Fiend Fire","floor":16},{"not_picked":["Iron Wave","Power Through"],"picked":"Dropkick+1","floor":18},{"not_picked":["Pommel Strike","Clash"],"picked":"Headbutt","floor":19},{"not_picked":["Iron Wave","Twin Strike"],"picked":"Flame Barrier","floor":22},{"not_picked":["True Grit","Flex","Sword Boomerang"],"picked":"SKIP","floor":24},{"not_picked":["Fire Breathing","True Grit"],"picked":"Inflame","floor":27},{"not_picked":["Sword Boomerang","Entrench"],"picked":"Flame Barrier","floor":28},{"not_picked":["Flex","Sever Soul+1"],"picked":"Disarm","floor":29}],"player_experience":287456,"relics_obtained":[{"floor":7,"key":"Blood Vial"},{"floor":9,"key":"Gremlin Horn"},{"floor":13,"key":"Lantern"},{"floor":26,"key":"Bronze Scales"},{"floor":29,"key":"Vajra"},{"floor":31,"key":"Omamori"}],"event_choices":[{"damage_healed":0,"gold_gain":0,"player_choice":"Success","damage_taken":3,"relics_obtained":["Centennial Puzzle"],"max_hp_gain":0,"max_hp_loss":0,"event_name":"Scrap Ooze","floor":2,"gold_loss":0},{"damage_healed":0,"gold_gain":0,"player_choice":"Gave Potion","damage_taken":0,"relics_obtained":["Nunchaku"],"max_hp_gain":0,"max_hp_loss":0,"event_name":"WeMeetAgain","floor":12,"gold_loss":0},{"damage_healed":0,"gold_gain":0,"player_choice":"Opened","damage_taken":0,"relics_obtained":["Tiny Chest"],"max_hp_gain":0,"max_hp_loss":0,"event_name":"The Mausoleum","floor":20,"gold_loss":0},{"damage_healed":0,"gold_gain":0,"player_choice":"Read","damage_taken":0,"max_hp_gain":0,"max_hp_loss":0,"event_name":"The Library","floor":21,"gold_loss":0,"cards_obtained":["Impervious"]}],"is_beta":true,"boss_relics":[{"not_picked":["Coffee Dripper","Ectoplasm"],"picked":"Cursed Key"}],"items_purged_floors":[4,25],"is_endless":false,"potions_floor_spawned":[5,7,14,16,19,24,27],"killed_by":"Automaton","ascension_level":13}