{"gold_per_floor":[117,131,131,143,31,31,58,58,58,72,72,89,89,89,89,188,188,201,42,42,42],"floor_reached":21,"playtime":851,"items_purged":[],"score":283,"play_id":"b46d9f66-071d-4013-82c3-778297c141d8","local_time":"20180918201910","is_ascension_mode":true,"campfire_choices":[{"floor":6,"key":"REST"},{"floor":8,"key":"REST"},{"floor":11,"key":"REST"},{"data":"White Noise","floor":13,"key":"SMITH"},{"data":"Static Discharge","floor":15,"key":"SMITH"}],"neow_cost":"NONE","seed_source_timestamp":286207215525382,"circlet_count":0,"master_deck":["Strike_B","Strike_B","Strike_B+1","Defend_B+1","Defend_B","Defend_B","Defend_B+1","Zap","Dualcast","AscendersBane","Machine Learning","Doom and Gloom","BootSequence+1","White Noise+1","Loop","Static Discharge+1","Leap","Electrodynamics"],"relics":["Cracked Core","Dodecahedron","War Paint","Black Star"],"potions_floor_usage":[7,7,16,18],"damage_taken":[{"damage":8,"enemies":"Small Slimes","floor":1,"turns":4},{"damage":8,"enemies":"Jaw Worm","floor":2,"turns":4},{"damage":4,"enemies":"2 Louse","floor":4,"turns":3},{"damage":20,"enemies":"3 Sentries","floor":7,"turns":6},{"damage":10,"enemies":"Exordium Wildlife","floor":10,"turns":3},{"damage":3,"enemies":"Blue Slaver","floor":12,"turns":2},{"damage":18,"enemies":"Slime Boss","floor":16,"turns":6},{"damage":44,"enemies":"3 Byrds","floor":18,"turns":5},{"damage":33,"enemies":"Colosseum Slavers","floor":21,"turns":3}],"seed_played":"896695676865911153","potions_obtained":[{"floor":1,"key":"Explosive Potion"},{"floor":2,"key":"Explosive Potion"},{"floor":10,"key":"SpeedPotion"},{"floor":16,"key":"AttackPotion"}],"is_trial":false,"path_per_floor":["M","M","?","M","$","R","E","R","T","M","R","M","R","?","R","B",null,"M","$","?"],"character_chosen":"DEFECT","items_purchased":["White Noise","Loop","Electrodynamics"],"campfire_rested":3,"item_purchase_floors":[5,5,19],"current_hp_per_floor":[60,52,45,41,41,63,43,65,65,55,75,72,72,57,57,39,66,22,22,22,0],"gold":42,"neow_bonus":"ONE_RANDOM_RARE_CARD","is_prod":false,"is_daily":false,"chose_seed":false,"campfire_upgraded":2,"win_rate":0,"timestamp":1537294750,"path_taken":["M","M","?","M","$","R","E","R","T","M","R","M","R","?","R","BOSS","M","$","?","?"],"build_version":"2018-09-06","purchased_purges":0,"victory":false,"max_hp_per_floor":[75,75,75,75,75,75,75,75,75,75,75,75,75,75,75,75,75,75,75,75,75],"card_choices":[{"not_picked":["Consume","Barrage","Double Energy"],"picked":"SKIP","floor":1},{"not_picked":["Chill","Redo"],"picked":"Doom and Gloom","floor":2},{"not_picked":["Turbo","Steam"],"picked":"BootSequence","floor":4},{"not_picked":["Machine Learning","Reinforced Body"],"picked":"Static Discharge","floor":7},{"not_picked":["Fusion","Rebound"],"picked":"Leap","floor":10},{"not_picked":["Stack","Coolheaded","Rebound"],"picked":"SKIP","floor":12},{"not_picked":["Gash","Hologram","Rebound"],"picked":"SKIP","floor":18}],"player_experience":363017,"relics_obtained":[{"floor":7,"key":"Dodecahedron"},{"floor":9,"key":"War Paint"}],"event_choices":[{"event_name":"Golden Wing","player_choice":"Card Removal","floor":3,"damage_taken":0},{"event_name":"Shining Light","player_choice":"Entered Light","floor":14,"damage_taken":0},{"event_name":"Beggar","player_choice":"Ignored","floor":20,"damage_taken":0},{"event_name":"Colosseum","player_choice":"Fight","floor":21,"damage_taken":0}],"is_beta":false,"boss_relics":[{"not_picked":["Runic Pyramid","Coffee Dripper"],"picked":"Black Star"}],"items_purged_floors":[],"is_endless":false,"potions_floor_spawned":[1,2,10,16],"killed_by":"Colosseum Slavers","ascension_level":12}