{"path_per_floor":["?","?","?","?","?","?","?","?","?","?","?","?","?","?","?","B",null,"?","?","?","?","?","?","?","?","?","?","?","?"],"character_chosen":"THE_SILENT","items_purchased":["Noxious Fumes","Cloak And Dagger"],"gold_per_floor":[114,129,129,85,85,85,115,115,115,130,145,160,175,190,190,290,290,305,320,335,350,200,215,215,245,245,260,135,150],"floor_reached":30,"campfire_rested":1,"playtime":4925,"current_hp_per_floor":[70,70,70,70,63,63,54,54,54,56,58,60,62,64,64,51,70,70,55,50,49,49,20,41,11,11,16,16,20],"items_purged":["Concentrate","Outmaneuver"],"gold":150,"score":258,"play_id":"d733e8c6-fe08-47c5-94e1-3c8f495b237a","local_time":"20180308205412","daily_mods":[{"name":"Heirloom","description":"Start with 1 Rare relic.","modID":"Heirloom","img":{"data":{"file":{"file":{"path":"images\\ui\\run_mods\\heirloom.png"},"type":"Internal"},"width":64,"height":64,"format":"RGBA8888","useMipMaps":false,"isPrepared":false},"glTarget":3553,"glHandle":683,"minFilter":"Linear","magFilter":"Linear","uWrap":"ClampToEdge","vWrap":"ClampToEdge"},"positive":true},{"name":"Uncertain Future","description":"The map shows only ?.","modID":"Uncertain Future","img":{"data":{"file":{"file":{"path":"images\\ui\\run_mods\\uncertain_future.png"},"type":"Internal"},"width":64,"height":64,"format":"RGBA8888","useMipMaps":false,"isPrepared":false},"glTarget":3553,"glHandle":679,"minFilter":"Linear","magFilter":"Linear","uWrap":"ClampToEdge","vWrap":"ClampToEdge"},"positive":false},{"name":"Binary","description":"Card rewards contain only 2 cards.","modID":"Binary","img":{"data":{"file":{"file":{"path":"images\\ui\\run_mods\\binary.png"},"type":"Internal"},"width":64,"height":64,"format":"RGBA8888","useMipMaps":false,"isPrepared":false},"glTarget":3553,"glHandle":680,"minFilter":"Linear","magFilter":"Linear","uWrap":"ClampToEdge","vWrap":"ClampToEdge"},"positive":false},{"name":"Vintage","description":"The Merchant\u0027s prices are increased by 25%.","modID":"Vintage","img":{"data":{"file":{"file":{"path":"images\\ui\\run_mods\\vintage.png"},"type":"Internal"},"width":64,"height":64,"format":"RGBA8888","useMipMaps":false,"isPrepared":false},"glTarget":3553,"glHandle":677,"minFilter":"Linear","magFilter":"Linear","uWrap":"ClampToEdge","vWrap":"ClampToEdge"},"positive":false}],"is_prod":false,"is_daily":true,"is_ascension_mode":false,"campfire_upgraded":3,"timestamp":1520571252,"path_taken":["?","?","?","?","?","?","?","?","?","?","?","?","?","?","?","BOSS","?","?","?","?","?","?","?","?","?","?","?","?","?"],"build_version":"2018-03-01-PROD1","purchased_purges":2,"victory":false,"master_deck":["Survivor","Neutralize+1","Prepared+1","Blade Dance","Noxious Fumes+1","Escape Plan","Dodge and Roll","Accuracy","Dagger Spray","Backflip+1","Bullet Time","Poisoned Stab","Deadly Poison","Bane","Slice","Backflip","Acrobatics","Backflip","Noxious Fumes+1","Infinite Blades","Acrobatics+1","Cloak And Dagger","Quick Slash+1","A Thousand Cuts"],"max_hp_per_floor":[70,70,70,70,70,70,70,70,70,70,70,70,70,70,70,70,70,70,70,70,70,70,70,70,70,70,70,70,70],"relics":["Ring of the Snake","Thread and Needle","Blood Vial","Ginger","Pandora\u0027s Box","Toolbox","Meat on the Bone"],"card_choices":[{"not_picked":["Dagger Spray"],"picked":"Prepared"},{"not_picked":["Prepared"],"picked":"Blade Dance"},{"not_picked":["Flying Knee"],"picked":"Escape Plan"},{"not_picked":["Bane"],"picked":"Dodge and Roll"},{"not_picked":["Quick Slash"],"picked":"Accuracy"},{"not_picked":["Underhanded Strike"],"picked":"Dagger Spray"},{"not_picked":["Underhanded Strike"],"picked":"Backflip"},{"not_picked":["Tools of the Trade"],"picked":"Bullet Time"},{"not_picked":["Bouncing Flask"],"picked":"Noxious Fumes"},{"not_picked":["Slice"],"picked":"Infinite Blades"},{"not_picked":["Expertise"],"picked":"Acrobatics"},{"not_picked":["Reflex"],"picked":"Quick Slash"},{"not_picked":["Expertise"],"picked":"A Thousand Cuts"}],"player_experience":192312,"potions_floor_usage":[16,20,23,25,25],"damage_taken":[{"damage":0,"enemies":"Cultist","floor":1,"turns":4},{"damage":0,"enemies":"2 Louse","floor":2,"turns":3},{"damage":9,"enemies":"Lagavulin","floor":7,"turns":7},{"damage":0,"enemies":"Jaw Worm","floor":10,"turns":4},{"damage":0,"enemies":"Large Slime","floor":11,"turns":6},{"damage":0,"enemies":"Exordium Thugs","floor":12,"turns":4},{"damage":0,"enemies":"2 Fungi Beasts","floor":13,"turns":4},{"damage":0,"enemies":"Exordium Wildlife","floor":14,"turns":5},{"damage":15,"enemies":"Hexaghost","floor":16,"turns":10},{"damage":0,"enemies":"Shell Parasite","floor":18,"turns":5},{"damage":15,"enemies":"3 Byrds","floor":19,"turns":5},{"damage":7,"enemies":"Sentry and Sphere","floor":20,"turns":5},{"damage":3,"enemies":"Centurion and Healer","floor":21,"turns":6},{"damage":43,"enemies":"Cultist and Chosen","floor":23,"turns":5},{"damage":32,"enemies":"Gremlin Leader","floor":25,"turns":6},{"damage":9,"enemies":"Snake Plant","floor":27,"turns":4},{"damage":10,"enemies":"Centurion and Healer","floor":29,"turns":6},{"damage":29,"enemies":"Slavers","floor":30,"turns":3}],"event_choices":[{"event_name":"Living Wall","player_choice":"Grow","floor":3,"damage_taken":0},{"event_name":"Golden Wing","player_choice":"Card Removal","floor":5,"damage_taken":0}],"boss_relics":[{"not_picked":["Astrolabe","Runic Pyramid"],"picked":"Pandora\u0027s Box"}],"potions_floor_spawned":[7,11,12,14,19,20,25],"seed_played":"6419525779391338913","killed_by":"Slavers","ascension_level":0,"is_trial":false}