{"gold_per_floor":[118,133,144,46,321,321,349,349,374,389,389,22,51,51],"floor_reached":14,"playtime":1175,"items_purged":["Strike_B"],"score":127,"play_id":"3b437228-4ec6-41c3-9736-7bcb1164c2db","local_time":"20180916151310","is_ascension_mode":true,"campfire_choices":[{"floor":6,"key":"REST"},{"data":"Consume","floor":11,"key":"SMITH"}],"neow_cost":"NONE","seed_source_timestamp":94722080112920,"circlet_count":0,"master_deck":["Strike_B","Strike_B","Strike_B","Defend_B","Defend_B","Defend_B","Defend_B","Zap","Dualcast","Rainbow","White Noise","Double Energy","Beam Cell","Regret","Consume+1","Defragment","Loop","White Noise","Echo Form"],"relics":["Cracked Core","Centennial Puzzle","Blood Vial","Bottled Tornado","Oddly Smooth Stone"],"potions_floor_usage":[7,7,7,7,7,10,13,13,13,13,13],"damage_taken":[{"damage":4,"enemies":"2 Louse","floor":1,"turns":2},{"damage":4,"enemies":"Cultist","floor":2,"turns":5},{"damage":7,"enemies":"Jaw Worm","floor":3,"turns":4},{"damage":19,"enemies":"3 Sentries","floor":7,"turns":5},{"damage":8,"enemies":"Blue Slaver","floor":10,"turns":4},{"damage":36,"enemies":"Gremlin Nob","floor":13,"turns":5},{"damage":20,"enemies":"Gremlin Gang","floor":14,"turns":2}],"seed_played":"-5675098763465054333","potions_obtained":[{"floor":1,"key":"EntropicBrew"},{"floor":2,"key":"Weak Potion"},{"floor":7,"key":"Block Potion"},{"floor":8,"key":"LiquidBronze"},{"floor":8,"key":"EntropicBrew"}],"is_trial":false,"path_per_floor":["M","M","M","$","?","R","E","?","T","M","R","$","E"],"character_chosen":"DEFECT","items_purchased":["Beam Cell","Loop","White Noise","Bottled Tornado"],"campfire_rested":1,"item_purchase_floors":[4,12,12,12],"current_hp_per_floor":[64,60,53,53,53,75,56,56,56,50,50,50,16,0],"gold":51,"neow_bonus":"ONE_RANDOM_RARE_CARD","is_prod":false,"is_daily":false,"chose_seed":false,"campfire_upgraded":1,"win_rate":0,"timestamp":1537103590,"path_taken":["M","M","M","$","?","R","E","?","T","M","R","$","E","M"],"build_version":"2018-09-06","purchased_purges":1,"victory":false,"max_hp_per_floor":[75,75,75,75,75,75,75,75,75,75,75,75,75,75],"card_choices":[{"not_picked":["Reprogram","Capacitor"],"picked":"White Noise","floor":1},{"not_picked":["Streamline","Cold Snap","Leap"],"picked":"SKIP","floor":2},{"not_picked":["Genetic Algorithm","Chill"],"picked":"Double Energy","floor":3},{"not_picked":["Sweeping Beam","Cold Snap"],"picked":"Consume","floor":7},{"not_picked":["Fusion","Redo"],"picked":"Defragment","floor":10},{"not_picked":["Leap","Coolheaded"],"picked":"Echo Form","floor":13}],"player_experience":231329,"relics_obtained":[{"floor":7,"key":"Centennial Puzzle"},{"floor":9,"key":"Blood Vial"},{"floor":13,"key":"Oddly Smooth Stone"}],"event_choices":[{"event_name":"Golden Shrine","player_choice":"Desecrate","floor":5,"damage_taken":0},{"event_name":"The Lab","player_choice":"Got Potions","floor":8,"damage_taken":0}],"is_beta":false,"boss_relics":[],"items_purged_floors":[4],"is_endless":false,"potions_floor_spawned":[1,2,7],"killed_by":"Gremlin Gang","ascension_level":6}