{"gold_per_floor":[216,141,159,159,172,172,192,192,242,70,89,128,182,182,182,278,278,301,14,37,50,50,50],"floor_reached":23,"playtime":925,"items_purged":["Strike_B"],"score":372,"play_id":"3f756344-badd-4c93-8da2-e269cb8e6afa","local_time":"20181102131138","is_ascension_mode":true,"campfire_choices":[{"data":"Zap","floor":6,"key":"SMITH"},{"data":"FTL","floor":8,"key":"SMITH"},{"floor":15,"key":"REST"}],"neow_cost":"NONE","seed_source_timestamp":588064920953852,"circlet_count":0,"master_deck":["AscendersBane","Strike_B","Strike_B","Defend_B","Defend_B","Defend_B","Defend_B","Zap+1","Dualcast","Cold Snap","FTL+1","BootSequence","Defragment","Ball Lightning","Coolheaded","Ball Lightning","Seek","Auto Shields","Conserve Battery","White Noise","Cold Snap"],"relics":["Cracked Core","Golden Idol","Regal Pillow","Lantern","Blood Vial","Sozu","ClockworkSouvenir"],"potions_floor_usage":[11,16,23],"damage_taken":[{"damage":2,"enemies":"Small Slimes","floor":1,"turns":3},{"damage":0,"enemies":"2 Louse","floor":3,"turns":3},{"damage":2,"enemies":"Jaw Worm","floor":5,"turns":2},{"damage":14,"enemies":"Red Slaver","floor":7,"turns":5},{"damage":4,"enemies":"Exordium Thugs","floor":11,"turns":3},{"damage":22,"enemies":"3 Sentries","floor":12,"turns":7},{"damage":22,"enemies":"Hexaghost","floor":16,"turns":9},{"damage":15,"enemies":"Shell Parasite","floor":18,"turns":5},{"damage":0,"enemies":"Spheric Guardian","floor":20,"turns":5},{"damage":25,"enemies":"Cultist and Chosen","floor":21,"turns":7},{"damage":59,"enemies":"Gremlin Leader","floor":23,"turns":6}],"seed_played":"-25019277832052573","potions_obtained":[{"floor":5,"key":"Regen Potion"},{"floor":7,"key":"Poison Potion"},{"floor":16,"key":"Explosive Potion"}],"is_trial":false,"path_per_floor":["M","?","M","?","M","R","M","R","T","$","M","E","T","?","R","B",null,"M","$","M","M","?","E"],"character_chosen":"DEFECT","items_purchased":["Defragment","Ball Lightning","ClockworkSouvenir","Conserve Battery"],"campfire_rested":1,"item_purchase_floors":[10,10,19,19],"current_hp_per_floor":[62,62,62,38,36,36,22,22,22,22,27,5,5,5,41,21,59,46,46,48,25,39,0],"gold":50,"neow_bonus":"HUNDRED_GOLD","is_prod":false,"is_daily":false,"chose_seed":false,"campfire_upgraded":2,"win_rate":0,"timestamp":1541160698,"path_taken":["M","?","M","?","?","R","M","R","T","?","M","E","?","?","R","BOSS","M","$","M","M","?","E"],"build_version":"2018-11-01v2","purchased_purges":1,"victory":false,"max_hp_per_floor":[71,71,71,71,71,71,71,71,71,71,71,71,71,71,71,71,71,71,71,71,71,71,71],"card_choices":[{"not_picked":["Conserve Battery","Heatsinks"],"picked":"Cold Snap","floor":1},{"not_picked":["Beam Cell","Conserve Battery"],"picked":"FTL","floor":3},{"not_picked":["Gash","Barrage","Chaos"],"picked":"SKIP","floor":5},{"not_picked":["Steam Power","White Noise"],"picked":"BootSequence","floor":7},{"not_picked":["Steam","Blizzard"],"picked":"Coolheaded","floor":11},{"not_picked":["Rip and Tear","Hyperbeam"],"picked":"Ball Lightning","floor":12},{"not_picked":["Multi-Cast","Creative AI"],"picked":"Seek","floor":16},{"not_picked":["Storm","Sweeping Beam"],"picked":"Auto Shields","floor":18},{"not_picked":["Sweeping Beam","Conserve Battery"],"picked":"White Noise","floor":20},{"not_picked":["Rebound","Darkness"],"picked":"Cold Snap","floor":21}],"player_experience":304526,"relics_obtained":[{"floor":9,"key":"Regal Pillow"},{"floor":12,"key":"Lantern"},{"floor":13,"key":"Blood Vial"}],"event_choices":[{"cards_removed":["Strike_B"],"damage_healed":0,"gold_gain":0,"player_choice":"Card Removal","damage_taken":0,"max_hp_gain":0,"max_hp_loss":0,"event_name":"The Cleric","floor":2,"gold_loss":75},{"damage_healed":0,"gold_gain":0,"player_choice":"Take Damage","damage_taken":24,"relics_obtained":["Golden Idol"],"max_hp_gain":0,"max_hp_loss":0,"event_name":"Golden Idol","floor":4,"gold_loss":0},{"damage_healed":0,"gold_gain":0,"player_choice":"Ignored","damage_taken":0,"max_hp_gain":0,"max_hp_loss":0,"event_name":"Golden Wing","floor":14,"gold_loss":0},{"damage_healed":14,"gold_gain":0,"player_choice":"Heal","damage_taken":0,"max_hp_gain":0,"max_hp_loss":0,"event_name":"The Library","floor":22,"gold_loss":0}],"is_beta":true,"boss_relics":[{"not_picked":["Empty Cage","Nuclear Battery"],"picked":"Sozu"}],"items_purged_floors":[10],"is_endless":false,"potions_floor_spawned":[5,7,16,18,20],"killed_by":"Gremlin Leader","ascension_level":19}