{"gold_per_floor":[215,215,233,233,244,244,274,293,293,293,305,334,352,365,365,365],"floor_reached":16,"playtime":777,"items_purged":[],"score":137,"play_id":"12a2fc9d-e046-41be-b90c-564533bc019f","local_time":"20180915014342","is_ascension_mode":true,"campfire_choices":[{"data":"Dualcast","floor":6,"key":"SMITH"},{"floor":10,"key":"REST"},{"floor":15,"key":"REST"}],"neow_cost":"NONE","seed_source_timestamp":40490594715215,"circlet_count":0,"master_deck":["Strike_B","Strike_B","Strike_B","Strike_B","Defend_B","Defend_B","Defend_B","Defend_B","Zap","Dualcast+1","Go for the Eyes","Regret","Storm","Cold Snap","Rebound","Cold Snap","Glacier","Consume","Rebound"],"relics":["Cracked Core","Strawberry","NlothsMask","Pantograph","Dream Catcher"],"potions_floor_usage":[12,12,16],"damage_taken":[{"damage":0,"enemies":"2 Louse","floor":1,"turns":1},{"damage":0,"enemies":"Small Slimes","floor":3,"turns":2},{"damage":2,"enemies":"Cultist","floor":5,"turns":4},{"damage":30,"enemies":"Gremlin Nob","floor":7,"turns":5},{"damage":19,"enemies":"3 Louse","floor":8,"turns":4},{"damage":18,"enemies":"Lots of Slimes","floor":11,"turns":4},{"damage":14,"enemies":"Lagavulin","floor":12,"turns":5},{"damage":2,"enemies":"Blue Slaver","floor":13,"turns":5},{"damage":16,"enemies":"Large Slime","floor":14,"turns":9},{"damage":64,"enemies":"Slime Boss","floor":16,"turns":5}],"seed_played":"-4285166520534795239","potions_obtained":[{"floor":7,"key":"Strength Potion"},{"floor":11,"key":"AttackPotion"},{"floor":13,"key":"Strength Potion"}],"is_trial":false,"path_per_floor":["M","?","M","?","M","R","E","M","T","R","M","E","M","M","R"],"character_chosen":"DEFECT","items_purchased":[],"campfire_rested":2,"item_purchase_floors":[],"current_hp_per_floor":[75,82,82,82,80,80,50,31,31,55,37,23,21,5,29,0],"gold":365,"neow_bonus":"HUNDRED_GOLD","is_prod":false,"is_daily":false,"chose_seed":false,"campfire_upgraded":1,"win_rate":0,"timestamp":1536968622,"path_taken":["M","?","?","?","M","R","E","M","T","R","M","E","M","M","R","BOSS"],"build_version":"2018-09-06","purchased_purges":0,"victory":false,"max_hp_per_floor":[75,82,82,82,82,82,82,82,82,82,82,82,82,82,82,82],"card_choices":[{"not_picked":["Streamline","Aggregate"],"picked":"Go for the Eyes","floor":1},{"not_picked":["Doom and Gloom","Redo"],"picked":"Storm","floor":3},{"not_picked":["Coolheaded","Go for the Eyes"],"picked":"Cold Snap","floor":5},{"not_picked":["Compile Driver","Meteor Strike","Reinforced Body"],"picked":"SKIP","floor":7},{"not_picked":["Ball Lightning","Double Energy"],"picked":"Rebound","floor":8},{"not_picked":["Force Field","Turbo"],"picked":"Cold Snap","floor":11},{"not_picked":["Amplify","Leap"],"picked":"Glacier","floor":12},{"not_picked":["Sweeping Beam","Hologram"],"picked":"Consume","floor":13},{"not_picked":["Ball Lightning","Recycle","Double Energy"],"picked":"SKIP","floor":14},{"not_picked":["Leap","Hologram"],"picked":"Rebound","floor":15}],"player_experience":165131,"relics_obtained":[{"floor":7,"key":"Pantograph"},{"floor":12,"key":"Dream Catcher"}],"event_choices":[{"event_name":"Big Fish","player_choice":"Box","floor":2,"damage_taken":0},{"event_name":"FaceTrader","player_choice":"Trade","floor":4,"damage_taken":0}],"is_beta":false,"boss_relics":[],"items_purged_floors":[],"is_endless":false,"potions_floor_spawned":[7,11,13],"killed_by":"Slime Boss","ascension_level":4}