{"gold_per_floor":[110,110,134,134,147,147,174,174,201,216,162,178,194,229,229,332,332,346,445,456,80,96,125,125,154,154,169,189,199,199,218,218,317,317,332,332,0,0,16,16,34,34,83,100,100,100,116,129,129,129],"floor_reached":50,"playtime":5562,"items_purged":["Strike_R"],"score":521,"play_id":"efafcd7d-e26e-488f-adaa-8ee5f8484ccc","local_time":"20180624230728","is_ascension_mode":false,"campfire_choices":[{"data":"Armaments","floor":6,"key":"SMITH"},{"data":"Flame Barrier","floor":8,"key":"SMITH"},{"data":"Body Slam","floor":15,"key":"SMITH"},{"floor":24,"key":"REST"},{"floor":32,"key":"REST"},{"data":"Barricade","floor":40,"key":"SMITH"},{"data":"Impervious","floor":42,"key":"SMITH"},{"data":"Finesse","floor":45,"key":"SMITH"},{"floor":49,"key":"REST"}],"neow_cost":"NONE","seed_source_timestamp":781976466534953,"circlet_count":0,"master_deck":["Strike_R+1","Strike_R+1","Strike_R+1","Defend_R+1","Defend_R","Defend_R","Bash","Armaments+1","Flame Barrier+1","Cleave","Headbutt","Clash","Shrug It Off","Body Slam+1","Demon Form","Iron Wave","Iron Wave","Finesse+1","Twin Strike","Second Wind+1","Twin Strike+1","Clash","Barricade+1","Cleave","Impervious+1","Heavy Blade+1","Disarm+1","Shrug It Off","Spot Weakness+1","Headbutt+1","Flame Barrier+1","Madness","Madness","Dual Wield"],"relics":["Burning Blood","Ancient Tea Set","Bag of Marbles","Bronze Scales","Happy Flower","Whetstone","Lizard Tail","Blood Vial","Incense Burner","Shuriken","Matryoshka","Astrolabe","Thread and Needle","Boot","Potion Belt"],"potions_floor_usage":[7,16,33,50,50,50,50],"damage_taken":[{"damage":6,"enemies":"Jaw Worm","floor":1,"turns":3},{"damage":0,"enemies":"Small Slimes","floor":5,"turns":2},{"damage":0,"enemies":"3 Sentries","floor":7,"turns":8},{"damage":0,"enemies":"2 Louse","floor":10,"turns":1},{"damage":0,"enemies":"2 Fungi Beasts","floor":12,"turns":2},{"damage":7,"enemies":"Exordium Thugs","floor":13,"turns":5},{"damage":5,"enemies":"Lagavulin","floor":14,"turns":5},{"damage":20,"enemies":"Slime Boss","floor":16,"turns":11},{"damage":0,"enemies":"Shell Parasite","floor":18,"turns":4},{"damage":17,"enemies":"Chosen","floor":20,"turns":7},{"damage":27,"enemies":"Snake Plant","floor":22,"turns":4},{"damage":36,"enemies":"Slavers","floor":23,"turns":8},{"damage":17,"enemies":"Gremlin Leader","floor":25,"turns":6},{"damage":26,"enemies":"Slaver and Parasite","floor":27,"turns":7},{"damage":25,"enemies":"Cultist and Chosen","floor":28,"turns":6},{"damage":12,"enemies":"Chosen and Byrds","floor":29,"turns":7},{"damage":22,"enemies":"3 Cultists","floor":31,"turns":5},{"damage":33,"enemies":"Champ","floor":33,"turns":12},{"damage":15,"enemies":"3 Darklings","floor":35,"turns":7},{"damage":1,"enemies":"Orb Walker","floor":39,"turns":3},{"damage":20,"enemies":"4 Shapes","floor":41,"turns":4},{"damage":5,"enemies":"Sphere and 2 Shapes","floor":44,"turns":6},{"damage":43,"enemies":"Maw","floor":47,"turns":9},{"damage":5,"enemies":"3 Darklings","floor":48,"turns":5},{"damage":67,"enemies":"Awakened One","floor":50,"turns":5}],"seed_played":"-6234791607043329347","potions_obtained":[{"floor":5,"key":"Block Potion"},{"floor":10,"key":"Dexterity Potion"},{"floor":23,"key":"Dexterity Potion"},{"floor":25,"key":"SteroidPotion"},{"floor":28,"key":"Energy Potion"},{"floor":29,"key":"Fire Potion"},{"floor":39,"key":"PowerPotion"},{"floor":41,"key":"Fire Potion"},{"floor":44,"key":"Fire Potion"}],"is_trial":false,"path_per_floor":["M","?","T","?","M","R","E","R","T","M","$","M","M","E","R","B",null,"M","?","M","$","M","E","R","E","T","M","M","M","?","M","R","B",null,"M","?","$","?","M","R","M","R","T","M","R","?","M","M","R"],"character_chosen":"IRONCLAD","items_purchased":["Shrug It Off","Blood Vial","Finesse","Explosive Potion","Thread and Needle","Shrug It Off"],"campfire_rested":3,"item_purchase_floors":[11,21,21,21,37,37],"current_hp_per_floor":[80,68,68,52,58,58,64,64,64,70,70,76,75,76,76,62,80,80,80,69,69,50,22,46,37,37,19,46,42,34,20,44,19,80,71,71,71,71,78,78,66,66,66,69,69,59,24,27,51,0],"gold":129,"neow_bonus":"THREE_CARDS","is_prod":false,"is_daily":false,"chose_seed":false,"campfire_upgraded":6,"win_rate":0.0,"timestamp":1529896048,"path_taken":["M","?","?","?","M","R","E","R","T","M","$","M","M","E","R","BOSS","M","?","M","$","M","E","R","E","T","M","?","M","?","M","R","BOSS","M","?","$","?","M","R","M","R","T","M","R","?","M","M","R","BOSS"],"build_version":"2018-06-21v2","purchased_purges":1,"victory":false,"max_hp_per_floor":[80,80,80,80,80,80,80,80,80,80,80,80,80,80,80,80,80,80,80,80,80,80,80,80,80,80,80,80,80,80,80,80,80,80,80,80,80,80,80,80,80,80,80,80,80,80,80,80,80,80],"card_choices":[{"not_picked":["Clothesline","Disarm"],"picked":"Armaments","floor":0},{"not_picked":["Thunderclap","Warcry"],"picked":"Flame Barrier","floor":1},{"not_picked":["Flex","Clothesline"],"picked":"Cleave","floor":5},{"not_picked":["Spot Weakness","Clash"],"picked":"Headbutt","floor":7},{"not_picked":["Twin Strike","Cleave"],"picked":"Clash","floor":10},{"not_picked":["Dropkick","Entrench"],"picked":"Body Slam","floor":12},{"not_picked":["Spot Weakness","Uppercut","Sword Boomerang"],"picked":"SKIP","floor":13},{"not_picked":["Clothesline","Sever Soul"],"picked":"Pummel","floor":14},{"not_picked":["Bludgeon","Berserk"],"picked":"Demon Form","floor":16},{"not_picked":["Warcry+1","Searing Blow"],"picked":"Iron Wave","floor":18},{"not_picked":["Headbutt","Cleave"],"picked":"Iron Wave","floor":20},{"not_picked":["Sever Soul","Perfected Strike"],"picked":"Twin Strike","floor":22},{"not_picked":["Rupture+1","Perfected Strike"],"picked":"Second Wind+1","floor":23},{"not_picked":["Flex","Clash"],"picked":"Twin Strike+1","floor":25},{"not_picked":["Sword Boomerang+1","Corruption"],"picked":"Clash","floor":27},{"not_picked":["Rupture","Corruption"],"picked":"Barricade","floor":28},{"not_picked":["Pommel Strike","Clothesline"],"picked":"Cleave","floor":29},{"not_picked":["Sword Boomerang+1","Power Through","Clothesline"],"picked":"SKIP","floor":31},{"not_picked":["Fiend Fire","Offering"],"picked":"Impervious","floor":33},{"not_picked":["Corruption","Clothesline","Twin Strike"],"picked":"SKIP","floor":35},{"not_picked":["Perfected Strike","Corruption+1"],"picked":"Spot Weakness+1","floor":39},{"not_picked":["Sword Boomerang","Clothesline+1"],"picked":"Headbutt+1","floor":41},{"not_picked":["Rampage","Cleave+1"],"picked":"Flame Barrier+1","floor":44},{"not_picked":["Hemokinesis","Uppercut+1","Offering"],"picked":"SKIP","floor":47},{"not_picked":["Headbutt+1","Perfected Strike"],"picked":"Dual Wield","floor":48}],"player_experience":4919,"relics_obtained":[{"floor":3,"key":"Bag of Marbles"},{"floor":7,"key":"Bronze Scales"},{"floor":9,"key":"Happy Flower"},{"floor":14,"key":"Whetstone"},{"floor":23,"key":"Incense Burner"},{"floor":25,"key":"Shuriken"},{"floor":26,"key":"Matryoshka"},{"floor":43,"key":"Boot"},{"floor":43,"key":"Potion Belt"}],"event_choices":[{"event_name":"Scrap Ooze","player_choice":"success","floor":2,"damage_taken":12},{"event_name":"Shining Light","player_choice":"Entered Light","floor":4,"damage_taken":0},{"event_name":"Nest","player_choice":"Stole From Cult","floor":19,"damage_taken":0},{"event_name":"Knowing Skull","player_choice":"","floor":30,"damage_taken":0},{"event_name":"Mysterious Sphere","player_choice":"Ignore","floor":36,"damage_taken":0},{"event_name":"Falling","player_choice":"Removed Power","floor":38,"damage_taken":0},{"event_name":"Winding Halls","player_choice":"Embrace Madness","floor":46,"damage_taken":0}],"boss_relics":[{"not_picked":["White Beast Statue","Eternal Feather"],"picked":"Lizard Tail"},{"not_picked":["Busted Crown","Coffee Dripper"],"picked":"Astrolabe"}],"items_purged_floors":[21],"is_endless":false,"potions_floor_spawned":[5,10,23,25,27,28,29,39,41,44],"killed_by":"Awakened One","ascension_level":0}