{"gold_per_floor":[144,144,144,189,114,114,159,249,249,339,339,384,474,474,474,774,774,819,336,261,306,351,441,486,486,486,511,601,646,146,236,236,536,536,581,331,376,376,421,511,511,601,676,766,811,811,901,41,41,41],"floor_reached":51,"playtime":3655,"items_purged":["Meteor Strike","Hyperbeam"],"score":941,"play_id":"36e5ec7c-c640-4181-912b-62045ade1314","local_time":"20180728171541","daily_mods":["Shiny","Midas","Elite Swarm"],"is_ascension_mode":false,"campfire_choices":[{"floor":6,"key":"REST"},{"floor":11,"key":"REST"},{"floor":15,"key":"REST"},{"floor":25,"key":"REST"},{"floor":32,"key":"REST"},{"floor":41,"key":"REST"},{"floor":46,"key":"REST"},{"floor":49,"key":"REST"}],"neow_cost":"","seed_source_timestamp":0,"circlet_count":0,"master_deck":["Thunder Strike","Biased Cognition","Machine Learning","Electrodynamics","Buffer","Rainbow+1","Seek","Echo Form","Amplify","Core Surge","Ball Lightning","Glacier","Cold Snap","Rainbow","Seek+1","Capacitor","Seek","Amplify","Apotheosis","Coolheaded","Sweeping Beam+1","Reinforced Body","Rainbow","Self Repair","Conserve Battery+1","Core Surge","Biased Cognition","Beam Cell+1","Rainbow"],"special_seed":17740,"relics":["Cracked Core","Lantern","Cables","Incense Burner","Gremlin Horn","Sundial","Empty Cage","Regal Pillow","Potion Belt","StoneCalendar","Anchor","Orichalcum","Strange Spoon","Ice Cream","Pantograph","Sozu","Symbiotic Virus","Darkstone Periapt","Strawberry","The Courier","Oddly Smooth Stone","Matryoshka","Bottled Tornado","Bottled Flame","War Paint","Membership Card","Centennial Puzzle"],"potions_floor_usage":[10,16,21,22,33,42,42],"damage_taken":[{"damage":0,"enemies":"Jaw Worm","floor":1,"turns":1},{"damage":0,"enemies":"2 Louse","floor":4,"turns":1},{"damage":3,"enemies":"Small Slimes","floor":7,"turns":2},{"damage":8,"enemies":"Gremlin Nob","floor":8,"turns":3},{"damage":11,"enemies":"Lagavulin","floor":10,"turns":6},{"damage":11,"enemies":"Exordium Wildlife","floor":12,"turns":2},{"damage":0,"enemies":"Gremlin Nob","floor":13,"turns":2},{"damage":43,"enemies":"Hexaghost","floor":16,"turns":7},{"damage":10,"enemies":"Chosen","floor":18,"turns":4},{"damage":11,"enemies":"Shell Parasite","floor":21,"turns":4},{"damage":19,"enemies":"Snake Plant","floor":22,"turns":4},{"damage":8,"enemies":"Book of Stabbing","floor":23,"turns":6},{"damage":19,"enemies":"Snecko","floor":24,"turns":4},{"damage":20,"enemies":"Slavers","floor":28,"turns":4},{"damage":0,"enemies":"3 Cultists","floor":29,"turns":3},{"damage":11,"enemies":"Gremlin Leader","floor":31,"turns":4},{"damage":13,"enemies":"Champ","floor":33,"turns":9},{"damage":12,"enemies":"Orb Walker","floor":35,"turns":3},{"damage":0,"enemies":"3 Shapes","floor":37,"turns":2},{"damage":1,"enemies":"Spire Growth","floor":39,"turns":5},{"damage":5,"enemies":"Giant Head","floor":40,"turns":7},{"damage":38,"enemies":"2 Orb Walkers","floor":42,"turns":4},{"damage":1,"enemies":"Giant Head","floor":44,"turns":5},{"damage":6,"enemies":"3 Darklings","floor":45,"turns":4},{"damage":24,"enemies":"2 Orb Walkers","floor":47,"turns":4},{"damage":24,"enemies":"Donu and Deca","floor":50,"turns":7}],"seed_played":"2203350338382633815","potions_obtained":[{"floor":7,"key":"FearPotion"},{"floor":8,"key":"PowerPotion"},{"floor":12,"key":"Energy Potion"},{"floor":13,"key":"Regen Potion"},{"floor":18,"key":"Explosive Potion"},{"floor":21,"key":"Explosive Potion"},{"floor":31,"key":"Block Potion"},{"floor":33,"key":"Fire Potion"}],"is_trial":false,"path_per_floor":["M","?","?","M","$","R","M","E","T","E","R","M","E","?","R","B",null,"M","$","?","M","M","E","M","R","T","T","E","M","$","E","R","B",null,"M","$","M","T","M","E","R","E","T","E","M","R","E","$","R","B"],"character_chosen":"DEFECT","items_purchased":["Apotheosis","Regal Pillow","Coolheaded","Strange Spoon","Ice Cream","Symbiotic Virus","Bottled Tornado","Bottled Flame","War Paint","Membership Card","Centennial Puzzle"],"campfire_rested":8,"item_purchase_floors":[19,19,19,30,30,36,48,48,48,48,48],"current_hp_per_floor":[75,63,63,63,63,75,72,64,64,53,75,64,64,57,75,32,75,65,65,65,66,47,39,20,57,57,57,37,37,37,46,75,75,75,63,63,75,75,74,75,75,44,44,53,61,82,65,65,82,65],"gold":41,"neow_bonus":"","is_prod":false,"is_daily":true,"chose_seed":false,"campfire_upgraded":0,"win_rate":0,"timestamp":1532823341,"path_taken":["M","?","?","?","$","R","M","E","T","E","R","M","E","?","R","BOSS","M","$","?","M","M","E","M","R","T","?","E","M","$","E","R","BOSS","M","$","M","?","M","E","R","E","T","E","M","R","E","$","R","BOSS"],"build_version":"2018-07-26","purchased_purges":2,"victory":true,"max_hp_per_floor":[75,75,75,75,75,75,75,75,75,75,75,75,75,75,75,75,75,75,75,75,75,75,75,75,75,75,75,75,75,75,75,75,75,75,75,75,75,75,75,75,75,82,82,82,82,82,82,82,82,82],"card_choices":[{"not_picked":["Barrage","Beam Cell"],"picked":"Ball Lightning","floor":1},{"not_picked":["Auto Shields","Ball Lightning"],"picked":"Glacier","floor":4},{"not_picked":["Gash","Fusion"],"picked":"Cold Snap","floor":7},{"not_picked":["Electrodynamics","Creative AI"],"picked":"Rainbow","floor":8},{"not_picked":["Multi-Cast","Meteor Strike"],"picked":"Seek","floor":10},{"not_picked":["Redo","Leap"],"picked":"Capacitor","floor":12},{"not_picked":["Electrodynamics","All For One"],"picked":"Seek","floor":13},{"not_picked":["Reboot","Biased Cognition"],"picked":"Amplify","floor":16},{"not_picked":["Turbo","Stack","Gash"],"picked":"SKIP","floor":18},{"not_picked":["Barrage","Static Discharge+1"],"picked":"Sweeping Beam+1","floor":21},{"not_picked":["Rebound","Gash"],"picked":"Reinforced Body","floor":22},{"not_picked":["Machine Learning","Seek"],"picked":"Rainbow","floor":23},{"not_picked":["Rip and Tear","Auto Shields+1"],"picked":"Self Repair","floor":24},{"not_picked":["Fission","Reboot","Meteor Strike"],"picked":"SKIP","floor":28},{"not_picked":["Rebound","Steam Power","Reinforced Body"],"picked":"SKIP","floor":29},{"not_picked":["Creative AI","All For One","Thunder Strike"],"picked":"SKIP","floor":31},{"not_picked":["Aggregate","Turbo","Stack+1"],"picked":"SKIP","floor":35},{"not_picked":["Stack+1","Steam+1"],"picked":"Conserve Battery+1","floor":37},{"not_picked":["Hologram+1","Turbo+1","Lockon+1"],"picked":"SKIP","floor":39},{"not_picked":["Fission","Echo Form"],"picked":"Core Surge","floor":40},{"not_picked":["Reboot","Multi-Cast"],"picked":"Biased Cognition","floor":42},{"not_picked":["Echo Form","Thunder Strike","Seek"],"picked":"SKIP","floor":44},{"not_picked":["Blizzard+1","Sweeping Beam+1"],"picked":"Beam Cell+1","floor":45},{"not_picked":["Hyperbeam","Machine Learning"],"picked":"Rainbow","floor":47}],"player_experience":382124,"relics_obtained":[{"floor":8,"key":"Cables"},{"floor":9,"key":"Incense Burner"},{"floor":10,"key":"Gremlin Horn"},{"floor":13,"key":"Sundial"},{"floor":23,"key":"Potion Belt"},{"floor":26,"key":"StoneCalendar"},{"floor":27,"key":"Anchor"},{"floor":28,"key":"Orichalcum"},{"floor":31,"key":"Pantograph"},{"floor":38,"key":"Darkstone Periapt"},{"floor":42,"key":"Strawberry"},{"floor":43,"key":"The Courier"},{"floor":44,"key":"Oddly Smooth Stone"},{"floor":47,"key":"Matryoshka"}],"event_choices":[{"event_name":"Scrap Ooze","player_choice":"success","floor":2,"damage_taken":12},{"event_name":"Living Wall","player_choice":"Forget","floor":3,"damage_taken":0},{"event_name":"Golden Wing","player_choice":"Card Removal","floor":14,"damage_taken":0},{"event_name":"Beggar","player_choice":"Gave Gold","floor":20,"damage_taken":0}],"is_beta":false,"boss_relics":[{"not_picked":["Runic Dome","Runic Pyramid"],"picked":"Empty Cage"},{"not_picked":["Orrery","Tiny House"],"picked":"Sozu"}],"items_purged_floors":[5,19],"is_endless":false,"potions_floor_spawned":[7,8,12,13,18,21,31,33,37,42,45],"ascension_level":0}