{"gold_per_floor":[112,126,401,2,22,50,69,69,69,88,59,59,69,104,104,104],"floor_reached":16,"playtime":2884,"items_purged":["Regret"],"score":179,"play_id":"847a7a1a-c665-4aeb-a3f7-dc5030292758","local_time":"20180919144816","is_ascension_mode":true,"campfire_choices":[{"data":"Dualcast","floor":8,"key":"SMITH"},{"data":"Zap","floor":12,"key":"SMITH"},{"floor":15,"key":"REST"}],"neow_cost":"NONE","seed_source_timestamp":350721030758632,"circlet_count":0,"master_deck":["Strike_B","Strike_B","Strike_B","Strike_B","Defend_B","Defend_B","Defend_B","Defend_B","Zap+1","Dualcast+1","AscendersBane","Seek","Streamline","Steam","Self Repair","Streamline","FTL","Conserve Battery","Static Discharge"],"relics":["Cracked Core","Sling","Sundial","Singing Bowl","Bottled Tornado"],"potions_floor_usage":[6,6,14],"damage_taken":[{"damage":8,"enemies":"2 Louse","floor":1,"turns":3},{"damage":1,"enemies":"Cultist","floor":2,"turns":3},{"damage":2,"enemies":"Jaw Worm","floor":5,"turns":3},{"damage":10,"enemies":"3 Sentries","floor":6,"turns":7},{"damage":6,"enemies":"2 Fungi Beasts","floor":7,"turns":4},{"damage":3,"enemies":"Exordium Wildlife","floor":10,"turns":4},{"damage":6,"enemies":"Red Slaver","floor":13,"turns":4},{"damage":35,"enemies":"Lagavulin","floor":14,"turns":4},{"damage":60,"enemies":"Slime Boss","floor":16,"turns":10}],"seed_played":"5950207935853837510","potions_obtained":[{"floor":2,"key":"Explosive Potion"},{"floor":10,"key":"Energy Potion"},{"floor":13,"key":"Strength Potion"}],"is_trial":false,"path_per_floor":["M","M","?","$","M","E","M","R","T","M","?","R","M","E","R"],"character_chosen":"DEFECT","items_purchased":["Sling","Self Repair","Fire Potion"],"campfire_rested":1,"item_purchase_floors":[4,4,4],"current_hp_per_floor":[60,59,59,59,64,61,62,62,62,59,59,59,62,34,57,0],"gold":104,"neow_bonus":"ONE_RANDOM_RARE_CARD","is_prod":false,"is_daily":false,"chose_seed":false,"campfire_upgraded":2,"win_rate":0,"timestamp":1537361296,"path_taken":["M","M","?","$","M","E","M","R","T","M","?","R","?","E","R","BOSS"],"build_version":"2018-09-06","purchased_purges":1,"victory":false,"max_hp_per_floor":[75,75,75,75,75,75,75,75,75,75,75,75,77,77,77,77],"card_choices":[{"not_picked":["Barrage","Beam Cell"],"picked":"Streamline","floor":1},{"not_picked":["Redo","Hologram"],"picked":"Steam","floor":2},{"not_picked":["Glacier","Leap"],"picked":"Streamline","floor":5},{"not_picked":["Capacitor","Thunder Strike","Coolheaded"],"picked":"SKIP","floor":6},{"not_picked":["Cold Snap","Go for the Eyes"],"picked":"FTL","floor":7},{"not_picked":["Cold Snap","Turbo"],"picked":"Conserve Battery","floor":10},{"not_picked":["Chill","Compile Driver","Sweeping Beam"],"picked":"Singing Bowl","floor":13},{"not_picked":["Fusion","Conserve Battery"],"picked":"Static Discharge","floor":14}],"player_experience":405272,"relics_obtained":[{"floor":6,"key":"Sundial"},{"floor":9,"key":"Singing Bowl"},{"floor":14,"key":"Bottled Tornado"}],"event_choices":[{"event_name":"Golden Shrine","player_choice":"Desecrate","floor":3,"damage_taken":0},{"event_name":"World of Goop","player_choice":"Left","floor":11,"damage_taken":0}],"is_beta":false,"boss_relics":[],"items_purged_floors":[4],"is_endless":false,"potions_floor_spawned":[2,5,10,13],"killed_by":"Slime Boss","ascension_level":12}