{"gold_per_floor":[115,115,134,59,59,59,92,167,167,167,199,199,107,133,133,133],"floor_reached":16,"playtime":506,"items_purged":["Defend_B"],"score":188,"play_id":"f8da9ff6-e01e-4d04-83f4-3fe9380781d5","local_time":"20181108223605","is_ascension_mode":true,"campfire_choices":[{"data":"Zap","floor":6,"key":"SMITH"},{"data":"FTL","floor":10,"key":"SMITH"},{"floor":12,"key":"REST"},{"floor":15,"key":"REST"}],"neow_cost":"NONE","seed_source_timestamp":268256693281645,"circlet_count":0,"master_deck":["Strike_B","Strike_B","Defend_B","Defend_B","Defend_B+1","Zap+1","Dualcast+1","Go for the Eyes","Aggregate","FTL+1","Trip","Beam Cell"],"relics":["Cracked Core","NeowsBlessing","Question Card","War Paint","Kunai","Pear"],"potions_floor_usage":[11,14],"damage_taken":[{"damage":0,"enemies":"Small Slimes","floor":1,"turns":1},{"damage":0,"enemies":"Cultist","floor":3,"turns":1},{"damage":0,"enemies":"Gremlin Nob","floor":7,"turns":1},{"damage":17,"enemies":"Lagavulin","floor":11,"turns":6},{"damage":29,"enemies":"3 Sentries","floor":14,"turns":7},{"damage":62,"enemies":"The Guardian","floor":16,"turns":10}],"seed_played":"2852855426564524136","potions_obtained":[{"floor":7,"key":"SkillPotion"},{"floor":11,"key":"LiquidBronze"}],"is_trial":false,"path_per_floor":["M","?","M","$","?","R","E","?","T","R","E","R","$","E","R","B"],"character_chosen":"DEFECT","items_purchased":["Trip"],"campfire_rested":2,"item_purchase_floors":[13],"current_hp_per_floor":[68,68,68,68,61,61,61,50,50,50,33,55,55,36,61,0],"gold":133,"neow_bonus":"THREE_ENEMY_KILL","is_prod":false,"is_daily":false,"chose_seed":false,"campfire_upgraded":2,"win_rate":0,"timestamp":1541745365,"path_taken":["M","?","?","$","?","R","E","?","T","R","E","R","?","E","R","BOSS"],"build_version":"2018-11-08","purchased_purges":1,"victory":false,"max_hp_per_floor":[75,75,75,75,75,75,75,75,75,75,75,75,75,85,85,85],"card_choices":[{"not_picked":["Barrage","Conserve Battery"],"picked":"Go for the Eyes","floor":1},{"not_picked":["Redo","Coolheaded","White Noise"],"picked":"SKIP","floor":3},{"not_picked":["Storm","Skim"],"picked":"FTL","floor":7},{"not_picked":["Turbo","Aggregate","Genetic Algorithm","Compile Driver"],"picked":"SKIP","floor":11},{"not_picked":["Static Discharge","Leap","Cold Snap"],"picked":"Beam Cell","floor":14}],"player_experience":537395,"relics_obtained":[{"floor":7,"key":"Question Card"},{"floor":9,"key":"War Paint"},{"floor":11,"key":"Kunai"},{"floor":14,"key":"Pear"}],"event_choices":[{"damage_healed":0,"gold_gain":0,"cards_transformed":["Strike_B"],"player_choice":"Transformed","damage_taken":0,"max_hp_gain":0,"max_hp_loss":0,"event_name":"Transmorgrifier","floor":2,"gold_loss":0,"cards_obtained":["Aggregate"]},{"cards_removed":["Strike_B"],"damage_healed":0,"gold_gain":0,"player_choice":"Card Removal","damage_taken":7,"max_hp_gain":0,"max_hp_loss":0,"event_name":"Golden Wing","floor":5,"gold_loss":0},{"damage_healed":0,"gold_gain":75,"player_choice":"Gather Gold","damage_taken":11,"max_hp_gain":0,"max_hp_loss":0,"event_name":"World of Goop","floor":8,"gold_loss":0}],"is_beta":false,"boss_relics":[],"items_purged_floors":[4],"is_endless":false,"potions_floor_spawned":[7,11],"killed_by":"The Guardian","ascension_level":7}