{"path_per_floor":["M","?","M","M","M","E","M","E","T","R","?","R","E","$","R","B",null,"M","M","$","?"],"character_chosen":"IRONCLAD","items_purchased":["Rupture","Tiny Chest","Kunai"],"gold_per_floor":[11,11,29,49,59,87,99,133,433,433,433,433,465,240,240,340,340,355,375,29,29],"floor_reached":22,"campfire_rested":2,"playtime":1628,"current_hp_per_floor":[76,69,68,73,50,39,41,19,19,43,63,63,46,46,70,35,80,54,43,43,43],"items_purged":["Searing Blow","Strike_R"],"gold":29,"score":224,"play_id":"74044409-278c-41a0-bc5b-d99801f868c5","is_prod":false,"is_daily":false,"is_ascension_mode":true,"campfire_upgraded":1,"path_taken":["M","?","M","M","?","E","M","E","T","R","?","R","E","$","R","BOSS","M","M","$","?","M"],"build_version":"2018-02-15-PROD1","purchased_purges":2,"victory":false,"master_deck":["Strike_R","Strike_R","Defend_R","Defend_R","Defend_R","Bash","Dark Embrace","Heavy Blade","Iron Wave","Spot Weakness","Uppercut+1","Thunderclap","Double Tap","Parasite","Rupture","Limit Break","Rupture+1","Shrug It Off+1"],"max_hp_per_floor":[80,80,80,80,80,80,80,80,80,80,80,80,80,80,80,80,80,80,80,80,80],"relics":["Black Blood","Blue Candle","Bird Faced Urn","Champion Belt","Tiny Chest","Kunai","Nloth\u0027s Gift"],"card_choices":[{"not_picked":["Shockwave","Sword Boomerang"],"picked":"Heavy Blade"},{"not_picked":["Anger","Second Wind"],"picked":"Iron Wave"},{"not_picked":["Sword Boomerang","Rampage"],"picked":"Spot Weakness"},{"not_picked":["Sword Boomerang","Body Slam"],"picked":"Uppercut"},{"not_picked":["Warcry","True Grit"],"picked":"Thunderclap"},{"not_picked":["Whirlwind","Power Through"],"picked":"Double Tap"},{"not_picked":["Offering","Reaper"],"picked":"Limit Break"},{"not_picked":["Body Slam","Inflame"],"picked":"Rupture"},{"not_picked":["Headbutt","Fire Breathing"],"picked":"Shrug It Off"}],"player_experience":141221,"potions_floor_usage":[6,8,16,18,19],"damage_taken":[{"damage":10,"enemies":"Small Slimes","floor":1,"turns":4},{"damage":7,"enemies":"Jaw Worm","floor":3,"turns":3},{"damage":1,"enemies":"Cultist","floor":4,"turns":3},{"damage":29,"enemies":"Exordium Wildlife","floor":5,"turns":5},{"damage":17,"enemies":"Gremlin Nob","floor":6,"turns":4},{"damage":4,"enemies":"Large Slime","floor":7,"turns":5},{"damage":28,"enemies":"Lagavulin","floor":8,"turns":8},{"damage":23,"enemies":"3 Sentries","floor":13,"turns":5},{"damage":45,"enemies":"Slime Boss","floor":16,"turns":9},{"damage":40,"enemies":"Shell Parasite","floor":18,"turns":5},{"damage":23,"enemies":"2 Thieves","floor":19,"turns":4},{"damage":50,"enemies":"Centurion and Healer","floor":22,"turns":5}],"event_choices":[{"event_name":"Golden Wing","player_choice":"Card Removal","floor":2,"damage_taken":0},{"event_name":"Mushrooms","player_choice":"Healed and dodged fight","floor":11,"damage_taken":0},{"event_name":"N\u0027loth","player_choice":"Traded a Old Coin","floor":21,"damage_taken":0}],"boss_relics":[{"not_picked":["Ectoplasm","Lizard Tail"],"picked":"Black Blood"}],"potions_floor_spawned":[4,6,8,13,16],"seed_played":"1452676110457055879","killed_by":"Centurion and Healer","ascension_level":2,"is_trial":false}