{"gold_per_floor":[116,126,140,157,170,170,205,205,260,260],"floor_reached":10,"playtime":291,"items_purged":[],"score":70,"play_id":"b1fdb22d-c9f6-4639-839c-09531d6154e4","local_time":"20190215233920","is_ascension_mode":false,"campfire_choices":[{"data":"Slimebound:Replication","floor":6,"key":"SMITH"},{"data":"Slimebound:PoisonLick","floor":8,"key":"SMITH"}],"neow_cost":"NONE","seed_source_timestamp":131004279720129,"circlet_count":0,"master_deck":["Slimebound:Strike_Slimebound","Slimebound:Strike_Slimebound","Slimebound:Strike_Slimebound","Slimebound:Tackle","Slimebound:Defend_Slimebound","Slimebound:Defend_Slimebound","Slimebound:Defend_Slimebound","Slimebound:Defend_Slimebound","Slimebound:Split","Slimebound:CorrosiveSpit","Slimebound:PoisonLick+1","Slimebound:Replication+1"],"relics":["Slimebound:AbsorbEndCombat","NeowsBlessing","Anchor","strawberrySpire:MawJerky"],"potions_floor_usage":[5,7,7,7],"damage_taken":[{"damage":3,"enemies":"2 Louse","floor":1,"turns":1},{"damage":3,"enemies":"Jaw Worm","floor":2,"turns":1},{"damage":3,"enemies":"Cultist","floor":3,"turns":1},{"damage":14,"enemies":"Looter","floor":4,"turns":4},{"damage":33,"enemies":"Exordium Thugs","floor":5,"turns":4},{"damage":48,"enemies":"Lagavulin","floor":7,"turns":9},{"damage":15,"enemies":"Gremlin Nob","floor":10,"turns":2}],"seed_played":"3575449544617393326","potions_obtained":[{"floor":1,"key":"Ancient Potion"},{"floor":3,"key":"GamblersBrew"},{"floor":4,"key":"Slimebound:SlimyTonguePotion"},{"floor":5,"key":"Fire Potion"}],"is_trial":false,"path_per_floor":["M","M","M","M","M","R","E","R","T","E"],"character_chosen":"SLIMEBOUND","items_purchased":[],"campfire_rested":0,"item_purchase_floors":[],"current_hp_per_floor":[70,70,70,65,44,44,8,8,8,0],"gold":260,"neow_bonus":"THREE_ENEMY_KILL","is_prod":false,"is_daily":false,"chose_seed":false,"campfire_upgraded":2,"win_rate":0,"timestamp":1550291960,"path_taken":["M","M","M","M","M","R","E","R","T","E"],"build_version":"2019-01-23","purchased_purges":0,"victory":false,"max_hp_per_floor":[70,70,70,70,70,70,70,70,70,70],"card_choices":[{"not_picked":["Slimebound:ViciousTackle","Slimebound:GoopSpray"],"picked":"Slimebound:PoisonLick","floor":1},{"not_picked":["Slimebound:QuickStudy","Slimebound:Chomp","Slimebound:Dissolve"],"picked":"SKIP","floor":2},{"not_picked":["Slimebound:GoopTackle","Slimebound:SlimeSpikes"],"picked":"Slimebound:Replication","floor":3},{"not_picked":["Slimebound:VenomTackle","Slimebound:SplitMire","Slimebound:FinishingTackle"],"picked":"SKIP","floor":4},{"not_picked":["Slimebound:Equalize","Slimebound:DouseInSlime","Slimebound:DivideAndConquer"],"picked":"SKIP","floor":5},{"not_picked":["Slimebound:FormOfPuddle","Slimebound:LeadByExample","Slimebound:SplitMire"],"picked":"SKIP","floor":7}],"player_experience":710155,"relics_obtained":[{"floor":7,"key":"Anchor"},{"floor":9,"key":"strawberrySpire:MawJerky"}],"event_choices":[],"is_beta":false,"boss_relics":[],"items_purged_floors":[],"is_endless":false,"potions_floor_spawned":[1,3,4,5],"killed_by":"Gremlin Nob","ascension_level":0}