{"gold_per_floor":[117,135,109,129,146,146,172,172,172,172,132,147,157,182,182,284,284,303,303,303,319,336,369,369,3,3,21,21,34,52,69,69,166,166,186,239,239,239],"floor_reached":38,"playtime":1833,"items_purged":[],"score":515,"play_id":"c7b3762d-54f1-4bdd-9765-647f4ad8e1fc","local_time":"20180913013145","is_ascension_mode":true,"campfire_choices":[{"data":"Hyperbeam","floor":6,"key":"SMITH"},{"floor":8,"key":"REST"},{"floor":10,"key":"REST"},{"data":"Static Discharge","floor":15,"key":"SMITH"},{"floor":24,"key":"REST"},{"floor":28,"key":"REST"},{"floor":32,"key":"REST"}],"neow_cost":"NONE","seed_source_timestamp":1072430861822155,"circlet_count":0,"master_deck":["Strike_B","Strike_B","Strike_B","Strike_B","Defend_B","Defend_B","Defend_B","Defend_B","Zap","Dualcast","Hyperbeam+1","Melter","Tempest","Sweeping Beam","Ball Lightning","Cold Snap","BootSequence","Loop","Static Discharge+1","Hello World","Static Discharge","Machine Learning","Consume","Go for the Eyes","Doom and Gloom+1","Hologram+1","Amplify","Capacitor","Cold Snap","Cold Snap","Force Field+1","Self Repair","Chill","Sweeping Beam+1","Ball Lightning","Electrodynamics","Leap","Creative AI","Ball Lightning+1","Sweeping Beam+1","BootSequence+1"],"relics":["Cracked Core","Prayer Wheel","Turnip","Mummified Hand","Sozu","Gambling Chip","Cables","Strawberry","Cursed Key","Peace Pipe"],"potions_floor_usage":[7,14,16,16,27],"damage_taken":[{"damage":0,"enemies":"Small Slimes","floor":1,"turns":3},{"damage":0,"enemies":"Cultist","floor":2,"turns":3},{"damage":12,"enemies":"Jaw Worm","floor":4,"turns":2},{"damage":12,"enemies":"Exordium Thugs","floor":5,"turns":3},{"damage":30,"enemies":"Lagavulin","floor":7,"turns":4},{"damage":0,"enemies":"3 Louse","floor":12,"turns":1},{"damage":0,"enemies":"Gremlin Gang","floor":13,"turns":1},{"damage":16,"enemies":"Gremlin Nob","floor":14,"turns":3},{"damage":30,"enemies":"The Guardian","floor":16,"turns":7},{"damage":7,"enemies":"2 Thieves","floor":18,"turns":2},{"damage":7,"enemies":"Chosen","floor":21,"turns":4},{"damage":23,"enemies":"Centurion and Healer","floor":22,"turns":3},{"damage":33,"enemies":"Gremlin Leader","floor":23,"turns":5},{"damage":2,"enemies":"3 Cultists","floor":27,"turns":3},{"damage":23,"enemies":"Snake Plant","floor":29,"turns":3},{"damage":0,"enemies":"Snecko","floor":30,"turns":3},{"damage":13,"enemies":"Centurion and Healer","floor":31,"turns":2},{"damage":42,"enemies":"Automaton","floor":33,"turns":7},{"damage":1,"enemies":"Orb Walker","floor":35,"turns":3},{"damage":39,"enemies":"Mysterious Sphere","floor":36,"turns":3},{"damage":45,"enemies":"3 Shapes","floor":38,"turns":3}],"seed_played":"-2414593268988057156","potions_obtained":[{"floor":1,"key":"Fire Potion"},{"floor":2,"key":"AttackPotion"},{"floor":7,"key":"FearPotion"},{"floor":11,"key":"Strength Potion"},{"floor":14,"key":"LiquidBronze"}],"is_trial":false,"path_per_floor":["M","M","$","M","M","R","E","R","T","R","?","M","M","E","R","B",null,"M","?","?","M","M","E","R","$","T","M","R","M","M","M","R","B",null,"M","?","$"],"character_chosen":"DEFECT","items_purchased":["Sweeping Beam","Cables","Capacitor","Cold Snap"],"campfire_rested":5,"item_purchase_floors":[3,25,25,25],"current_hp_per_floor":[75,75,75,63,51,51,21,43,43,65,65,65,65,49,49,19,75,68,68,68,61,38,5,27,27,34,32,56,33,40,34,58,23,82,82,43,43,0],"gold":239,"neow_bonus":"ONE_RANDOM_RARE_CARD","is_prod":false,"is_daily":false,"chose_seed":false,"campfire_upgraded":2,"win_rate":0,"timestamp":1536795105,"path_taken":["M","M","$","M","M","R","E","R","T","R","?","M","M","E","R","BOSS","M","?","?","?","M","E","R","?","T","M","R","M","M","M","R","BOSS","M","?","$","?"],"build_version":"2018-09-06","purchased_purges":0,"victory":false,"max_hp_per_floor":[75,75,75,75,75,75,75,75,75,75,75,75,75,75,75,75,75,75,75,75,75,75,75,75,75,82,82,82,82,82,82,82,82,82,82,82,82,82],"card_choices":[{"not_picked":["Go for the Eyes","Double Energy"],"picked":"Melter","floor":1},{"not_picked":["Gash","Undo"],"picked":"Tempest","floor":2},{"not_picked":["Leap","Lockon"],"picked":"Ball Lightning","floor":4},{"not_picked":["Steam","Redo"],"picked":"Cold Snap","floor":5},{"not_picked":["Streamline","Melter","Hologram"],"picked":"SKIP","floor":7},{"not_picked":["Turbo","Hologram"],"picked":"BootSequence","floor":12},{"not_picked":["Scrape","Hologram"],"picked":"Loop","floor":12},{"not_picked":["Steam","Ball Lightning"],"picked":"Static Discharge","floor":13},{"not_picked":["Rebound","Barrage"],"picked":"Hello World","floor":13},{"not_picked":["Thunder Strike","Doom and Gloom"],"picked":"Static Discharge","floor":14},{"not_picked":["All For One","Multi-Cast"],"picked":"Machine Learning","floor":16},{"not_picked":["Streamline","Genetic Algorithm+1"],"picked":"Consume","floor":18},{"not_picked":["Tempest+1","Chill","Heatsinks+1"],"picked":"SKIP","floor":18},{"not_picked":["Steam+1","Stack"],"picked":"Go for the Eyes","floor":21},{"not_picked":["Skim","Turbo"],"picked":"Doom and Gloom+1","floor":21},{"not_picked":["Steam","Conserve Battery"],"picked":"Hologram+1","floor":22},{"not_picked":["Lockon","Gash+1","Steam+1"],"picked":"SKIP","floor":22},{"not_picked":["Scrape","Chill"],"picked":"Amplify","floor":23},{"not_picked":["Beam Cell","Go for the Eyes"],"picked":"Cold Snap","floor":27},{"not_picked":["Coolheaded","Genetic Algorithm"],"picked":"Force Field+1","floor":27},{"not_picked":["Sweeping Beam","Conserve Battery"],"picked":"Self Repair","floor":29},{"not_picked":["Skim+1","Barrage"],"picked":"Chill","floor":29},{"not_picked":["Beam Cell","Steam+1"],"picked":"Sweeping Beam+1","floor":30},{"not_picked":["Leap","Streamline"],"picked":"Ball Lightning","floor":30},{"not_picked":["Compile Driver","Sweeping Beam"],"picked":"Electrodynamics","floor":31},{"not_picked":["Steam","Compile Driver"],"picked":"Leap","floor":31},{"not_picked":["Rainbow","All For One"],"picked":"Creative AI","floor":33},{"not_picked":["Compile Driver+1","Leap"],"picked":"Ball Lightning+1","floor":35},{"not_picked":["Gash+1","Turbo"],"picked":"Sweeping Beam+1","floor":35},{"not_picked":["Hologram","Coolheaded+1"],"picked":"BootSequence+1","floor":36}],"player_experience":149854,"relics_obtained":[{"floor":7,"key":"Prayer Wheel"},{"floor":9,"key":"Turnip"},{"floor":14,"key":"Mummified Hand"},{"floor":23,"key":"Gambling Chip"},{"floor":26,"key":"Strawberry"},{"floor":36,"key":"Peace Pipe"}],"event_choices":[{"event_name":"The Woman in Blue","player_choice":"Bought 3 Potions","floor":11,"damage_taken":0},{"event_name":"Vampires","player_choice":"Ignored","floor":19,"damage_taken":0},{"event_name":"The Lab","player_choice":"Got Potions","floor":20,"damage_taken":0},{"event_name":"Mysterious Sphere","player_choice":"Fight","floor":36,"damage_taken":0}],"is_beta":false,"boss_relics":[{"not_picked":["Snecko Eye","White Beast Statue"],"picked":"Sozu"},{"not_picked":["Astrolabe","Philosopher\u0027s Stone"],"picked":"Cursed Key"}],"items_purged_floors":[],"is_endless":false,"potions_floor_spawned":[1,2,7,13,14,22,27,30,33],"killed_by":"3 Shapes","ascension_level":4}