{"gold_per_floor":[118,36,36,36,0,30,30,30,30,55,67,79,91,123,135,147],"floor_reached":16,"playtime":635,"items_purged":[],"score":96,"play_id":"69fc188c-94f8-427d-8a36-8b13585a9d69","local_time":"20190326204923","is_ascension_mode":false,"campfire_choices":[{"data":"Sucker Punch","floor":7,"key":"SMITH"},{"data":"Malaise","floor":13,"key":"SMITH"},{"data":"Terror","floor":15,"key":"SMITH"}],"neow_cost":"NONE","seed_source_timestamp":31931280836724,"circlet_count":0,"master_deck":["Defend_G","Defend_G","Defend_G","Defend_G","Defend_G","Strike_G","Strike_G","Strike_G","Strike_G","Strike_G","Survivor","Neutralize+1","Sucker Punch+1","Bandage Up","Malaise+1","Terror+1","Cloak And Dagger"],"relics":["Coffee Dripper","Ancient Tea Set","Matryoshka","MawBank","Sundial","Juzu Bracelet","Bag of Marbles","Golden Idol"],"potions_floor_usage":[16],"damage_taken":[{"damage":0,"enemies":"Cultist","floor":1,"turns":5},{"damage":32,"enemies":"Lagavulin","floor":6,"turns":11},{"damage":0,"enemies":"Jaw Worm","floor":10,"turns":4},{"damage":2,"enemies":"Small Slimes","floor":14,"turns":3},{"damage":51,"enemies":"Slime Boss","floor":16,"turns":9}],"seed_played":"4472276195859334763","potions_obtained":[{"floor":10,"key":"Block Potion"}],"is_trial":false,"path_per_floor":["M","$","?","?","?","E","R","?","T","M","T","?","R","M","R","B"],"character_chosen":"THE_SILENT","items_purchased":["Bandage Up"],"campfire_rested":0,"item_purchase_floors":[2],"current_hp_per_floor":[70,70,70,70,70,42,42,39,39,43,43,43,43,45,45,0],"gold":147,"neow_bonus":"BOSS_RELIC","is_prod":false,"is_daily":false,"chose_seed":false,"campfire_upgraded":3,"win_rate":0,"timestamp":1553633363,"path_taken":["M","$","?","?","?","E","R","?","T","M","?","?","R","M","R","BOSS"],"build_version":"2019-01-23","purchased_purges":0,"victory":false,"max_hp_per_floor":[70,70,70,70,70,70,70,70,70,70,70,65,65,65,65,65],"card_choices":[{"not_picked":["Poisoned Stab","Backflip"],"picked":"Sucker Punch","floor":1},{"not_picked":["Setup","Deadly Poison"],"picked":"Malaise","floor":6},{"not_picked":["Dagger Throw","Eviscerate"],"picked":"Terror","floor":10},{"not_picked":["Prepared","Quick Slash"],"picked":"Cloak And Dagger","floor":14}],"player_experience":219352,"relics_obtained":[{"floor":6,"key":"Ancient Tea Set"},{"floor":9,"key":"MawBank"},{"floor":9,"key":"Sundial"},{"floor":11,"key":"Juzu Bracelet"},{"floor":11,"key":"Bag of Marbles"}],"event_choices":[{"damage_healed":0,"gold_gain":0,"player_choice":"Ignored","damage_taken":0,"max_hp_gain":0,"max_hp_loss":0,"event_name":"Golden Wing","floor":3,"gold_loss":0},{"damage_healed":0,"gold_gain":0,"player_choice":"Grow","damage_taken":0,"max_hp_gain":0,"max_hp_loss":0,"event_name":"Living Wall","floor":4,"gold_loss":0,"cards_upgraded":["Neutralize"]},{"damage_healed":0,"gold_gain":0,"player_choice":"Left Gold","damage_taken":0,"max_hp_gain":0,"max_hp_loss":0,"event_name":"World of Goop","floor":5,"gold_loss":36},{"damage_healed":0,"gold_gain":0,"player_choice":"Success","damage_taken":3,"relics_obtained":["Matryoshka"],"max_hp_gain":0,"max_hp_loss":0,"event_name":"Scrap Ooze","floor":8,"gold_loss":0},{"damage_healed":0,"gold_gain":0,"player_choice":"Lose Max HP","damage_taken":0,"relics_obtained":["Golden Idol"],"max_hp_gain":0,"max_hp_loss":5,"event_name":"Golden Idol","floor":12,"gold_loss":0}],"is_beta":false,"boss_relics":[],"items_purged_floors":[],"is_endless":false,"potions_floor_spawned":[10],"killed_by":"Slime Boss","ascension_level":0}