{"path_per_floor":["M","?","M","M","M","E","R","E","T","R","?","M","R","M","R","B",null,"M","?","?","$","M","E","R","M","T","M","M","M","M","$","R"],"character_chosen":"THE_SILENT","items_purchased":["Vajra","Juzu Bracelet"],"gold_per_floor":[119,119,133,143,162,191,191,219,219,219,219,230,230,243,243,340,340,351,351,351,132,148,175,175,192,218,236,249,265,284,41,41,41],"floor_reached":33,"campfire_rested":5,"playtime":2583,"current_hp_per_floor":[44,30,28,28,14,13,34,24,24,45,45,47,68,66,66,61,76,70,70,70,70,53,25,49,24,24,10,7,43,26,26,51,0],"items_purged":["Normality","Night Terror"],"gold":41,"score":281,"play_id":"d11bebec-bc65-4e8c-bb78-4314a345db56","local_time":"20180414011240","is_prod":false,"is_daily":false,"chose_seed":false,"is_ascension_mode":false,"campfire_upgraded":1,"timestamp":1523664760,"path_taken":["M","?","?","M","M","E","R","E","T","R","?","M","R","M","R","BOSS","M","?","?","$","M","E","R","M","T","M","M","?","M","$","R","BOSS"],"build_version":"2018-04-12","seed_source_timestamp":746524520453,"purchased_purges":2,"victory":false,"master_deck":["Defend_G+1","Defend_G","Defend_G","Defend_G","Defend_G","Strike_G","Strike_G","Strike_G","Strike_G","Survivor","Neutralize+1","Noxious Fumes+1","Deflect","Backflip","After Image+1","Caltrops","Poisoned Stab","Dash","Backstab","Well Laid Plans","Deadly Poison+1"],"max_hp_per_floor":[70,70,70,70,70,70,70,70,70,70,70,72,72,74,74,76,76,78,78,78,78,78,80,80,80,80,82,82,84,84,84,84,84],"relics":["Ring of the Snake","Bronze Scales","Singing Bowl","Letter Opener","Lizard Tail","Blood Vial","Vajra","Centennial Puzzle","Bag of Preparation","Juzu Bracelet"],"card_choices":[{"not_picked":["Outmaneuver","Quick Slash"],"picked":"Noxious Fumes","floor":1},{"not_picked":["Riddle With Holes","Flying Knee"],"picked":"Deflect","floor":3},{"not_picked":["Distraction","Skewer"],"picked":"Backflip","floor":4},{"not_picked":["Quick Slash","Sucker Punch"],"picked":"After Image","floor":5},{"not_picked":["Riddle With Holes","Leg Sweep"],"picked":"Caltrops","floor":6},{"not_picked":["Backstab","Flying Knee"],"picked":"Poisoned Stab","floor":8},{"not_picked":["PiercingWail","Slice"],"picked":"Backstab","floor":22},{"not_picked":["Backflip","Poisoned Stab"],"picked":"Night Terror","floor":25},{"not_picked":["Leg Sweep","Caltrops"],"picked":"Well Laid Plans","floor":28},{"not_picked":["Acrobatics","Choke"],"picked":"Deadly Poison","floor":30}],"player_experience":51542,"potions_floor_usage":[6,6,8,16,23,23,27,33],"damage_taken":[{"damage":26,"enemies":"Jaw Worm","floor":1,"turns":9},{"damage":2,"enemies":"Small Slimes","floor":3,"turns":5},{"damage":0,"enemies":"2 Louse","floor":4,"turns":3},{"damage":14,"enemies":"Gremlin Gang","floor":5,"turns":6},{"damage":1,"enemies":"3 Sentries","floor":6,"turns":8},{"damage":10,"enemies":"Gremlin Nob","floor":8,"turns":6},{"damage":0,"enemies":"Large Slime","floor":12,"turns":6},{"damage":4,"enemies":"Looter","floor":14,"turns":4},{"damage":7,"enemies":"The Guardian","floor":16,"turns":9},{"damage":8,"enemies":"Spheric Guardian","floor":18,"turns":6},{"damage":19,"enemies":"Chosen","floor":22,"turns":5},{"damage":47,"enemies":"Gremlin Leader","floor":23,"turns":6},{"damage":27,"enemies":"Sentry and Sphere","floor":25,"turns":7},{"damage":18,"enemies":"Snake Plant","floor":27,"turns":6},{"damage":5,"enemies":"Centurion and Healer","floor":28,"turns":10},{"damage":11,"enemies":"Chosen and Byrds","floor":29,"turns":7},{"damage":19,"enemies":"Snake Plant","floor":30,"turns":4},{"damage":69,"enemies":"Collector","floor":33,"turns":9}],"event_choices":[{"event_name":"Shining Light","player_choice":"Entered Light","floor":2,"damage_taken":0},{"event_name":"Living Wall","player_choice":"Grow","floor":11,"damage_taken":0},{"event_name":"Accursed Blacksmith","player_choice":"Rummage","floor":19,"damage_taken":0},{"event_name":"Transmorgrifier","player_choice":"Transform","floor":20,"damage_taken":0}],"boss_relics":[{"not_picked":["Snecko Eye","Runic Dome"],"picked":"Lizard Tail"}],"potions_floor_spawned":[4,5,6,14,18,22,25,27],"seed_played":"5846847917978246493","killed_by":"Collector","ascension_level":0,"is_trial":false}