{"path_per_floor":["M","M","M","M","M","R","E","R","T","R","?","E","?","M","R","B",null,"M","?","$","M","?","R","E","R","T","M","E","M","R","?","R","B",null,"M","$","?","M","M"],"character_chosen":"THE_SILENT","items_purchased":["Tough Bandages","Sucker Punch"],"gold_per_floor":[14,25,45,56,74,74,108,108,131,131,131,169,169,190,190,320,320,336,336,15,33,33,33,65,65,88,100,126,140,140,140,140,242,242,255,129,129,145,164,164],"floor_reached":40,"campfire_rested":1,"playtime":2179,"current_hp_per_floor":[72,70,70,70,66,66,58,58,58,58,58,53,53,53,76,66,75,73,73,73,73,73,73,61,61,66,61,68,61,61,41,41,8,33,35,35,30,35,40,0],"items_purged":["Strike_G","Defend_G"],"gold":164,"score":625,"play_id":"c782e66b-9756-4309-965b-d1b47856f7f0","local_time":"20180404175340","is_prod":false,"is_daily":false,"is_ascension_mode":true,"campfire_upgraded":7,"timestamp":1522857220,"path_taken":["M","M","?","M","?","R","E","R","T","R","?","E","?","M","R","BOSS","M","?","$","M","?","R","E","R","T","M","E","M","R","?","R","BOSS","M","$","?","M","M","E"],"build_version":"2018-03-29v2","purchased_purges":2,"victory":false,"master_deck":["Defend_G","Defend_G","Defend_G","Strike_G","Strike_G","Survivor+1","Neutralize+1","Dagger Spray","Leg Sweep+1","Slice","Die Die Die","Sucker Punch+1","Cloak And Dagger+1","Slice+1","Adrenaline+1","Wraith Form+1","Heel Hook+1","PiercingWail+1","Choke+1","Terror+1","Backflip+1","PiercingWail+1","Dagger Throw+1","Ghostly","Ghostly","Ghostly","Ghostly","Ghostly","Storm of Steel","Sucker Punch+1","Madness","Madness"],"max_hp_per_floor":[84,84,84,84,84,84,84,84,84,84,78,78,78,78,78,78,78,78,78,78,78,78,78,80,80,80,80,82,82,82,41,41,41,41,43,43,43,45,47,47],"relics":["Ring of the Snake","Snake Skull","Vajra","Bloody Idol","Molten Egg 2","Astrolabe","Tough Bandages","Singing Bowl","Juzu Bracelet","Bag of Marbles","Black Star"],"card_choices":[{"not_picked":["Riddle With Holes","Outmaneuver"],"picked":"Dagger Spray","floor":1},{"not_picked":["Riddle With Holes","Slice"],"picked":"Leg Sweep","floor":2},{"not_picked":["Dagger Throw","All Out Attack"],"picked":"Slice","floor":3},{"not_picked":["Footwork","Distraction"],"picked":"Die Die Die","floor":4},{"not_picked":["Dodge and Roll","Outmaneuver"],"picked":"Sucker Punch","floor":5},{"not_picked":["Reflex","Calculated Gamble"],"picked":"Cloak And Dagger","floor":7},{"not_picked":["Flechettes","Flying Knee"],"picked":"Slice","floor":14},{"not_picked":["Grand Finale","Wraith Form"],"picked":"Adrenaline","floor":16},{"not_picked":["Flying Knee","Crippling Poison"],"picked":"Choke","floor":18},{"not_picked":["Terror","Dagger Throw"],"picked":"Backflip","floor":21},{"not_picked":["All Out Attack","Sucker Punch"],"picked":"PiercingWail","floor":27},{"not_picked":["Backflip","Deadly Poison"],"picked":"Dagger Throw","floor":29},{"not_picked":["Die Die Die","Night Terror"],"picked":"Storm of Steel","floor":33}],"player_experience":224814,"potions_floor_usage":[7,12,16,28,28,40,40,40],"damage_taken":[{"damage":5,"enemies":"Cultist","floor":1,"turns":5},{"damage":2,"enemies":"2 Louse","floor":2,"turns":3},{"damage":0,"enemies":"Jaw Worm","floor":3,"turns":4},{"damage":0,"enemies":"2 Fungi Beasts","floor":4,"turns":4},{"damage":4,"enemies":"Large Slime","floor":5,"turns":8},{"damage":17,"enemies":"Gremlin Nob","floor":7,"turns":4},{"damage":5,"enemies":"Lagavulin","floor":12,"turns":5},{"damage":0,"enemies":"3 Louse","floor":14,"turns":2},{"damage":10,"enemies":"The Guardian","floor":16,"turns":12},{"damage":2,"enemies":"Shell Parasite","floor":18,"turns":6},{"damage":0,"enemies":"Spheric Guardian","floor":21,"turns":3},{"damage":19,"enemies":"Book of Stabbing","floor":24,"turns":5},{"damage":10,"enemies":"Snake Plant","floor":27,"turns":5},{"damage":0,"enemies":"Gremlin Leader","floor":28,"turns":5},{"damage":12,"enemies":"Cultist and Chosen","floor":29,"turns":6},{"damage":38,"enemies":"Collector","floor":33,"turns":12},{"damage":5,"enemies":"3 Darklings","floor":35,"turns":6},{"damage":2,"enemies":"3 Shapes","floor":38,"turns":6},{"damage":2,"enemies":"Sphere and 2 Shapes","floor":39,"turns":9},{"damage":55,"enemies":"Giant Head","floor":40,"turns":7}],"event_choices":[{"event_name":"Golden Idol","player_choice":"Lose Max HP","floor":11,"damage_taken":0},{"event_name":"Scrap Ooze","player_choice":"unsuccessful","floor":13,"damage_taken":0},{"event_name":"The Library","player_choice":"Read","floor":19,"damage_taken":0},{"event_name":"Forgotten Altar","player_choice":"Gave Idol","floor":22,"damage_taken":0},{"event_name":"Ghosts","player_choice":"Became a Ghost","floor":31,"damage_taken":0},{"event_name":"Winding Halls","player_choice":"Embrace Madness","floor":37,"damage_taken":0}],"boss_relics":[{"not_picked":["White Beast Statue","Lizard Tail"],"picked":"Astrolabe"},{"not_picked":["Snecko Eye","Velvet Choker"],"picked":"Black Star"}],"potions_floor_spawned":[1,3,4,5,14,18,24,33,35,39],"seed_played":"-5823018150961131194","killed_by":"Giant Head","ascension_level":6,"is_trial":false}