{"gold_per_floor":[113,93,113,113,132,167,167,183,183,209,226,241,209,225,225,299,299,318,318,318,318,318,318],"floor_reached":23,"playtime":974,"items_purged":[],"score":342,"play_id":"9993d1d3-ce3f-4026-8e30-5c7d87c679a0","local_time":"20180703202616","is_ascension_mode":true,"campfire_choices":[{"floor":7,"key":"REST"},{"floor":15,"key":"REST"}],"neow_cost":"NONE","seed_source_timestamp":894161878865143,"circlet_count":0,"master_deck":["Defend_G","Defend_G","Defend_G","Strike_G","Strike_G","Strike_G","Strike_G","Strike_G","Survivor","Neutralize","AscendersBane","Sucker Punch","Quick Slash","Quick Slash","Cloak And Dagger","Dagger Spray+1","Sucker Punch+1","Dagger Spray+1","Deflect","After Image+1","Noxious Fumes+1"],"relics":["Ring of the Snake","Mercury Hourglass","Bag of Marbles","Molten Egg 2","Frozen Egg 2","Busted Crown","Toolbox"],"potions_floor_usage":[10,16,16],"damage_taken":[{"damage":0,"enemies":"2 Louse","floor":1,"turns":4},{"damage":0,"enemies":"Cultist","floor":3,"turns":3},{"damage":1,"enemies":"Jaw Worm","floor":5,"turns":3},{"damage":27,"enemies":"Gremlin Nob","floor":6,"turns":5},{"damage":0,"enemies":"Exordium Thugs","floor":8,"turns":3},{"damage":32,"enemies":"Lagavulin","floor":10,"turns":7},{"damage":4,"enemies":"Blue Slaver","floor":11,"turns":3},{"damage":0,"enemies":"Exordium Wildlife","floor":12,"turns":2},{"damage":0,"enemies":"Looter","floor":14,"turns":1},{"damage":29,"enemies":"Hexaghost","floor":16,"turns":11},{"damage":0,"enemies":"3 Byrds","floor":18,"turns":3},{"damage":65,"enemies":"Gremlin Leader","floor":23,"turns":6}],"seed_played":"-3899746944894886055","potions_obtained":[{"floor":2,"key":"Regen Potion"},{"floor":3,"key":"LiquidBronze"},{"floor":6,"key":"Dexterity Potion"},{"floor":14,"key":"PowerPotion"}],"is_trial":false,"path_per_floor":["M","?","M","T","M","E","R","M","T","E","M","M","?","M","R","B",null,"M","?","?","?","?"],"character_chosen":"THE_SILENT","items_purchased":[],"campfire_rested":2,"item_purchase_floors":[],"current_hp_per_floor":[59,59,59,59,58,31,50,50,50,33,29,29,29,29,48,19,54,54,54,54,54,54,0],"gold":318,"neow_bonus":"REMOVE_CARD","is_prod":false,"is_daily":false,"chose_seed":false,"campfire_upgraded":0,"win_rate":0,"timestamp":1530674776,"path_taken":["M","?","M","?","M","E","R","M","T","E","?","M","?","M","R","BOSS","M","?","?","?","?","E"],"build_version":"2018-06-28","purchased_purges":0,"victory":false,"max_hp_per_floor":[66,66,66,66,66,66,66,66,66,66,66,66,66,66,66,66,66,66,66,66,66,66,66],"card_choices":[{"not_picked":["Deadly Poison","Eviscerate","Setup"],"picked":"SKIP","floor":1},{"not_picked":["Catalyst","PiercingWail"],"picked":"Sucker Punch","floor":3},{"not_picked":["Reflex","Flechettes"],"picked":"Quick Slash","floor":5},{"not_picked":["Underhanded Strike","Leg Sweep"],"picked":"Quick Slash","floor":6},{"not_picked":["Acrobatics","Dodge and Roll"],"picked":"Cloak And Dagger","floor":8},{"not_picked":["Backflip","Caltrops"],"picked":"Dagger Spray+1","floor":10},{"not_picked":["Well Laid Plans+1","Deadly Poison"],"picked":"Sucker Punch+1","floor":11},{"not_picked":["Concentrate","Underhanded Strike+1"],"picked":"Dagger Spray+1","floor":12},{"not_picked":["Acrobatics","Phantasmal Killer"],"picked":"Deflect","floor":14},{"not_picked":["Unload+1","Phantasmal Killer"],"picked":"After Image+1","floor":16},{"not_picked":["Expertise"],"picked":"SKIP","floor":18}],"player_experience":349804,"relics_obtained":[{"floor":4,"key":"Mercury Hourglass"},{"floor":6,"key":"Bag of Marbles"},{"floor":9,"key":"Molten Egg 2"},{"floor":10,"key":"Frozen Egg 2"}],"event_choices":[{"event_name":"The Woman in Blue","player_choice":"Bought 1 Potion","floor":2,"damage_taken":0},{"event_name":"World of Goop","player_choice":"Left","floor":13,"damage_taken":0},{"event_name":"The Library","player_choice":"Read","floor":19,"damage_taken":0},{"event_name":"The Mausoleum","player_choice":"Yes","floor":20,"damage_taken":0},{"event_name":"Ghosts","player_choice":"Ignored","floor":21,"damage_taken":0},{"event_name":"Bonfire Elementals","player_choice":"BASIC","floor":22,"damage_taken":0}],"boss_relics":[{"not_picked":["Pandora\u0027s Box","Philosopher\u0027s Stone"],"picked":"Busted Crown"}],"items_purged_floors":[],"is_endless":false,"potions_floor_spawned":[3,6,8,14],"killed_by":"Gremlin Leader","ascension_level":14}