{"gold_per_floor":[119,119,133,44,44,44,60,60,60,94,94,137,137,162,162,258,258,274,274,75,89,89,89,130,130,130,130,155,179,179,223,223,223],"floor_reached":33,"playtime":2380,"items_purged":["Strike_B"],"score":567,"play_id":"98d58e21-8ea3-4bc8-8278-ffff677c8bad","local_time":"20180926184346","is_ascension_mode":true,"campfire_choices":[{"data":"Zap","floor":6,"key":"SMITH"},{"data":"Dualcast","floor":8,"key":"SMITH"},{"floor":13,"key":"REST"},{"data":"Buffer","floor":15,"key":"SMITH"},{"data":"Sunder","floor":23,"key":"SMITH"},{"floor":25,"key":"REST"},{"floor":27,"key":"REST"},{"floor":30,"key":"REST"},{"floor":32,"key":"REST"}],"neow_cost":"NONE","seed_source_timestamp":970163962676368,"circlet_count":0,"master_deck":["Strike_B","Strike_B","Strike_B","Defend_B","Defend_B","Defend_B","Defend_B","Zap+1","Dualcast+1","AscendersBane","Ball Lightning","Conserve Battery","Static Discharge+1","Lockon","Buffer+1","Chill","Melter","Echo Form","Defragment","Sunder+1","Ball Lightning","Leap","Steam"],"relics":["Cracked Core","Omamori","Golden Idol","Letter Opener","PreservedInsect","Juzu Bracelet","Cursed Key","Regal Pillow","Ice Cream","Peace Pipe"],"potions_floor_usage":[16,16,18,24,28,29],"damage_taken":[{"damage":2,"enemies":"Jaw Worm","floor":1,"turns":3},{"damage":2,"enemies":"2 Louse","floor":3,"turns":2},{"damage":1,"enemies":"Cultist","floor":7,"turns":3},{"damage":18,"enemies":"Lagavulin","floor":10,"turns":4},{"damage":11,"enemies":"Gremlin Nob","floor":12,"turns":3},{"damage":0,"enemies":"Large Slime","floor":14,"turns":5},{"damage":7,"enemies":"The Guardian","floor":16,"turns":7},{"damage":16,"enemies":"2 Thieves","floor":18,"turns":3},{"damage":6,"enemies":"Shell Parasite","floor":21,"turns":4},{"damage":44,"enemies":"Gremlin Leader","floor":24,"turns":3},{"damage":32,"enemies":"Shelled Parasite and Fungi","floor":28,"turns":3},{"damage":29,"enemies":"Chosen and Byrds","floor":29,"turns":6},{"damage":45,"enemies":"Book of Stabbing","floor":31,"turns":3},{"damage":49,"enemies":"Collector","floor":33,"turns":6}],"seed_played":"-8965868292996750800","potions_obtained":[{"floor":12,"key":"LiquidBronze"},{"floor":14,"key":"Poison Potion"},{"floor":16,"key":"SkillPotion"},{"floor":21,"key":"Ancient Potion"},{"floor":24,"key":"FearPotion"},{"floor":28,"key":"Weak Potion"}],"is_trial":false,"path_per_floor":["M","?","M","$","?","R","M","R","T","E","?","E","R","M","R","B",null,"M","?","$","M","?","R","E","R","T","R","M","M","R","E","R"],"character_chosen":"DEFECT","items_purchased":["Static Discharge","Defragment","Sunder"],"campfire_rested":5,"item_purchase_floors":[4,20,20],"current_hp_per_floor":[62,62,60,60,60,60,59,59,59,41,41,30,51,51,51,44,64,48,48,48,42,56,56,12,48,48,71,39,10,46,1,37,0],"gold":223,"neow_bonus":"RANDOM_COMMON_RELIC","is_prod":false,"is_daily":false,"chose_seed":false,"campfire_upgraded":4,"win_rate":0,"timestamp":1537980226,"path_taken":["M","?","?","$","?","R","?","R","T","E","?","E","R","M","R","BOSS","M","?","$","M","?","R","E","R","T","R","M","M","R","E","R","BOSS"],"build_version":"2018-09-20","purchased_purges":1,"victory":false,"max_hp_per_floor":[71,71,71,71,71,71,71,71,71,71,71,71,71,71,71,71,71,71,71,71,71,71,71,71,71,71,71,71,71,71,71,71,71],"card_choices":[{"not_picked":["Barrage","Go for the Eyes"],"picked":"Ball Lightning","floor":1},{"not_picked":["Streamline","Chaos"],"picked":"Conserve Battery","floor":3},{"not_picked":["Rebound","All For One"],"picked":"Lockon","floor":7},{"not_picked":["Go for the Eyes","Aggregate"],"picked":"Buffer","floor":10},{"not_picked":["Stack","Hyperbeam"],"picked":"Chill","floor":12},{"not_picked":["Rip and Tear","Coolheaded"],"picked":"Melter","floor":14},{"not_picked":["Biased Cognition","Core Surge"],"picked":"Echo Form","floor":16},{"not_picked":["Coolheaded","Turbo","Sweeping Beam"],"picked":"SKIP","floor":18},{"not_picked":["Gash","Rainbow"],"picked":"Ball Lightning","floor":21},{"not_picked":["Cold Snap","Heatsinks","Go for the Eyes"],"picked":"SKIP","floor":24},{"not_picked":["Beam Cell","Aggregate","Compile Driver"],"picked":"SKIP","floor":28},{"not_picked":["Barrage","Go for the Eyes"],"picked":"Leap","floor":29},{"not_picked":["Turbo","Skim"],"picked":"Steam","floor":31}],"player_experience":712288,"relics_obtained":[{"floor":9,"key":"Letter Opener"},{"floor":10,"key":"PreservedInsect"},{"floor":12,"key":"Juzu Bracelet"},{"floor":24,"key":"Regal Pillow"},{"floor":26,"key":"Ice Cream"},{"floor":31,"key":"Peace Pipe"}],"event_choices":[{"event_name":"Golden Idol","player_choice":"Take Wound","floor":2,"damage_taken":0},{"event_name":"Living Wall","player_choice":"Grow","floor":5,"damage_taken":0},{"event_name":"Dead Adventurer","player_choice":"Searched \u00270\u0027 times","floor":11,"damage_taken":0},{"event_name":"Ghosts","player_choice":"Ignored","floor":19,"damage_taken":0},{"event_name":"The Library","player_choice":"Heal","floor":22,"damage_taken":0}],"is_beta":false,"boss_relics":[{"not_picked":["Fusion Hammer","White Beast Statue"],"picked":"Cursed Key"}],"items_purged_floors":[20],"is_endless":false,"potions_floor_spawned":[12,14,16,21,24,28],"killed_by":"Collector","ascension_level":19}