{"gold_per_floor":[360,50,50,61,78,78,43,54,123,123,133,133,147,163,163,239,239,251,5,105,105,117,117,127,127,150,167,183,183],"floor_reached":29,"playtime":1184,"items_purged":["Strike_B"],"score":361,"play_id":"bc4691bd-f52f-4097-a463-cf54acca7ea5","local_time":"20180922010733","is_ascension_mode":true,"campfire_choices":[{"floor":6,"key":"REST"},{"data":"Dualcast","floor":10,"key":"SMITH"},{"data":"BootSequence","floor":12,"key":"SMITH"},{"data":"Ball Lightning","floor":15,"key":"SMITH"},{"floor":23,"key":"REST"},{"floor":25,"key":"REST"}],"neow_cost":"PERCENT_DAMAGE","seed_source_timestamp":562380732204142,"circlet_count":0,"master_deck":["Strike_B","Strike_B","Strike_B","Defend_B","Defend_B","Defend_B","Defend_B","Zap+1","Dualcast+1","AscendersBane","Ball Lightning+1","Ball Lightning","BootSequence+1","FTL","Echo Form","Conserve Battery","Static Discharge","Ball Lightning","Conserve Battery","Conserve Battery+1","J.A.X.+1","Steam+1","Steam+1"],"relics":["Cracked Core","Vajra","Bronze Scales","Matryoshka","Busted Crown","Nunchaku","Toxic Egg 2","Oddly Smooth Stone","Potion Belt"],"potions_floor_usage":[13,16,20,20,24,28],"damage_taken":[{"damage":6,"enemies":"Cultist","floor":1,"turns":4},{"damage":7,"enemies":"Jaw Worm","floor":4,"turns":3},{"damage":0,"enemies":"2 Louse","floor":5,"turns":2},{"damage":7,"enemies":"Exordium Wildlife","floor":8,"turns":2},{"damage":2,"enemies":"Gremlin Gang","floor":11,"turns":3},{"damage":0,"enemies":"Lots of Slimes","floor":13,"turns":3},{"damage":3,"enemies":"Blue Slaver","floor":14,"turns":3},{"damage":28,"enemies":"Hexaghost","floor":16,"turns":7},{"damage":0,"enemies":"Chosen","floor":18,"turns":3},{"damage":12,"enemies":"Colosseum Slavers","floor":20,"turns":3},{"damage":28,"enemies":"Colosseum Nobs","floor":20,"turns":4},{"damage":4,"enemies":"Spheric Guardian","floor":22,"turns":3},{"damage":11,"enemies":"Centurion and Healer","floor":24,"turns":5},{"damage":15,"enemies":"3 Cultists","floor":27,"turns":5},{"damage":26,"enemies":"Cultist and Chosen","floor":28,"turns":6},{"damage":16,"enemies":"Centurion and Healer","floor":29,"turns":7}],"seed_played":"3945438327568924263","potions_obtained":[{"floor":5,"key":"Block Potion"},{"floor":11,"key":"AttackPotion"},{"floor":16,"key":"GamblersBrew"},{"floor":18,"key":"Explosive Potion"},{"floor":22,"key":"Poison Potion"},{"floor":27,"key":"Poison Potion"}],"is_trial":false,"path_per_floor":["M","$","?","M","M","R","?","M","T","R","M","R","M","M","R","B",null,"M","$","?","?","M","R","M","R","T","M","M"],"character_chosen":"DEFECT","items_purchased":["Vajra","Bronze Scales","Static Discharge","Ball Lightning","Conserve Battery"],"campfire_rested":3,"item_purchase_floors":[2,2,19,19,19],"current_hp_per_floor":[44,44,44,37,37,59,75,68,68,68,66,66,66,63,63,35,65,65,65,25,25,21,43,32,54,54,39,13,0],"gold":183,"neow_bonus":"TWO_FIFTY_GOLD","is_prod":false,"is_daily":false,"chose_seed":false,"campfire_upgraded":3,"win_rate":0,"timestamp":1537571253,"path_taken":["M","$","?","M","M","R","?","M","T","R","M","R","M","?","R","BOSS","M","?","?","?","?","R","?","R","T","M","M","M"],"build_version":"2018-09-20","purchased_purges":1,"victory":false,"max_hp_per_floor":[75,75,75,75,75,75,75,75,75,75,75,75,75,75,75,75,75,75,75,75,75,75,75,75,75,75,75,75,75],"card_choices":[{"not_picked":["BootSequence","Sweeping Beam"],"picked":"Ball Lightning","floor":1},{"not_picked":["Double Energy","Coolheaded"],"picked":"Ball Lightning","floor":4},{"not_picked":["Rebound","Fusion","Coolheaded"],"picked":"SKIP","floor":5},{"not_picked":["Darkness","Fission"],"picked":"BootSequence","floor":8},{"not_picked":["Scrape","Compile Driver","Go for the Eyes"],"picked":"SKIP","floor":11},{"not_picked":["Go for the Eyes","Beam Cell","Scrape"],"picked":"SKIP","floor":13},{"not_picked":["Darkness","Ball Lightning"],"picked":"FTL","floor":14},{"not_picked":["Meteor Strike","Fission"],"picked":"Echo Form","floor":16},{"not_picked":[],"picked":"Conserve Battery","floor":18},{"not_picked":[],"picked":"Conserve Battery","floor":20},{"not_picked":["Barrage"],"picked":"SKIP","floor":22},{"not_picked":[],"picked":"Steam+1","floor":24},{"not_picked":[],"picked":"Steam+1","floor":27},{"not_picked":["Coolheaded+1"],"picked":"SKIP","floor":28}],"player_experience":502762,"relics_obtained":[{"floor":9,"key":"Matryoshka"},{"floor":20,"key":"Nunchaku"},{"floor":20,"key":"Toxic Egg 2"},{"floor":26,"key":"Oddly Smooth Stone"},{"floor":26,"key":"Potion Belt"}],"event_choices":[{"event_name":"Living Wall","player_choice":"Grow","floor":3,"damage_taken":0},{"event_name":"The Cleric","player_choice":"Healed","floor":7,"damage_taken":0},{"event_name":"Colosseum","player_choice":"Fight","floor":20,"damage_taken":0},{"event_name":"Colosseum","player_choice":"Fought Nobs","floor":20,"damage_taken":0},{"event_name":"Drug Dealer","player_choice":"Got JAX","floor":21,"damage_taken":0}],"is_beta":false,"boss_relics":[{"not_picked":["Calling Bell","Tiny House"],"picked":"Busted Crown"}],"items_purged_floors":[19],"is_endless":false,"potions_floor_spawned":[5,11,16,18,20,22,27],"killed_by":"Centurion and Healer","ascension_level":13}