{"path_per_floor":["M","M","?","?","?","E","M","R","T","E","$","M","?","$","R","B",null,"M","?","M","$","M","R","?","R","T","M","$","E","M"],"character_chosen":"THE_SILENT","items_purchased":["Unload","Glass Knife"],"gold_per_floor":[111,122,122,122,122,152,167,167,247,278,228,246,273,79,79,180,210,228,228,246,54,71,71,71,71,120,137,87,120,133,133],"floor_reached":31,"campfire_rested":0,"playtime":1506,"current_hp_per_floor":[68,68,68,68,61,48,48,48,48,44,44,43,36,36,36,36,75,74,74,63,63,29,29,54,54,54,50,50,26,6,0],"items_purged":["Strike_G","Strike_G","Strike_G","Strike_G"],"gold":133,"score":360,"play_id":"822d1772-6910-4717-b23e-0d6529947a5d","local_time":"20180512210233","is_prod":false,"is_daily":false,"chose_seed":false,"is_ascension_mode":true,"campfire_upgraded":4,"timestamp":1526151753,"path_taken":["M","M","?","?","?","E","M","R","T","E","?","?","?","$","R","BOSS","M","?","M","$","?","R","?","R","T","M","$","E","M","M"],"build_version":"2018-05-11","seed_source_timestamp":0,"purchased_purges":5,"victory":false,"master_deck":["Defend_G","Defend_G","Defend_G","Defend_G","Defend_G","Survivor","Neutralize+1","Sucker Punch","Terror","Well Laid Plans","Footwork+1","Backstab","Masterful Stab","Flying Knee+1","Unload","After Image+1","Noxious Fumes","Reflex","Dagger Spray+1","Glass Knife+1","PiercingWail+1","Dash","Underhanded Strike","Infinite Blades+1"],"max_hp_per_floor":[70,70,70,70,70,70,70,70,70,70,70,70,70,70,70,70,75,75,75,75,75,75,75,75,75,75,75,75,75,75,75],"relics":["Ring of the Snake","Omamori","Tiny Chest","Smiling Mask","Odd Mushroom","Tiny House","Du-Vu Doll","Blood Vial","Girya"],"card_choices":[{"not_picked":["Choke","Quick Slash"],"picked":"Sucker Punch","floor":1},{"not_picked":["Poisoned Stab","Quick Slash"],"picked":"Terror","floor":2},{"not_picked":["Backflip","Poisoned Stab"],"picked":"Footwork","floor":6},{"not_picked":["Dodge and Roll","Quick Slash"],"picked":"Backstab","floor":7},{"not_picked":["Endless Agony","Flechettes"],"picked":"Masterful Stab","floor":10},{"not_picked":["Slice","Masterful Stab","Sucker Punch"],"picked":"SKIP","floor":12},{"not_picked":["Quick Slash","Prepared"],"picked":"Flying Knee","floor":13},{"not_picked":["Wraith Form v2","Night Terror"],"picked":"After Image","floor":16},{"not_picked":["Deflect","Acrobatics"],"picked":"Noxious Fumes","floor":17},{"not_picked":["Outmaneuver","Bouncing Flask+1"],"picked":"Reflex","floor":18},{"not_picked":["Acrobatics","Masterful Stab"],"picked":"Dagger Spray+1","floor":20},{"not_picked":["Slice","Choke+1"],"picked":"PiercingWail+1","floor":22},{"not_picked":["Sucker Punch","Accuracy"],"picked":"Dash","floor":27},{"not_picked":["Terror","PiercingWail"],"picked":"Underhanded Strike","floor":29},{"not_picked":["Expertise","Slice"],"picked":"Infinite Blades+1","floor":30}],"player_experience":70196,"potions_floor_usage":[13,16,20,29,30,31,31],"damage_taken":[{"damage":2,"enemies":"Jaw Worm","floor":1,"turns":4},{"damage":0,"enemies":"Cultist","floor":2,"turns":4},{"damage":13,"enemies":"3 Sentries","floor":6,"turns":14},{"damage":0,"enemies":"Small Slimes","floor":7,"turns":3},{"damage":4,"enemies":"Lagavulin","floor":10,"turns":11},{"damage":1,"enemies":"Looter","floor":12,"turns":4},{"damage":7,"enemies":"The Mushroom Lair","floor":13,"turns":7},{"damage":0,"enemies":"The Guardian","floor":16,"turns":9},{"damage":1,"enemies":"Shell Parasite","floor":18,"turns":7},{"damage":11,"enemies":"Chosen","floor":20,"turns":5},{"damage":34,"enemies":"3 Cultists","floor":22,"turns":6},{"damage":6,"enemies":"Centurion and Healer","floor":27,"turns":6},{"damage":26,"enemies":"Slavers","floor":29,"turns":6},{"damage":22,"enemies":"Chosen and Byrds","floor":30,"turns":8},{"damage":13,"enemies":"Slaver and Parasite","floor":31,"turns":1}],"event_choices":[{"event_name":"Bonfire Elementals","player_choice":"BASIC","floor":3,"damage_taken":0},{"event_name":"Match and Keep!","player_choice":"1 cards matched","floor":4,"damage_taken":0},{"event_name":"Wheel of Change","player_choice":"Damage","floor":5,"damage_taken":0},{"event_name":"Mushrooms","player_choice":"Fought Mushrooms","floor":13,"damage_taken":0},{"event_name":"The Mausoleum","player_choice":"Yes","floor":19,"damage_taken":0},{"event_name":"The Library","player_choice":"Heal","floor":24,"damage_taken":0}],"boss_relics":[{"not_picked":["Philosopher\u0027s Stone","Eternal Feather"],"picked":"Tiny House"}],"potions_floor_spawned":[1,7,12,13,22,27,29],"seed_played":"-8201757875233025538","killed_by":"Slaver and Parasite","ascension_level":3,"is_trial":false}