{"gold_per_floor":[112,125,125,138,155,155,186,205,205,205,205,220,220,235,235,340,340,350,367,379,379,4,4,16,16,16,16,26,37,37],"floor_reached":30,"playtime":1869,"items_purged":[],"score":354,"play_id":"14f26715-db60-4fa3-ba75-fb3a616873ad","local_time":"20180918044415","is_ascension_mode":true,"campfire_choices":[{"floor":6,"key":"REST"},{"floor":11,"key":"REST"},{"floor":13,"key":"REST"},{"floor":15,"key":"REST"},{"floor":23,"key":"REST"},{"floor":25,"key":"REST"},{"data":"Creative AI","floor":27,"key":"SMITH"}],"neow_cost":"NONE","seed_source_timestamp":229093718749012,"circlet_count":0,"master_deck":["Strike_B","Strike_B","Strike_B","Strike_B","Defend_B","Defend_B","Defend_B","Defend_B","Zap+1","Dualcast","AscendersBane","Auto Shields","White Noise","Doom and Gloom","Reinforced Body","Hologram","Creative AI+1","Force Field","Loop","Decay","Self Repair","Redo+1"],"relics":["Cracked Core","Happy Flower","Art of War","Cursed Key","Enchiridion","Bird Faced Urn","Question Card"],"potions_floor_usage":[7,8,18,18,20,20],"damage_taken":[{"damage":2,"enemies":"Jaw Worm","floor":1,"turns":3},{"damage":2,"enemies":"2 Louse","floor":2,"turns":3},{"damage":0,"enemies":"Cultist","floor":4,"turns":4},{"damage":13,"enemies":"Red Slaver","floor":5,"turns":4},{"damage":32,"enemies":"Gremlin Nob","floor":7,"turns":4},{"damage":17,"enemies":"Gremlin Gang","floor":8,"turns":5},{"damage":0,"enemies":"Large Slime","floor":12,"turns":4},{"damage":3,"enemies":"Blue Slaver","floor":14,"turns":3},{"damage":27,"enemies":"Slime Boss","floor":16,"turns":7},{"damage":1,"enemies":"3 Byrds","floor":18,"turns":4},{"damage":9,"enemies":"Shell Parasite","floor":19,"turns":7},{"damage":0,"enemies":"Centurion and Healer","floor":20,"turns":5},{"damage":22,"enemies":"3 Cultists","floor":24,"turns":5},{"damage":34,"enemies":"Chosen and Byrds","floor":28,"turns":6},{"damage":63,"enemies":"Cultist and Chosen","floor":29,"turns":8},{"damage":38,"enemies":"Snake Plant","floor":30,"turns":3}],"seed_played":"7928309320989474176","potions_obtained":[{"floor":2,"key":"FearPotion"},{"floor":4,"key":"Dexterity Potion"},{"floor":14,"key":"SpeedPotion"},{"floor":16,"key":"Explosive Potion"},{"floor":18,"key":"SpeedPotion"},{"floor":19,"key":"SpeedPotion"}],"is_trial":false,"path_per_floor":["M","M","?","M","M","R","E","M","T","?","R","M","R","M","R","B",null,"M","M","M","?","$","R","M","R","T","R","M","M"],"character_chosen":"DEFECT","items_purchased":["Bird Faced Urn","Loop"],"campfire_rested":6,"item_purchase_floors":[22,22],"current_hp_per_floor":[66,64,64,64,51,73,41,24,24,6,28,28,50,47,69,42,67,73,64,64,48,48,70,58,75,75,75,56,24,0],"gold":37,"neow_bonus":"UPGRADE_CARD","is_prod":false,"is_daily":false,"chose_seed":false,"campfire_upgraded":1,"win_rate":0,"timestamp":1537238655,"path_taken":["M","M","?","?","?","R","E","M","T","?","R","M","R","M","R","BOSS","M","?","M","?","$","R","M","R","T","R","?","M","M"],"build_version":"2018-09-06","purchased_purges":0,"victory":false,"max_hp_per_floor":[75,75,75,75,75,75,75,75,75,75,75,75,75,75,75,75,75,75,75,75,75,75,75,75,75,75,75,75,75,75],"card_choices":[{"not_picked":["Coolheaded","Turbo"],"picked":"Auto Shields","floor":1},{"not_picked":["Gash","Sweeping Beam"],"picked":"White Noise","floor":2},{"not_picked":["Beam Cell","Heatsinks","Tempest"],"picked":"SKIP","floor":4},{"not_picked":["Cold Snap","Aggregate"],"picked":"Doom and Gloom","floor":5},{"not_picked":["Rebound","Hologram"],"picked":"Reinforced Body","floor":7},{"not_picked":["Lockon","Recycle","Amplify"],"picked":"SKIP","floor":8},{"not_picked":["Barrage","Tempest"],"picked":"Hologram","floor":12},{"not_picked":["Stack","Ball Lightning","Blizzard"],"picked":"SKIP","floor":14},{"not_picked":["Buffer","Rainbow"],"picked":"Creative AI","floor":16},{"not_picked":["Cold Snap","Sunder"],"picked":"Force Field","floor":18},{"not_picked":["Coolheaded","Gash","Streamline+1"],"picked":"SKIP","floor":19},{"not_picked":["Skim","Stack","Aggregate"],"picked":"SKIP","floor":20},{"not_picked":["Ball Lightning","Streamline","Doom and Gloom"],"picked":"SKIP","floor":24},{"not_picked":["Genetic Algorithm","Consume","Hologram"],"picked":"Self Repair","floor":28},{"not_picked":["Gash","Go for the Eyes","Rebound"],"picked":"Redo+1","floor":29}],"player_experience":328452,"relics_obtained":[{"floor":7,"key":"Happy Flower"},{"floor":9,"key":"Art of War"},{"floor":21,"key":"Enchiridion"},{"floor":26,"key":"Question Card"}],"event_choices":[{"event_name":"Liars Game","player_choice":"disagreed","floor":3,"damage_taken":0},{"event_name":"Scrap Ooze","player_choice":"unsuccessful","floor":10,"damage_taken":18},{"event_name":"Cursed Tome","player_choice":"Obtained Book","floor":21,"damage_taken":0}],"is_beta":false,"boss_relics":[{"not_picked":["Pandora\u0027s Box","Busted Crown"],"picked":"Cursed Key"}],"items_purged_floors":[],"is_endless":false,"potions_floor_spawned":[2,4,14,16,18,19],"killed_by":"Snake Plant","ascension_level":10}