{"gold_per_floor":[144,189,234,234,279,369,369,414,414,479,549,614,704,769,769,1069,1069,1114,1159,101,166,88,88,198,198,198,243,333,333,398,488,488,788,788,833,833,878,923,988,1078,1123,1123,1123,1233,1233,1233,10,75,75,75],"floor_reached":51,"playtime":2887,"items_purged":["Magnetism","Discovery","Pain"],"score":910,"play_id":"6199ae7b-6714-441f-8851-90fbea260d24","local_time":"20181217204014","daily_mods":["Allstar","Red Cards","Midas"],"is_ascension_mode":false,"campfire_choices":[{"floor":7.0,"key":"REST"},{"floor":15.0,"key":"REST"},{"floor":23.0,"key":"REST"},{"floor":25.0,"key":"REST"},{"floor":32.0,"key":"REST"},{"floor":45,"key":"REST"},{"floor":49,"key":"REST"}],"neow_cost":"","seed_source_timestamp":0,"circlet_count":0,"master_deck":["Strike_B","Strike_B","Strike_B","Strike_B","Defend_B","Defend_B","Defend_B+1","Defend_B","Zap","Dualcast","HandOfGreed","The Bomb","Secret Weapon","Hologram","Gash","Rebound","Armaments+1","Conserve Battery","Go for the Eyes","Gash","Echo Form","Pommel Strike+1","Metallicize","Whirlwind+1","Scrape","Injury","Fire Breathing+1","Gash+1","Hologram","Self Repair","Madness+1","Madness","Headbutt","Steam Power"],"special_seed":17883,"relics":["Cracked Core","Mercury Hourglass","Bird Faced Urn","The Courier","Cursed Key","Ornamental Fan","Membership Card","Orichalcum","Bag of Preparation","Turnip","Shuriken","Kunai","Oddly Smooth Stone","Darkstone Periapt","Vajra","Gremlin Horn","Bottled Lightning","Thread and Needle","Letter Opener","Nuclear Battery","Art of War","Mummified Hand","War Paint","Pear","Pantograph","Symbiotic Virus","Unceasing Top","Meat on the Bone","Cables","Calipers","Bottled Flame","Anchor","Pen Nib","Boot","Potion Belt","Runic Capacitor"],"potions_floor_usage":[50,50,50,50],"damage_taken":[{"damage":11.0,"enemies":"Jaw Worm","floor":1.0,"turns":3.0},{"damage":0.0,"enemies":"2 Louse","floor":2.0,"turns":1.0},{"damage":0.0,"enemies":"Cultist","floor":3.0,"turns":3.0},{"damage":8.0,"enemies":"Red Slaver","floor":5.0,"turns":3.0},{"damage":14.0,"enemies":"3 Sentries","floor":6.0,"turns":4.0},{"damage":0.0,"enemies":"Exordium Wildlife","floor":8.0,"turns":2.0},{"damage":5.0,"enemies":"Looter","floor":10.0,"turns":3.0},{"damage":4.0,"enemies":"2 Fungi Beasts","floor":11.0,"turns":2.0},{"damage":7.0,"enemies":"Exordium Thugs","floor":12.0,"turns":3.0},{"damage":4.0,"enemies":"Lagavulin","floor":13.0,"turns":6.0},{"damage":0.0,"enemies":"Looter","floor":14.0,"turns":3.0},{"damage":23.0,"enemies":"Slime Boss","floor":16.0,"turns":5.0},{"damage":8.0,"enemies":"Shell Parasite","floor":18.0,"turns":4.0},{"damage":6.0,"enemies":"Chosen","floor":19.0,"turns":3.0},{"damage":5.0,"enemies":"Centurion and Healer","floor":21.0,"turns":5.0},{"damage":38.0,"enemies":"Slavers","floor":24.0,"turns":3.0},{"damage":0.0,"enemies":"Cultist and Chosen","floor":27.0,"turns":3.0},{"damage":22.0,"enemies":"Book of Stabbing","floor":28.0,"turns":4.0},{"damage":0.0,"enemies":"3 Cultists","floor":30.0,"turns":3.0},{"damage":16.0,"enemies":"Gremlin Leader","floor":31.0,"turns":5.0},{"damage":17.0,"enemies":"Automaton","floor":33.0,"turns":6.0},{"damage":0,"enemies":"Orb Walker","floor":35,"turns":3},{"damage":0,"enemies":"3 Darklings","floor":37,"turns":3},{"damage":0,"enemies":"4 Shapes","floor":38,"turns":3},{"damage":0,"enemies":"Spire Growth","floor":39,"turns":4},{"damage":14,"enemies":"Nemesis","floor":40,"turns":6},{"damage":12,"enemies":"Maw","floor":41,"turns":6},{"damage":8,"enemies":"Reptomancer","floor":44,"turns":5},{"damage":0,"enemies":"Jaw Worm Horde","floor":48,"turns":2},{"damage":15,"enemies":"Awakened One","floor":50,"turns":7}],"seed_played":"-1703853587993859002","potions_obtained":[{"floor":3.0,"key":"SmokeBomb"},{"floor":8.0,"key":"FearPotion"},{"floor":10.0,"key":"AttackPotion"},{"floor":11.0,"key":"Poison Potion"},{"floor":21.0,"key":"Poison Potion"},{"floor":48,"key":"Weak Potion"}],"is_trial":false,"path_per_floor":["M","M","M","?","M","E","R","M","T","M","M","M","E","M","R","B",null,"M","M","$","M","$","R","E","R","T","M","E","?","M","E","R","B",null,"M","?","M","M","M","E","M","?","T","E","R","?","$","M","R","B",null],"character_chosen":"DEFECT","items_purchased":["Ornamental Fan","Membership Card","Orichalcum","Bag of Preparation","Turnip","Shuriken","Kunai","Oddly Smooth Stone","Darkstone Periapt","Vajra","Scrape","Pear","Pantograph","Symbiotic Virus","Unceasing Top","Meat on the Bone","Cables","Calipers","Bottled Flame","Anchor","Pen Nib","Boot","Potion Belt","Runic Capacitor"],"campfire_rested":7,"item_purchase_floors":[20,20,20,20,20,20,20,20,20,20,22,47,47,47,47,47,47,47,47,47,47,47,47,47],"current_hp_per_floor":[64,64,64,69,61,47,71,71,71,68,64,57,53,53,77,54,80,72,66,66,63,63,80,44,68,74,76,56,56,62,54,79,66,86,86,86,86,86,86,72,66,55,61,79,92,92,102,102,102,101],"gold":75,"neow_bonus":"","is_prod":false,"is_daily":true,"chose_seed":false,"campfire_upgraded":0,"win_rate":0,"timestamp":1545108014,"path_taken":["M","M","M","?","M","E","R","M","T","M","M","M","E","M","R","BOSS","M","M","$","M","$","R","E","R","T","M","E","?","M","E","R","BOSS","M","?","M","M","?","E","M","?","T","E","R","?","$","M","R","BOSS"],"build_version":"2018-12-13","purchased_purges":3,"victory":true,"max_hp_per_floor":[75,75,75,80,80,80,80,80,80,80,80,80,80,80,80,80,80,80,80,80,80,80,80,80,80,86,86,86,86,86,86,86,86,86,86,86,86,86,86,86,86,86,92,92,92,92,102,102,102,102],"card_choices":[{"not_picked":["Warcry","Go for the Eyes"],"picked":"Hologram","floor":1.0},{"not_picked":["Double Energy","Searing Blow","Warcry"],"picked":"SKIP","floor":2.0},{"not_picked":["Loop","Bloodletting"],"picked":"Gash","floor":3.0},{"not_picked":["Compile Driver","Cleave","Storm"],"picked":"SKIP","floor":5.0},{"not_picked":["Headbutt","Wild Strike"],"picked":"Rebound","floor":6.0},{"not_picked":["Recycle","Perfected Strike"],"picked":"Armaments","floor":8.0},{"not_picked":["Fire Breathing","Barrage"],"picked":"Conserve Battery","floor":10.0},{"not_picked":["Fiend Fire","Coolheaded","Intimidate"],"picked":"SKIP","floor":11.0},{"not_picked":["Pommel Strike","Iron Wave","Heavy Blade"],"picked":"SKIP","floor":12.0},{"not_picked":["Wild Strike","Barrage"],"picked":"Go for the Eyes","floor":13.0},{"not_picked":["Havoc","Machine Learning"],"picked":"Gash","floor":14.0},{"not_picked":["Creative AI","Offering"],"picked":"Echo Form","floor":16.0},{"not_picked":["Capacitor","Body Slam+1"],"picked":"Pommel Strike+1","floor":18.0},{"not_picked":["Shrug It Off+1","Barrage"],"picked":"Metallicize","floor":19.0},{"not_picked":["Brutality","Coolheaded+1"],"picked":"Whirlwind+1","floor":21.0},{"not_picked":["Flex","Chaos","Conserve Battery"],"picked":"SKIP","floor":24.0},{"not_picked":["Dark Embrace","Cleave"],"picked":"Fire Breathing+1","floor":27.0},{"not_picked":["Fusion","Defragment"],"picked":"Gash+1","floor":28.0},{"not_picked":["Sentinel","Thunderclap","Conserve Battery"],"picked":"SKIP","floor":30.0},{"not_picked":["Twin Strike","Hello World","Flame Barrier"],"picked":"SKIP","floor":31.0},{"not_picked":["Sentinel+1","Armaments","Rage"],"picked":"SKIP","floor":35},{"not_picked":["Barrage","Cold Snap+1","Conserve Battery+1"],"picked":"SKIP","floor":37},{"not_picked":["Buffer","Storm"],"picked":"Hologram","floor":38},{"not_picked":["Wild Strike","Sweeping Beam","Heatsinks+1"],"picked":"SKIP","floor":39},{"not_picked":["Iron Wave+1","Body Slam+1"],"picked":"Self Repair","floor":40},{"not_picked":["Compile Driver+1","Lockon+1","Conserve Battery+1"],"picked":"SKIP","floor":41},{"not_picked":["Warcry","Static Discharge+1","Headbutt"],"picked":"SKIP","floor":44},{"not_picked":["Warcry","Static Discharge+1"],"picked":"Headbutt","floor":44},{"not_picked":["Exhume","Darkness"],"picked":"Steam Power","floor":48}],"player_experience":586167,"relics_obtained":[{"floor":6.0,"key":"Mercury Hourglass"},{"floor":9.0,"key":"Bird Faced Urn"},{"floor":13.0,"key":"The Courier"},{"floor":24.0,"key":"Gremlin Horn"},{"floor":26.0,"key":"Bottled Lightning"},{"floor":28.0,"key":"Thread and Needle"},{"floor":31.0,"key":"Letter Opener"},{"floor":40,"key":"Art of War"},{"floor":43,"key":"Mummified Hand"},{"floor":44,"key":"War Paint"}],"event_choices":[{"damage_healed":0.0,"max_hp_gain":5.0,"max_hp_loss":0.0,"gold_gain":0.0,"event_name":"Big Fish","player_choice":"Donut","floor":4.0,"gold_loss":0.0,"damage_taken":0.0},{"damage_healed":0.0,"max_hp_gain":0.0,"max_hp_loss":0.0,"gold_gain":0.0,"event_name":"N\u0027loth","player_choice":"Ignored","floor":29.0,"gold_loss":0.0,"damage_taken":0.0},{"damage_healed":0,"gold_gain":0,"player_choice":"Forge","damage_taken":0,"max_hp_gain":0,"max_hp_loss":0,"event_name":"Accursed Blacksmith","floor":36,"gold_loss":0,"cards_upgraded":["Armaments"]},{"damage_healed":0,"gold_gain":0,"player_choice":"Embrace Madness","damage_taken":11,"max_hp_gain":0,"max_hp_loss":0,"event_name":"Winding Halls","floor":42,"gold_loss":0,"cards_obtained":["Madness","Madness"]},{"damage_healed":0,"gold_gain":0,"player_choice":"Ignored","damage_taken":0,"max_hp_gain":0,"max_hp_loss":0,"event_name":"Tomb of Lord Red Mask","floor":46,"gold_loss":0}],"is_beta":false,"boss_relics":[{"not_picked":["Calling Bell","Inserter"],"picked":"Cursed Key"},{"not_picked":["Coffee Dripper","FrozenCore"],"picked":"Nuclear Battery"}],"items_purged_floors":[20,22,47],"is_endless":false,"potions_floor_spawned":[3,8,10,11,14,16,21,28,30,31,35,37,48],"ascension_level":0}