{"gold_per_floor":[119,44,56,56,70,70,82,82,133,147,159,174,174,150,150,227,227,245,257,257],"floor_reached":20,"playtime":1231,"items_purged":[],"score":315,"play_id":"c2a55837-9a19-4ca5-bcd2-dbc671e255cb","local_time":"20180924051943","is_ascension_mode":true,"campfire_choices":[{"floor":6,"key":"REST"},{"floor":8,"key":"REST"},{"floor":15,"key":"REST"}],"neow_cost":"","seed_source_timestamp":750265647923928,"circlet_count":0,"master_deck":["Strike_B","Strike_B","Strike_B","Defend_B","Defend_B","Defend_B","Zap","Dualcast","AscendersBane","Consume","Conserve Battery","Coolheaded","Electrodynamics","Core Surge","Loop","Leap+1"],"relics":["Cracked Core","Anchor","Meat on the Bone","Black Star"],"potions_floor_usage":[10,10,16,16,20],"damage_taken":[{"damage":0,"enemies":"2 Louse","floor":1,"turns":2},{"damage":9,"enemies":"Jaw Worm","floor":3,"turns":4},{"damage":23,"enemies":"Cultist","floor":5,"turns":6},{"damage":7,"enemies":"2 Fungi Beasts","floor":7,"turns":4},{"damage":32,"enemies":"Exordium Wildlife","floor":10,"turns":8},{"damage":8,"enemies":"Blue Slaver","floor":11,"turns":3},{"damage":0,"enemies":"Looter","floor":12,"turns":3},{"damage":1,"enemies":"Exordium Thugs","floor":14,"turns":4},{"damage":57,"enemies":"The Guardian","floor":16,"turns":14},{"damage":23,"enemies":"3 Byrds","floor":18,"turns":3},{"damage":17,"enemies":"Spheric Guardian","floor":19,"turns":4},{"damage":32,"enemies":"Snake Plant","floor":20,"turns":4}],"seed_played":"-4729784846521574125","potions_obtained":[{"floor":1,"key":"Regen Potion"},{"floor":7,"key":"SpeedPotion"},{"floor":10,"key":"Swift Potion"},{"floor":11,"key":"Swift Potion"},{"floor":18,"key":"Block Potion"},{"floor":19,"key":"SpeedPotion"}],"is_trial":false,"path_per_floor":["M","?","M","?","M","R","M","R","T","M","M","M","T","M","R","B",null,"M","M"],"character_chosen":"DEFECT","items_purchased":[],"campfire_rested":3,"item_purchase_floors":[],"current_hp_per_floor":[64,64,55,48,25,46,39,60,60,43,35,35,35,46,67,22,59,36,31,0],"gold":257,"neow_bonus":"","is_prod":false,"is_daily":false,"chose_seed":false,"campfire_upgraded":0,"win_rate":0,"timestamp":1537759183,"path_taken":["M","?","M","?","M","R","M","R","T","M","M","M","?","?","R","BOSS","M","M","M"],"build_version":"2018-09-20","purchased_purges":0,"victory":false,"max_hp_per_floor":[71,71,71,71,71,71,71,71,71,71,71,71,71,71,71,71,71,71,71,71],"card_choices":[{"not_picked":["Barrage","Gash"],"picked":"Consume","floor":1},{"not_picked":["Aggregate","Hologram"],"picked":"Conserve Battery","floor":3},{"not_picked":["Redo","Rebound","Blizzard"],"picked":"SKIP","floor":5},{"not_picked":["Lockon","Skim","Genetic Algorithm"],"picked":"SKIP","floor":7},{"not_picked":["Gash","Hologram","Go for the Eyes"],"picked":"SKIP","floor":10},{"not_picked":["Leap","Gash","Double Energy"],"picked":"SKIP","floor":11},{"not_picked":["Sweeping Beam","BootSequence"],"picked":"Coolheaded","floor":12},{"not_picked":["Conserve Battery","Gash"],"picked":"Electrodynamics","floor":14},{"not_picked":["Amplify","Seek"],"picked":"Core Surge","floor":16},{"not_picked":["Skim","Undo"],"picked":"Loop","floor":18},{"not_picked":["Storm","Rebound+1"],"picked":"Leap+1","floor":19}],"player_experience":614817,"relics_obtained":[{"floor":9,"key":"Anchor"},{"floor":13,"key":"Meat on the Bone"}],"event_choices":[{"event_name":"The Cleric","player_choice":"Card Removal","floor":2,"damage_taken":0},{"event_name":"Golden Wing","player_choice":"Card Removal","floor":4,"damage_taken":0}],"is_beta":false,"boss_relics":[{"not_picked":["Runic Pyramid","Fusion Hammer"],"picked":"Black Star"}],"items_purged_floors":[],"is_endless":false,"potions_floor_spawned":[1,7,10,11,12,18,19],"killed_by":"Snake Plant","ascension_level":17}