{"gold_per_floor":[114,130,61,21,21,21,35,61,61,94,109,109,129,145,145,145],"floor_reached":16,"playtime":523,"items_purged":[],"score":151,"play_id":"ffd14221-642b-4668-952e-89c8ad50e37a","local_time":"20181008213319","is_ascension_mode":true,"campfire_choices":[{"data":"Bash","floor":6,"key":"SMITH"},{"data":"Dark Embrace","floor":12,"key":"SMITH"},{"data":"Combust","floor":15,"key":"SMITH"}],"neow_cost":"NONE","seed_source_timestamp":289522103975642,"circlet_count":0,"master_deck":["Strike_R","Strike_R","Strike_R","Defend_R","Defend_R","Defend_R","Defend_R","Bash+1","Dark Embrace+1","Iron Wave","Clothesline","Impervious","Combust+1","Shrug It Off","Second Wind","Sever Soul","Shrug It Off"],"relics":["Burning Blood","Darkstone Periapt","Blue Candle","Charon\u0027s Ashes"],"potions_floor_usage":[11,14,14],"damage_taken":[{"damage":6,"enemies":"Cultist","floor":1,"turns":4},{"damage":3,"enemies":"Jaw Worm","floor":2,"turns":4},{"damage":0,"enemies":"Small Slimes","floor":7,"turns":3},{"damage":28,"enemies":"Gremlin Nob","floor":8,"turns":4},{"damage":25,"enemies":"3 Sentries","floor":10,"turns":6},{"damage":0,"enemies":"3 Louse","floor":11,"turns":2},{"damage":19,"enemies":"Exordium Wildlife","floor":13,"turns":5},{"damage":9,"enemies":"Exordium Thugs","floor":14,"turns":5},{"damage":39,"enemies":"Slime Boss","floor":16,"turns":6}],"seed_played":"-1517987007882113376","potions_obtained":[{"floor":4,"key":"SteroidPotion"},{"floor":4,"key":"Explosive Potion"},{"floor":4,"key":"PowerPotion"},{"floor":11,"key":"Regen Potion"}],"is_trial":false,"path_per_floor":["M","M","$","?","?","R","M","E","T","E","M","R","M","M","R"],"character_chosen":"IRONCLAD","items_purchased":["Impervious"],"campfire_rested":0,"item_purchase_floors":[3],"current_hp_per_floor":[72,75,75,75,68,68,74,52,52,33,39,39,26,37,37,0],"gold":145,"neow_bonus":"TRANSFORM_CARD","is_prod":false,"is_daily":false,"chose_seed":false,"campfire_upgraded":3,"win_rate":0,"timestamp":1539027199,"path_taken":["M","M","?","?","?","R","?","E","T","E","?","R","?","?","R","BOSS"],"build_version":"2018-10-04","purchased_purges":0,"victory":false,"max_hp_per_floor":[80,80,80,80,80,80,80,80,80,80,80,80,80,80,80,80],"card_choices":[{"not_picked":["Clash","Burning Pact"],"picked":"Iron Wave","floor":1},{"not_picked":["Combust","Heavy Blade"],"picked":"Clothesline","floor":2},{"not_picked":["Anger","Rupture"],"picked":"Combust","floor":7},{"not_picked":["Iron Wave","Evolve"],"picked":"Shrug It Off","floor":8},{"not_picked":["Armaments","Cleave"],"picked":"Second Wind","floor":10},{"not_picked":["Wild Strike","Twin Strike"],"picked":"Sever Soul","floor":11},{"not_picked":["Twin Strike","Sword Boomerang","Iron Wave"],"picked":"SKIP","floor":13},{"not_picked":["Dropkick","Combust"],"picked":"Shrug It Off","floor":14}],"player_experience":194989,"relics_obtained":[{"floor":8,"key":"Darkstone Periapt"},{"floor":9,"key":"Blue Candle"},{"floor":10,"key":"Charon\u0027s Ashes"}],"event_choices":[{"event_name":"The Woman in Blue","player_choice":"Bought 3 Potions","floor":4,"damage_taken":0},{"event_name":"Golden Wing","player_choice":"Card Removal","floor":5,"damage_taken":0}],"is_beta":true,"boss_relics":[],"items_purged_floors":[],"is_endless":false,"potions_floor_spawned":[7,11],"killed_by":"Slime Boss","ascension_level":7}