{"path_per_floor":["M","M","M","M","M","E","R","E","T","?","M","R","?","E","R","B",null,"M","M","M","M","M","R","E","M","T","E","?","?","M","M","R","B",null,"M","?","M","M","M","M","M","E","T","E","?","E","?","$","R","B"],"character_chosen":"IRONCLAD","items_purchased":["Orichalcum","Vajra","Champion Belt","Mango","Ornamental Fan"],"gold_per_floor":[114,129,144,159,174,204,204,234,234,484,499,499,529,559,559,659,659,674,689,704,719,734,734,764,779,829,859,859,859,874,889,889,989,989,1004,1022,1037,1052,1067,1082,1127,1157,1157,1187,1187,1217,1217,127,127,127],"floor_reached":51,"campfire_rested":1,"playtime":3384,"current_hp_per_floor":[80,80,80,60,54,43,43,28,28,28,29,53,53,43,43,62,80,72,80,42,52,46,46,33,51,51,62,62,46,80,87,87,53,87,87,87,87,87,87,87,87,87,87,87,87,87,87,101,101,101],"items_purged":["Pain"],"gold":127,"score":1005,"play_id":"bfd37a9e-31f1-402c-8df3-d52ead015d81","local_time":"20180322230417","daily_mods":["Time Dilation","Binary","Vintage"],"is_prod":false,"is_daily":true,"is_ascension_mode":false,"campfire_upgraded":3,"timestamp":1521785057,"path_taken":["M","M","M","M","M","E","R","E","T","?","?","R","?","E","R","BOSS","M","M","M","M","M","R","E","M","T","E","?","?","M","M","R","BOSS","M","?","?","M","M","M","M","E","T","E","?","E","?","?","R","BOSS"],"build_version":"2018-03-22","purchased_purges":1,"victory":true,"master_deck":["Strike_R","Strike_R+1","Strike_R","Strike_R","Defend_R","Defend_R+1","Defend_R","Defend_R+1","Bash+1","Flex+1","Shrug It Off+1","Inflame+1","Barricade+1","Thunderclap+1","Reaper","Battle Trance+1","Berserk","Armaments+1","Battle Trance+1"],"max_hp_per_floor":[80,80,80,80,80,80,80,80,80,80,80,80,80,80,80,80,80,80,80,87,87,87,87,87,87,87,87,87,87,87,87,87,87,87,87,87,87,87,87,87,87,87,87,87,87,87,87,101,101,101],"relics":["Black Blood","Toxic Egg 2","Happy Flower","Gambling Chip","Ginger","Mercury Hourglass","Blue Candle","Du-Vu Doll","Omamori","Pantograph","Ice Cream","War Paint","Bottled Flame","Shuriken","Girya","Strawberry","Toolbox","Meat on the Bone","Art of War","Letter Opener","Bronze Scales","Anchor","Necronomicon","Bird Faced Urn","Gremlin Horn","The Courier","Cursed Key","Whetstone","Thread and Needle","Bottled Lightning","Bag of Preparation","Bag of Marbles","Self Forming Clay","Tiny Chest","Frozen Egg 2","Juzu Bracelet","Prayer Wheel","Pen Nib","Orichalcum","Vajra","Champion Belt","Mango","Ornamental Fan"],"card_choices":[{"not_picked":["Carnage"],"picked":"Flex","floor":6},{"not_picked":["Pummel"],"picked":"Shrug It Off","floor":8},{"not_picked":["Armaments"],"picked":"Inflame","floor":14},{"not_picked":["Juggernaut"],"picked":"Barricade","floor":16},{"not_picked":["Rampage"],"picked":"Thunderclap","floor":24},{"not_picked":["Rupture"],"picked":"Reaper","floor":27},{"not_picked":["Fiend Fire"],"picked":"Berserk","floor":33},{"not_picked":["Body Slam"],"picked":"Armaments","floor":36},{"not_picked":["Wild Strike"],"picked":"Battle Trance","floor":46}],"player_experience":232493,"potions_floor_usage":[16,16,21,24,24,25,27,50,50,50],"damage_taken":[{"damage":3,"enemies":"Jaw Worm","floor":1,"turns":4},{"damage":6,"enemies":"Cultist","floor":2,"turns":3},{"damage":0,"enemies":"2 Louse","floor":3,"turns":3},{"damage":26,"enemies":"Large Slime","floor":4,"turns":9},{"damage":12,"enemies":"Red Slaver","floor":5,"turns":5},{"damage":17,"enemies":"3 Sentries","floor":6,"turns":6},{"damage":21,"enemies":"Lagavulin","floor":8,"turns":4},{"damage":5,"enemies":"Looter","floor":11,"turns":3},{"damage":16,"enemies":"Gremlin Nob","floor":14,"turns":3},{"damage":12,"enemies":"Slime Boss","floor":16,"turns":10},{"damage":18,"enemies":"Shell Parasite","floor":18,"turns":7},{"damage":0,"enemies":"Chosen","floor":19,"turns":4},{"damage":55,"enemies":"Slaver and Parasite","floor":20,"turns":9},{"damage":0,"enemies":"Cultist and Chosen","floor":21,"turns":6},{"damage":16,"enemies":"Centurion and Healer","floor":22,"turns":6},{"damage":35,"enemies":"Gremlin Leader","floor":24,"turns":6},{"damage":4,"enemies":"Snecko","floor":25,"turns":4},{"damage":11,"enemies":"Book of Stabbing","floor":27,"turns":5},{"damage":10,"enemies":"Cultist and Chosen","floor":30,"turns":4},{"damage":0,"enemies":"Chosen and Byrds","floor":31,"turns":4},{"damage":58,"enemies":"Automaton","floor":33,"turns":7},{"damage":0,"enemies":"3 Darklings","floor":35,"turns":2},{"damage":0,"enemies":"Mysterious Sphere","floor":36,"turns":3},{"damage":0,"enemies":"Orb Walker","floor":37,"turns":2},{"damage":0,"enemies":"Sphere and 2 Shapes","floor":38,"turns":3},{"damage":0,"enemies":"Maw","floor":39,"turns":4},{"damage":0,"enemies":"3 Darklings","floor":40,"turns":2},{"damage":0,"enemies":"4 Shapes","floor":41,"turns":1},{"damage":0,"enemies":"Giant Head","floor":42,"turns":7},{"damage":4,"enemies":"Nemesis","floor":44,"turns":5},{"damage":1,"enemies":"Giant Head","floor":46,"turns":5},{"damage":0,"enemies":"Time Eater","floor":50,"turns":8}],"event_choices":[{"event_name":"Golden Shrine","player_choice":"Desecrate","floor":10,"damage_taken":0},{"event_name":"Dead Adventurer","player_choice":"Searched \u00272\u0027 times","floor":13,"damage_taken":0},{"event_name":"The Library","player_choice":"Read","floor":28,"damage_taken":0},{"event_name":"Cursed Tome","player_choice":"Obtained Book","floor":29,"damage_taken":0},{"event_name":"Mysterious Sphere","player_choice":"Fight","floor":36,"damage_taken":0},{"event_name":"Tomb of Lord Red Mask","player_choice":"Ignored","floor":45,"damage_taken":0}],"boss_relics":[{"not_picked":["Question Card","Philosopher\u0027s Stone"],"picked":"Black Blood"},{"not_picked":["Runic Pyramid","Snecko Eye"],"picked":"Cursed Key"}],"potions_floor_spawned":[1,3,11,16,18,21,24,25,31,35,38,40,42,46],"seed_played":"3670860265742688607","ascension_level":0,"is_trial":false}