{"gold_per_floor":[109,109,34,34,48,48,48,48,96,124,136,146,146,8,8,106,106,122,142,142,162,162,190,207,12,12,12,12],"floor_reached":28,"playtime":1498,"items_purged":["Strike_G","Strike_G","Strike_G"],"score":313,"play_id":"d9fb2c74-2049-4a54-82b7-696dabd8f5ba","local_time":"20181121233850","is_ascension_mode":true,"campfire_choices":[{"data":"Neutralize","floor":6,"key":"SMITH"},{"data":"Backflip","floor":8,"key":"SMITH"},{"data":"Night Terror","floor":13,"key":"SMITH"},{"data":"Noxious Fumes","floor":15,"key":"SMITH"}],"neow_cost":"NONE","seed_source_timestamp":214270740542515,"circlet_count":0,"master_deck":["Defend_G","Defend_G","Defend_G","Defend_G","Defend_G","Survivor","Neutralize+1","Deflect","Backflip+1","Cloak And Dagger","Night Terror+1","Noxious Fumes+1","Adrenaline","Flechettes","Bouncing Flask","Bouncing Flask","Malaise","Cloak And Dagger+1","Well Laid Plans","Shame"],"relics":["Ring of the Snake","NeowsBlessing","Ancient Tea Set","Dream Catcher","Question Card","Coffee Dripper","MutagenicStrength","Pantograph","Dodecahedron","Happy Flower","Bag of Preparation"],"potions_floor_usage":[16,16,28],"damage_taken":[{"damage":0,"enemies":"Jaw Worm","floor":1,"turns":1},{"damage":0,"enemies":"Cultist","floor":5,"turns":1},{"damage":0,"enemies":"3 Sentries","floor":10,"turns":2},{"damage":0,"enemies":"2 Louse","floor":11,"turns":5},{"damage":0,"enemies":"Exordium Wildlife","floor":12,"turns":5},{"damage":25,"enemies":"The Guardian","floor":16,"turns":11},{"damage":0,"enemies":"Shell Parasite","floor":18,"turns":10},{"damage":0,"enemies":"Chosen","floor":19,"turns":3},{"damage":15,"enemies":"Sentry and Sphere","floor":21,"turns":5},{"damage":32,"enemies":"Book of Stabbing","floor":23,"turns":7},{"damage":9,"enemies":"Centurion and Healer","floor":24,"turns":7},{"damage":15,"enemies":"Gremlin Leader","floor":28,"turns":3}],"seed_played":"5176797634134652080","potions_obtained":[{"floor":5,"key":"PowerPotion"},{"floor":10,"key":"SpeedPotion"},{"floor":11,"key":"EssenceOfSteel"},{"floor":16,"key":"LiquidBronze"},{"floor":21,"key":"SteroidPotion"}],"is_trial":false,"path_per_floor":["M","?","$","?","M","R","?","R","T","E","M","M","R","$","R","B",null,"M","M","?","M","T","E","M","$","T","?","E"],"character_chosen":"THE_SILENT","items_purchased":["Noxious Fumes","Well Laid Plans"],"campfire_rested":0,"item_purchase_floors":[14,25],"current_hp_per_floor":[70,58,58,58,58,58,58,58,58,58,58,58,58,58,58,33,70,70,70,70,55,55,23,14,14,14,14,0],"gold":12,"neow_bonus":"THREE_ENEMY_KILL","is_prod":false,"is_daily":false,"chose_seed":false,"campfire_upgraded":4,"win_rate":0,"timestamp":1542865130,"path_taken":["M","?","$","?","?","R","?","R","T","E","M","M","R","?","R","BOSS","M","?","?","M","?","E","M","$","T","?","E"],"build_version":"2018-11-15","purchased_purges":3,"victory":false,"max_hp_per_floor":[70,70,70,70,70,70,70,70,70,70,70,70,70,70,70,70,70,70,70,70,70,70,70,70,70,70,70,70],"card_choices":[{"not_picked":["Sucker Punch","Underhanded Strike"],"picked":"Deflect","floor":1},{"not_picked":["Outmaneuver","Setup"],"picked":"Backflip","floor":5},{"not_picked":["Backflip","Blade Dance"],"picked":"Cloak And Dagger","floor":10},{"not_picked":["Catalyst","Concentrate","Outmaneuver","Underhanded Strike"],"picked":"SKIP","floor":11},{"not_picked":["Masterful Stab","Endless Agony","Dagger Spray"],"picked":"Night Terror","floor":12},{"not_picked":["After Image","Venomology","Die Die Die"],"picked":"Adrenaline","floor":16},{"not_picked":["Dagger Spray","Quick Slash","All Out Attack"],"picked":"Flechettes","floor":18},{"not_picked":["Blade Dance","Deflect","Dodge and Roll"],"picked":"Bouncing Flask","floor":19},{"not_picked":["Caltrops","Infinite Blades+1","PiercingWail"],"picked":"Bouncing Flask","floor":21},{"not_picked":["Prepared","Outmaneuver","Masterful Stab"],"picked":"Malaise","floor":23},{"not_picked":["Prepared","Blade Dance","All Out Attack"],"picked":"Cloak And Dagger+1","floor":24}],"player_experience":208925,"relics_obtained":[{"floor":9,"key":"Dream Catcher"},{"floor":10,"key":"Question Card"},{"floor":22,"key":"Pantograph"},{"floor":23,"key":"Dodecahedron"},{"floor":26,"key":"Happy Flower"}],"event_choices":[{"damage_healed":0,"gold_gain":0,"player_choice":"Success","damage_taken":12,"relics_obtained":["Ancient Tea Set"],"max_hp_gain":0,"max_hp_loss":0,"event_name":"Scrap Ooze","floor":2,"gold_loss":0},{"cards_removed":["Strike_G"],"damage_healed":0,"gold_gain":0,"player_choice":"Purged","damage_taken":0,"max_hp_gain":0,"max_hp_loss":0,"event_name":"Purifier","floor":4,"gold_loss":0},{"cards_removed":["Strike_G"],"damage_healed":0,"gold_gain":0,"player_choice":"Forget","damage_taken":0,"max_hp_gain":0,"max_hp_loss":0,"event_name":"Living Wall","floor":7,"gold_loss":0},{"damage_healed":0,"gold_gain":0,"player_choice":"Inject Mutagens","damage_taken":0,"relics_obtained":["MutagenicStrength"],"max_hp_gain":0,"max_hp_loss":0,"event_name":"Drug Dealer","floor":20,"gold_loss":0},{"damage_healed":0,"gold_gain":0,"player_choice":"Stole Relic","damage_taken":0,"relics_obtained":["Bag of Preparation"],"max_hp_gain":0,"max_hp_loss":0,"event_name":"Addict","floor":27,"gold_loss":0,"cards_obtained":["Shame"]}],"is_beta":false,"boss_relics":[{"not_picked":["Orrery","Runic Dome"],"picked":"Coffee Dripper"}],"items_purged_floors":[3,14,25],"is_endless":false,"potions_floor_spawned":[5,10,11,16,21],"killed_by":"Gremlin Leader","ascension_level":4}