{"gold_per_floor":[114,132,12,32,42,77,77,87,114,132,145,45,45,58,58,156,156,173,190,190,290,310,310,310],"floor_reached":24,"playtime":1935,"items_purged":["Clumsy","Strike_B"],"score":283,"play_id":"8208b2fd-7353-4311-832f-0fe94a78cd08","local_time":"20181106212829","is_ascension_mode":true,"campfire_choices":[{"floor":7,"key":"REST"},{"floor":13,"key":"REST"},{"floor":15,"key":"REST"},{"floor":23,"key":"REST"}],"neow_cost":"CURSE","seed_source_timestamp":201866607393472,"circlet_count":0,"master_deck":["Strike_B","Strike_B","Strike_B","Defend_B","Defend_B","Defend_B","Defend_B","Zap","Dualcast","Thinking Ahead","Mind Blast","Streamline","Gash","Ball Lightning","Coolheaded","Ball Lightning","Machine Learning","Go for the Eyes","Steam","Core Surge","Cold Snap","Self Repair","Hologram"],"relics":["Cracked Core","Singing Bowl","Lantern","Nuclear Battery","MutagenicStrength","Thread and Needle","Mummified Hand"],"potions_floor_usage":[6,16,16,21],"damage_taken":[{"damage":1,"enemies":"Cultist","floor":1,"turns":3},{"damage":14,"enemies":"2 Louse","floor":2,"turns":3},{"damage":7,"enemies":"Jaw Worm","floor":4,"turns":2},{"damage":13,"enemies":"Large Slime","floor":5,"turns":5},{"damage":16,"enemies":"Lagavulin","floor":6,"turns":5},{"damage":20,"enemies":"Gremlin Gang","floor":8,"turns":4},{"damage":10,"enemies":"Exordium Wildlife","floor":10,"turns":4},{"damage":1,"enemies":"3 Louse","floor":11,"turns":2},{"damage":0,"enemies":"Red Slaver","floor":14,"turns":3},{"damage":17,"enemies":"Hexaghost","floor":16,"turns":9},{"damage":0,"enemies":"Spheric Guardian","floor":18,"turns":3},{"damage":11,"enemies":"Shell Parasite","floor":19,"turns":5},{"damage":13,"enemies":"Colosseum Slavers","floor":21,"turns":4},{"damage":51,"enemies":"Colosseum Nobs","floor":21,"turns":6},{"damage":3,"enemies":"Snecko","floor":22,"turns":5},{"damage":39,"enemies":"Slavers","floor":24,"turns":3}],"seed_played":"-5920418460709472618","potions_obtained":[{"floor":4,"key":"Swift Potion"},{"floor":11,"key":"Block Potion"},{"floor":14,"key":"PowerPotion"},{"floor":16,"key":"AttackPotion"}],"is_trial":false,"path_per_floor":["M","M","$","M","M","E","R","M","T","M","M","$","R","M","R","B",null,"M","M","?","?","M","R","E"],"character_chosen":"DEFECT","items_purchased":["Ball Lightning"],"campfire_rested":4,"item_purchase_floors":[3],"current_hp_per_floor":[67,53,53,46,33,17,39,19,19,9,10,10,33,35,58,41,70,70,59,59,9,15,39,0],"gold":310,"neow_bonus":"RANDOM_COLORLESS_2","is_prod":false,"is_daily":false,"chose_seed":false,"campfire_upgraded":0,"win_rate":0,"timestamp":1541557709,"path_taken":["M","?","$","M","M","E","R","M","T","?","M","$","R","M","R","BOSS","M","M","?","?","M","R","E"],"build_version":"2018-11-01","purchased_purges":2,"victory":false,"max_hp_per_floor":[75,75,75,75,75,75,75,75,75,75,77,77,77,79,79,79,79,79,79,79,79,81,81,81],"card_choices":[{"not_picked":["Beam Cell","Rip and Tear"],"picked":"Streamline","floor":1},{"not_picked":["Stack","Tempest"],"picked":"Gash","floor":2},{"not_picked":["Turbo","Compile Driver"],"picked":"Coolheaded","floor":4},{"not_picked":["Turbo","Tempest"],"picked":"Ball Lightning","floor":5},{"not_picked":["Rebound","Barrage"],"picked":"Machine Learning","floor":6},{"not_picked":["Coolheaded","Hologram"],"picked":"Go for the Eyes","floor":8},{"not_picked":["Redo","Fission"],"picked":"Steam","floor":10},{"not_picked":["Hologram","Beam Cell","Stack"],"picked":"Singing Bowl","floor":11},{"not_picked":["Undo","Capacitor","Redo"],"picked":"Singing Bowl","floor":14},{"not_picked":["Amplify","Fission"],"picked":"Core Surge","floor":16},{"not_picked":["Go for the Eyes","Ball Lightning"],"picked":"Cold Snap","floor":18},{"not_picked":["Coolheaded","Ball Lightning"],"picked":"Self Repair","floor":19},{"not_picked":["Stack","Static Discharge"],"picked":"Hologram","floor":21},{"not_picked":["Rip and Tear","Go for the Eyes","Stack"],"picked":"Singing Bowl","floor":22}],"player_experience":181218,"relics_obtained":[{"floor":6,"key":"Singing Bowl"},{"floor":9,"key":"Lantern"},{"floor":21,"key":"Thread and Needle"},{"floor":21,"key":"Mummified Hand"}],"event_choices":[{"damage_healed":0,"gold_gain":0,"player_choice":"Inject Mutagens","damage_taken":0,"relics_obtained":["MutagenicStrength"],"max_hp_gain":0,"max_hp_loss":0,"event_name":"Drug Dealer","floor":20,"gold_loss":0},{"damage_healed":0,"gold_gain":0,"player_choice":"Fight","damage_taken":0,"max_hp_gain":0,"max_hp_loss":0,"event_name":"Colosseum","floor":21,"gold_loss":0},{"damage_healed":0,"gold_gain":0,"player_choice":"Fought Nobs","damage_taken":0,"max_hp_gain":0,"max_hp_loss":0,"event_name":"Colosseum","floor":21,"gold_loss":0}],"is_beta":false,"boss_relics":[{"not_picked":["Runic Dome","Astrolabe"],"picked":"Nuclear Battery"}],"items_purged_floors":[3,12],"is_endless":false,"potions_floor_spawned":[4,11,14,16],"killed_by":"Slavers","ascension_level":8}