{"gold_per_floor":[113,41,41,52,62,88,35,35,35,35,47,47,60,79,79,182,182,201,201,214,224,236,236,236],"floor_reached":24,"playtime":3107,"items_purged":[],"score":200,"play_id":"c564577c-95c2-4dd6-852d-44f3a629e1da","local_time":"20190325123437","is_ascension_mode":false,"campfire_choices":[{"data":"True Grit","floor":8.0,"key":"SMITH"},{"floor":12.0,"key":"REST"},{"floor":15.0,"key":"REST"},{"data":"Metallicize","floor":23,"key":"SMITH"}],"neow_cost":"NONE","seed_source_timestamp":0,"circlet_count":0,"master_deck":["Strike_R","Strike_R","Strike_R","Strike_R","Strike_R","Defend_R","Defend_R","Defend_R","Defend_R","Bash","Pummel","Entrench","Shrug It Off","Flame Barrier","Second Wind","True Grit+1","Metallicize+1","Power Through","Pommel Strike","Juggernaut","Shrug It Off+1","True Grit","Headbutt","Clothesline+1"],"special_seed":0,"relics":["Mark of Pain","Self Forming Clay","Pear","Potion Belt","Sozu","SsserpentHead"],"potions_floor_usage":[],"damage_taken":[{"damage":9.0,"enemies":"2 Louse","floor":1.0,"turns":3.0},{"damage":9.0,"enemies":"Small Slimes","floor":4.0,"turns":4.0},{"damage":2.0,"enemies":"Cultist","floor":5.0,"turns":5.0},{"damage":36.0,"enemies":"3 Sentries","floor":6.0,"turns":12.0},{"damage":11.0,"enemies":"Exordium Wildlife","floor":11.0,"turns":6.0},{"damage":6.0,"enemies":"Exordium Thugs","floor":13.0,"turns":6.0},{"damage":8.0,"enemies":"Lots of Slimes","floor":14.0,"turns":6.0},{"damage":34.0,"enemies":"Slime Boss","floor":16.0,"turns":18.0},{"damage":7.0,"enemies":"Shell Parasite","floor":18.0,"turns":5.0},{"damage":5.0,"enemies":"Spheric Guardian","floor":20.0,"turns":6.0},{"damage":10.0,"enemies":"Shelled Parasite and Fungi","floor":21.0,"turns":7.0},{"damage":11,"enemies":"Chosen and Byrds","floor":22,"turns":5},{"damage":59,"enemies":"Gremlin Leader","floor":24,"turns":7}],"seed_played":"1043670359272784224","potions_obtained":[{"floor":1.0,"key":"Fire Potion"},{"floor":6.0,"key":"Swift Potion"},{"floor":11.0,"key":"PowerPotion"},{"floor":14.0,"key":"Strength Potion"}],"is_trial":false,"path_per_floor":["M","$","?","M","M","E","$","R","T","?","M","R","M","M","R","B",null,"M","?","M","M","M","R","E"],"character_chosen":"IRONCLAD","items_purchased":["Entrench","True Grit"],"campfire_rested":2,"item_purchase_floors":[2,7],"current_hp_per_floor":[71,71,71,62,60,24,24,24,34,34,23,50,44,36,63,29,90,83,83,78,68,57,57,0],"gold":236,"neow_bonus":"BOSS_RELIC","is_prod":false,"is_daily":false,"chose_seed":false,"campfire_upgraded":2,"win_rate":0.0,"timestamp":1553531677,"path_taken":["M","$","?","M","M","E","$","R","T","?","M","R","?","M","R","BOSS","M","?","M","M","M","R","E"],"build_version":"2019-01-23","purchased_purges":0,"victory":false,"max_hp_per_floor":[80,80,80,80,80,80,80,80,90,90,90,90,90,90,90,90,90,90,90,90,90,90,90,90],"card_choices":[{"not_picked":["Reckless Charge","True Grit"],"picked":"Pummel","floor":1.0},{"not_picked":["Anger","Twin Strike"],"picked":"Shrug It Off","floor":4.0},{"not_picked":["Rampage","Clothesline"],"picked":"Flame Barrier","floor":5.0},{"not_picked":["Whirlwind","Hemokinesis"],"picked":"Second Wind","floor":6.0},{"not_picked":["Sever Soul","Clothesline"],"picked":"Metallicize","floor":11.0},{"not_picked":["Twin Strike","Dual Wield"],"picked":"Power Through","floor":13.0},{"not_picked":["Warcry","Anger"],"picked":"Pommel Strike","floor":14.0},{"not_picked":["Fiend Fire","Offering"],"picked":"Juggernaut","floor":16.0},{"not_picked":["Flex","Twin Strike"],"picked":"Shrug It Off+1","floor":18.0},{"not_picked":["Flex","Clothesline"],"picked":"True Grit","floor":20.0},{"not_picked":["Combust+1","Heavy Blade"],"picked":"Headbutt","floor":21.0},{"not_picked":["Headbutt","Feed"],"picked":"Clothesline+1","floor":22}],"player_experience":14561,"relics_obtained":[{"floor":6.0,"key":"Self Forming Clay"},{"floor":9.0,"key":"Pear"}],"event_choices":[{"damage_healed":0.0,"max_hp_gain":0.0,"max_hp_loss":0.0,"gold_gain":0.0,"event_name":"The Cleric","player_choice":"Leave","floor":3.0,"gold_loss":0.0,"damage_taken":0.0},{"damage_healed":0.0,"max_hp_gain":0.0,"max_hp_loss":0.0,"gold_gain":0.0,"event_name":"WeMeetAgain","player_choice":"Gave Potion","floor":10.0,"gold_loss":0.0,"damage_taken":0.0,"relics_obtained":["Potion Belt"]},{"damage_healed":0.0,"max_hp_gain":0.0,"max_hp_loss":0.0,"gold_gain":0.0,"event_name":"FaceTrader","player_choice":"Trade","floor":19.0,"gold_loss":0.0,"damage_taken":0.0,"relics_obtained":["SsserpentHead"]}],"is_beta":false,"boss_relics":[{"not_picked":["Lizard Tail","Snecko Eye"],"picked":"Sozu"}],"items_purged_floors":[],"is_endless":false,"potions_floor_spawned":[1,6,11,14,18,21],"killed_by":"Gremlin Leader","ascension_level":0}