{"gold_per_floor":[115,131,131,131,147,178,253,253,279,296,315,22,37,54,54,158,158,173,173,98,122,32,32,44,44,44,59,94,108,108,118,118,118],"floor_reached":33,"playtime":2055,"items_purged":["Pain"],"score":269,"play_id":"9682ce4f-997c-4767-a5b4-8a2dad8542d5","local_time":"20190323205921","is_ascension_mode":false,"campfire_choices":[{"floor":8,"key":"REST"},{"floor":15,"key":"REST"},{"floor":25,"key":"REST"},{"data":"Feed","floor":30,"key":"SMITH"},{"floor":32,"key":"REST"}],"neow_cost":"CURSE","seed_source_timestamp":688224121502259,"circlet_count":0,"master_deck":["Strike_R+1","Strike_R","Strike_R","Strike_R","Strike_R","Defend_R","Defend_R","Defend_R","Defend_R","Bash","Bandage Up","The Bomb+1","Decay","Evolve","Searing Blow","Armaments","Seeing Red","Perfected Strike","Evolve","Feed+1","Perfected Strike+1","Anger+1","Berserk","Dual Wield","Cleave","Wild Strike","Armaments+1","Disarm+1","Perfected Strike"],"relics":["Burning Blood","Bronze Scales","WarpedTongs","Orichalcum","PreservedInsect","Blood Vial","Velvet Choker","Juzu Bracelet","Whetstone","The Courier"],"potions_floor_usage":[6,6,16,27,33,33,33],"damage_taken":[{"damage":8,"enemies":"Jaw Worm","floor":1,"turns":3},{"damage":7,"enemies":"Cultist","floor":2,"turns":4},{"damage":13,"enemies":"Small Slimes","floor":5,"turns":4},{"damage":38,"enemies":"Lagavulin","floor":6,"turns":6},{"damage":22,"enemies":"Exordium Thugs","floor":10,"turns":5},{"damage":20,"enemies":"Large Slime","floor":11,"turns":4},{"damage":3,"enemies":"Red Slaver","floor":13,"turns":2},{"damage":2,"enemies":"3 Louse","floor":14,"turns":3},{"damage":26,"enemies":"Slime Boss","floor":16,"turns":7},{"damage":38,"enemies":"Shell Parasite","floor":18,"turns":5},{"damage":14,"enemies":"Spheric Guardian","floor":24,"turns":4},{"damage":19,"enemies":"Cultist and Chosen","floor":27,"turns":6},{"damage":24,"enemies":"Gremlin Leader","floor":28,"turns":5},{"damage":16,"enemies":"Snecko","floor":29,"turns":5},{"damage":18,"enemies":"Snake Plant","floor":31,"turns":3},{"damage":116,"enemies":"Champ","floor":33,"turns":9}],"seed_played":"-6031297169478014475","potions_obtained":[{"floor":2,"key":"FearPotion"},{"floor":5,"key":"Poison Potion"},{"floor":11,"key":"FearPotion"},{"floor":13,"key":"Block Potion"},{"floor":24,"key":"Poison Potion"},{"floor":28,"key":"Explosive Potion"},{"floor":29,"key":"BloodPotion"}],"is_trial":false,"path_per_floor":["M","M","?","?","M","E","?","R","T","M","M","$","M","M","R","B",null,"M","?","$","T","?","?","M","R","T","M","E","M","R","M","R","B"],"character_chosen":"IRONCLAD","items_purchased":["Blood Vial","Feed"],"campfire_rested":4,"item_purchase_floors":[12,12],"current_hp_per_floor":[78,79,79,79,74,46,35,59,59,47,37,37,46,59,85,69,87,64,64,64,64,64,64,58,85,85,84,74,66,66,62,90,0],"gold":118,"neow_bonus":"RANDOM_COLORLESS_2","is_prod":false,"is_daily":false,"chose_seed":false,"campfire_upgraded":1,"win_rate":0.0,"timestamp":1553371161,"path_taken":["M","M","?","?","?","E","?","R","T","M","M","$","M","M","R","BOSS","M","?","$","?","?","?","M","R","T","M","E","M","R","M","R","BOSS"],"build_version":"2019-01-23","purchased_purges":1,"victory":false,"max_hp_per_floor":[80,80,80,80,80,80,80,80,80,80,80,80,84,87,87,87,87,90,90,90,90,90,90,90,90,90,94,94,94,94,94,94,94],"card_choices":[{"not_picked":["Flex","Sword Boomerang"],"picked":"Evolve","floor":1},{"not_picked":["Clothesline","Sentinel"],"picked":"Searing Blow","floor":2},{"not_picked":["Reckless Charge","Corruption"],"picked":"Armaments","floor":5},{"not_picked":["Flame Barrier","True Grit"],"picked":"Seeing Red","floor":6},{"not_picked":["Cleave","Pommel Strike"],"picked":"Perfected Strike","floor":10},{"not_picked":["Disarm","Entrench"],"picked":"Evolve","floor":11},{"not_picked":["Hemokinesis","Havoc"],"picked":"Perfected Strike","floor":13},{"not_picked":["Combust","Clash"],"picked":"Anger","floor":14},{"not_picked":["Impervious","Demon Form"],"picked":"Berserk","floor":16},{"not_picked":["Carnage","Clash+1"],"picked":"Dual Wield","floor":18},{"not_picked":["True Grit","Clash"],"picked":"Cleave","floor":24},{"not_picked":["Thunderclap+1","Pommel Strike"],"picked":"Wild Strike","floor":27},{"not_picked":["Combust+1","Shrug It Off"],"picked":"Armaments+1","floor":28},{"not_picked":["Metallicize","Anger"],"picked":"Disarm+1","floor":29},{"not_picked":["Rampage+1","Brutality"],"picked":"Perfected Strike","floor":31}],"player_experience":92852,"relics_obtained":[{"floor":6,"key":"Orichalcum"},{"floor":9,"key":"PreservedInsect"},{"floor":21,"key":"Juzu Bracelet"},{"floor":26,"key":"Whetstone"},{"floor":28,"key":"The Courier"}],"event_choices":[{"damage_healed":0,"gold_gain":0,"player_choice":"Box","damage_taken":0,"relics_obtained":["Bronze Scales"],"max_hp_gain":0,"max_hp_loss":0,"event_name":"Big Fish","floor":3,"gold_loss":0,"cards_obtained":["Regret"]},{"damage_healed":0,"gold_gain":0,"player_choice":"Rummage","damage_taken":0,"relics_obtained":["WarpedTongs"],"max_hp_gain":0,"max_hp_loss":0,"event_name":"Accursed Blacksmith","floor":4,"gold_loss":0,"cards_obtained":["Pain"]},{"damage_healed":0,"gold_gain":75,"player_choice":"Gather Gold","damage_taken":11,"max_hp_gain":0,"max_hp_loss":0,"event_name":"World of Goop","floor":7,"gold_loss":0},{"damage_healed":0,"gold_gain":0,"player_choice":"Bought 0 Potions","damage_taken":0,"max_hp_gain":0,"max_hp_loss":0,"event_name":"The Woman in Blue","floor":19,"gold_loss":0},{"cards_removed":["Regret"],"damage_healed":0,"gold_gain":0,"player_choice":"Upgrade and Remove","damage_taken":0,"max_hp_gain":0,"max_hp_loss":0,"event_name":"Designer","floor":22,"gold_loss":90,"cards_upgraded":["Strike_R"]},{"damage_healed":0,"gold_gain":0,"player_choice":"Upgraded","damage_taken":0,"max_hp_gain":0,"max_hp_loss":0,"event_name":"Upgrade Shrine","floor":23,"gold_loss":0,"cards_upgraded":["The Bomb"]}],"is_beta":false,"boss_relics":[{"not_picked":["Sozu","Coffee Dripper"],"picked":"Velvet Choker"}],"items_purged_floors":[20],"is_endless":false,"potions_floor_spawned":[2,5,11,13,24,28,29],"killed_by":"Champ","ascension_level":0}