{"gold_per_floor":[117,117,117,22,22,22,48,48,124,159,177,237,237,252,252,352,352,367,97,109,109,125,155,155,165,211,228,228,238,253,107,107,211,211,228,241,91,91,44,44,144,161,161,161,173,173,173,24,24,24,24,24,24,56,56],"floor_reached":55,"playtime":2052,"items_purged":["Strike_B","Defend_B","Strike_B+1"],"score":984,"play_id":"9c3110ec-45ae-437c-a1ae-507eabd78ba7","local_time":"20181229010035","is_ascension_mode":true,"campfire_choices":[{"data":"Genetic Algorithm","floor":6,"key":"SMITH"},{"floor":8,"key":"REST"},{"floor":13,"key":"REST"},{"floor":15,"key":"REST"},{"floor":24,"key":"REST"},{"floor":28,"key":"REST"},{"floor":32,"key":"REST"},{"floor":40,"key":"REST"},{"floor":44,"key":"RECALL"},{"floor":47,"key":"REST"},{"data":"Double Energy","floor":49,"key":"SMITH"},{"floor":52,"key":"REST"}],"neow_cost":"NONE","seed_source_timestamp":639255301912366,"circlet_count":0,"master_deck":["Strike_B+1","Strike_B+1","Defend_B","Defend_B","Zap+1","Genetic Algorithm+1","Leap","Streamline+1","Glacier","Streamline+1","Melter+1","Conserve Battery","All For One+1","Streamline+1","Go for the Eyes+1","Sunder+1","Leap+1","Rebound+1","Defragment+1","Scrape+1","Glacier","Stack+1","Gash+1","FTL+1","Seek","Hologram+1","Defragment+1","Rebound+1","Go for the Eyes+1","Streamline+1","Turbo+1","Hologram+1","Writhe","Conserve Battery+1","Writhe","Turbo+1","Beam Cell+1","Double Energy+1","Stack+1"],"relics":["Cracked Core","Anchor","Orichalcum","Mango","Molten Egg 2","Whetstone","Kunai","Lizard Tail","Lee\u0027s Waffle","Happy Flower","Dream Catcher","Cursed Key","Incense Burner","Ginger"],"potions_floor_usage":[10,23,23,23,30,41,45,45,50,50],"damage_taken":[{"damage":0,"enemies":"Small Slimes","floor":1,"turns":3},{"damage":26,"enemies":"Gremlin Nob","floor":7,"turns":4},{"damage":26,"enemies":"Lagavulin","floor":10,"turns":6},{"damage":0,"enemies":"Cultist","floor":11,"turns":3},{"damage":15,"enemies":"Gremlin Nob","floor":12,"turns":4},{"damage":0,"enemies":"2 Louse","floor":14,"turns":2},{"damage":43,"enemies":"The Guardian","floor":16,"turns":10},{"damage":0,"enemies":"Spheric Guardian","floor":18,"turns":2},{"damage":16,"enemies":"Shell Parasite","floor":20,"turns":5},{"damage":43,"enemies":"3 Cultists","floor":22,"turns":9},{"damage":22,"enemies":"Slavers","floor":23,"turns":5},{"damage":12,"enemies":"Chosen and Byrds","floor":25,"turns":5},{"damage":23,"enemies":"Shelled Parasite and Fungi","floor":27,"turns":4},{"damage":0,"enemies":"Sentry and Sphere","floor":29,"turns":2},{"damage":5,"enemies":"Snecko","floor":30,"turns":4},{"damage":37,"enemies":"Champ","floor":33,"turns":10},{"damage":16,"enemies":"3 Shapes","floor":35,"turns":3},{"damage":18,"enemies":"3 Darklings","floor":36,"turns":5},{"damage":33,"enemies":"Mind Bloom Boss Battle","floor":41,"turns":6},{"damage":2,"enemies":"Transient","floor":42,"turns":5},{"damage":41,"enemies":"Spire Growth","floor":45,"turns":4},{"damage":40,"enemies":"Time Eater","floor":50,"turns":13},{"damage":44,"enemies":"Shield and Spear","floor":54,"turns":8},{"damage":53,"enemies":"The Heart","floor":55,"turns":3}],"seed_played":"5991839838995031199","potions_obtained":[{"floor":7,"key":"PowerPotion"},{"floor":11,"key":"Dexterity Potion"},{"floor":12,"key":"Strength Potion"},{"floor":16,"key":"EssenceOfSteel"},{"floor":22,"key":"SteroidPotion"},{"floor":27,"key":"AttackPotion"},{"floor":33,"key":"Ancient Potion"},{"floor":36,"key":"SkillPotion"},{"floor":41,"key":"AttackPotion"},{"floor":42,"key":"AttackPotion"}],"is_trial":false,"path_per_floor":["M","?","?","$","?","R","E","R","T","E","M","?","R","M","R","B",null,"M","$","M","?","M","E","R","M","T","M","R","M","M","$","R","B",null,"M","M","$","?","$","R","?","M","T","R","M","?","R","$","R","B",null,"R","$","E","B"],"character_chosen":"DEFECT","items_purchased":["Genetic Algorithm","Leap","Lee\u0027s Waffle","Gash+1","Rebound+1","Go for the Eyes+1","Beam Cell+1","Double Energy","Strength Potion"],"campfire_rested":9,"item_purchase_floors":[4,4,19,31,37,39,48,48,48],"current_hp_per_floor":[68,53,41,41,41,41,29,55,55,29,29,14,40,40,66,23,73,73,96,80,80,37,15,43,31,31,8,36,36,31,31,59,22,78,62,44,44,44,44,72,39,37,37,37,48,72,96,96,96,56,86,96,96,52,0],"gold":56,"neow_bonus":"UPGRADE_CARD","is_prod":false,"is_daily":false,"chose_seed":false,"campfire_upgraded":2,"win_rate":0,"timestamp":1546041635,"path_taken":["M","?","?","$","?","R","E","R","T","E","?","?","R","M","R","BOSS","M","$","M","?","M","E","R","M","T","M","R","?","M","$","R","BOSS","M","?","$","?","$","R","?","M","T","R","M","?","R","?","R","BOSS","R","$","E","BOSS"],"build_version":"2018-12-20","purchased_purges":3,"victory":false,"max_hp_per_floor":[75,75,75,75,75,75,89,89,89,89,89,89,89,89,89,89,89,89,96,96,96,96,96,96,96,96,96,96,96,96,96,96,96,96,96,96,96,96,96,96,96,96,96,96,96,96,96,96,96,96,96,96,96,96,96],"card_choices":[{"not_picked":["Go for the Eyes","Compile Driver"],"picked":"Redo","floor":1},{"not_picked":["Beam Cell","Static Discharge"],"picked":"Streamline","floor":7},{"not_picked":["Conserve Battery","Stack"],"picked":"Glacier","floor":10},{"not_picked":["Steam","Chill"],"picked":"Streamline+1","floor":11},{"not_picked":["Redo","FTL+1"],"picked":"Melter+1","floor":12},{"not_picked":["Glacier","Barrage+1"],"picked":"Conserve Battery","floor":14},{"not_picked":["Buffer","Rainbow"],"picked":"All For One+1","floor":16},{"not_picked":["Hologram","Rebound+1"],"picked":"Streamline+1","floor":18},{"not_picked":["Undo","Steam Power+1"],"picked":"Go for the Eyes+1","floor":20},{"not_picked":["Leap+1","Stack"],"picked":"Sunder+1","floor":22},{"not_picked":["Creative AI","Static Discharge"],"picked":"Leap+1","floor":23},{"not_picked":["Ball Lightning+1","Hologram"],"picked":"Rebound+1","floor":25},{"not_picked":["Doom and Gloom+1","Coolheaded"],"picked":"Defragment+1","floor":27},{"not_picked":["Capacitor","Leap+1"],"picked":"Scrape+1","floor":28},{"not_picked":["Genetic Algorithm","Sunder+1"],"picked":"Glacier","floor":29},{"not_picked":["Double Energy","Conserve Battery"],"picked":"Stack+1","floor":30},{"not_picked":["Darkness","Ball Lightning+1"],"picked":"FTL+1","floor":32},{"not_picked":["Echo Form","Rainbow"],"picked":"Seek","floor":33},{"not_picked":["Barrage+1","Storm"],"picked":"Hologram+1","floor":35},{"not_picked":["Skim+1","Reinforced Body+1"],"picked":"Defragment+1","floor":36},{"not_picked":["Tempest","Loop+1"],"picked":"Streamline+1","floor":40},{"not_picked":["Go for the Eyes+1","Defragment+1"],"picked":"Turbo+1","floor":41},{"not_picked":["Barrage+1","Streamline+1"],"picked":"Hologram+1","floor":42},{"not_picked":["Hello World+1","BootSequence"],"picked":"Conserve Battery+1","floor":45},{"not_picked":["Stack","Capacitor"],"picked":"Turbo+1","floor":47},{"not_picked":["Double Energy","Scrape+1"],"picked":"Stack+1","floor":54}],"player_experience":470874,"relics_obtained":[{"floor":7,"key":"Mango"},{"floor":9,"key":"Molten Egg 2"},{"floor":10,"key":"Whetstone"},{"floor":12,"key":"Kunai"},{"floor":23,"key":"Happy Flower"},{"floor":26,"key":"Dream Catcher"},{"floor":41,"key":"Incense Burner"},{"floor":54,"key":"Ginger"}],"event_choices":[{"damage_healed":0,"gold_gain":0,"player_choice":"Entered Light","damage_taken":15,"max_hp_gain":0,"max_hp_loss":0,"event_name":"Shining Light","floor":2,"gold_loss":0,"cards_upgraded":["Strike_B","Strike_B"]},{"damage_healed":0,"gold_gain":0,"player_choice":"Success","damage_taken":12,"relics_obtained":["Anchor"],"max_hp_gain":0,"max_hp_loss":0,"event_name":"Scrap Ooze","floor":3,"gold_loss":0},{"cards_removed":["Redo"],"damage_healed":0,"gold_gain":0,"player_choice":"Gave Card","damage_taken":0,"relics_obtained":["Orichalcum"],"max_hp_gain":0,"max_hp_loss":0,"event_name":"WeMeetAgain","floor":5,"gold_loss":0},{"damage_healed":0,"gold_gain":0,"player_choice":"Searched \u00272\u0027 times","damage_taken":0,"max_hp_gain":0,"max_hp_loss":0,"event_name":"Dead Adventurer","floor":12,"gold_loss":0},{"cards_removed":["Defend_B"],"damage_healed":0,"gold_gain":0,"player_choice":"Offered Basic","damage_taken":0,"max_hp_gain":0,"max_hp_loss":0,"event_name":"Bonfire Elementals","floor":21,"gold_loss":0},{"cards_removed":["Dualcast"],"damage_healed":0,"gold_gain":0,"player_choice":"Removed Skill","damage_taken":0,"max_hp_gain":0,"max_hp_loss":0,"event_name":"Falling","floor":38,"gold_loss":0},{"damage_healed":0,"gold_gain":0,"player_choice":"Fight","damage_taken":0,"max_hp_gain":0,"max_hp_loss":0,"event_name":"MindBloom","floor":41,"gold_loss":0},{"damage_healed":24,"gold_gain":0,"player_choice":"Writhe","damage_taken":0,"max_hp_gain":0,"max_hp_loss":0,"event_name":"Winding Halls","floor":46,"gold_loss":0,"cards_obtained":["Writhe"]}],"is_beta":false,"boss_relics":[{"not_picked":["Ectoplasm","Busted Crown"],"picked":"Lizard Tail"},{"not_picked":["Snecko Eye","Nuclear Battery"],"picked":"Cursed Key"}],"items_purged_floors":[19,31,37],"is_endless":false,"potions_floor_spawned":[7,11,12,16,22,27,33,36,41,42],"killed_by":"The Heart","ascension_level":7}