{"gold_per_floor":[109,122,122,51,61,96,96,113,137,137,102,102,127,142,142,217,217,235,235,235,253,3,3,19,19,44,56,87,99,11,24,24,95,95,112,30,46,46,46],"floor_reached":39,"playtime":2557,"items_purged":["Strike_B","Strike_B"],"score":834,"play_id":"0fae8c2f-f266-4c8e-bc88-c99cb9ac6637","local_time":"20180925150802","is_ascension_mode":true,"campfire_choices":[{"floor":10,"key":"REST"},{"floor":12,"key":"REST"},{"data":"Buffer","floor":15,"key":"SMITH"},{"floor":23,"key":"REST"},{"floor":25,"key":"REST"},{"data":"Sunder","floor":27,"key":"SMITH"},{"floor":32,"key":"REST"}],"neow_cost":"","seed_source_timestamp":870641577396160,"circlet_count":0,"master_deck":["Strike_B","Strike_B","Defend_B","Defend_B","Defend_B","Defend_B","Zap","Dualcast","AscendersBane","Beam Cell","White Noise","Buffer+1","Ball Lightning","Doom and Gloom","Seek","Self Repair","Sunder+1","Leap","Beam Cell","Electrodynamics","Chaos+1","Self Repair"],"relics":["Cracked Core","Happy Flower","Ancient Tea Set","DataDisk","Nuclear Battery","Bronze Scales","MawBank","FaceOfCleric","Inserter"],"potions_floor_usage":[6,13,13,18,28,31,35,39],"damage_taken":[{"damage":2,"enemies":"Small Slimes","floor":1,"turns":4},{"damage":3,"enemies":"2 Louse","floor":2,"turns":3},{"damage":12,"enemies":"Jaw Worm","floor":5,"turns":2},{"damage":48,"enemies":"Gremlin Nob","floor":6,"turns":6},{"damage":6,"enemies":"Blue Slaver","floor":8,"turns":3},{"damage":11,"enemies":"3 Sentries","floor":13,"turns":3},{"damage":0,"enemies":"2 Fungi Beasts","floor":14,"turns":2},{"damage":0,"enemies":"Slime Boss","floor":16,"turns":7},{"damage":11,"enemies":"Spheric Guardian","floor":18,"turns":4},{"damage":36,"enemies":"3 Byrds","floor":21,"turns":4},{"damage":11,"enemies":"Sentry and Sphere","floor":24,"turns":4},{"damage":27,"enemies":"Shelled Parasite and Fungi","floor":28,"turns":4},{"damage":15,"enemies":"3 Cultists","floor":31,"turns":4},{"damage":61,"enemies":"Collector","floor":33,"turns":11},{"damage":14,"enemies":"3 Shapes","floor":35,"turns":3},{"damage":34,"enemies":"Orb Walker","floor":37,"turns":3},{"damage":37,"enemies":"Sphere and 2 Shapes","floor":39,"turns":3}],"seed_played":"1215149647135577165","potions_obtained":[{"floor":1,"key":"FearPotion"},{"floor":6,"key":"Block Potion"},{"floor":8,"key":"Dexterity Potion"},{"floor":16,"key":"SteroidPotion"},{"floor":24,"key":"Swift Potion"},{"floor":28,"key":"Explosive Potion"},{"floor":33,"key":"EssenceOfSteel"},{"floor":37,"key":"FocusPotion"}],"is_trial":false,"path_per_floor":["M","M","?","?","M","E","?","M","T","R","?","R","E","M","R","B",null,"M","?","?","M","$","R","M","R","T","R","M","?","$","M","R","B",null,"M","$","M","$"],"character_chosen":"DEFECT","items_purchased":["Bronze Scales","Self Repair"],"campfire_rested":5,"item_purchase_floors":[22,36],"current_hp_per_floor":[62,59,64,64,59,11,11,5,5,27,46,68,57,57,57,57,71,60,60,60,31,31,53,49,71,71,71,51,51,51,44,67,14,62,56,56,30,30,0],"gold":46,"neow_bonus":"","is_prod":false,"is_daily":false,"chose_seed":false,"campfire_upgraded":2,"win_rate":0,"timestamp":1537880882,"path_taken":["M","M","?","?","M","E","?","M","T","R","?","R","E","M","R","BOSS","M","?","?","?","$","R","M","R","T","R","M","?","$","M","R","BOSS","M","$","M","$","M"],"build_version":"2018-09-20","purchased_purges":2,"victory":false,"max_hp_per_floor":[71,71,76,76,76,76,76,76,76,76,76,76,76,76,76,76,76,76,76,76,76,76,76,76,76,76,76,76,76,76,77,77,78,78,79,79,80,80,80],"card_choices":[{"not_picked":["Steam","Hologram"],"picked":"Beam Cell","floor":1},{"not_picked":["Lockon","Compile Driver"],"picked":"White Noise","floor":2},{"not_picked":["Cold Snap","Scrape"],"picked":"Buffer","floor":5},{"not_picked":["Heatsinks","Genetic Algorithm","Double Energy"],"picked":"SKIP","floor":6},{"not_picked":["BootSequence","Gash"],"picked":"Ball Lightning","floor":8},{"not_picked":["Turbo","Redo"],"picked":"Doom and Gloom","floor":13},{"not_picked":["Scrape","Aggregate","Double Energy"],"picked":"SKIP","floor":14},{"not_picked":["Fission","Biased Cognition"],"picked":"Seek","floor":16},{"not_picked":["Double Energy","Turbo","Coolheaded"],"picked":"SKIP","floor":18},{"not_picked":["Recycle","Force Field"],"picked":"Sunder","floor":21},{"not_picked":["Streamline","Sunder","Leap"],"picked":"SKIP","floor":24},{"not_picked":["Sweeping Beam","Turbo"],"picked":"Leap","floor":28},{"not_picked":["Go for the Eyes","Steam"],"picked":"Beam Cell","floor":31},{"not_picked":["All For One","Meteor Strike"],"picked":"Electrodynamics","floor":33},{"not_picked":["Barrage","Stack"],"picked":"Chaos+1","floor":35},{"not_picked":["Conserve Battery","Barrage+1","Cold Snap"],"picked":"SKIP","floor":37}],"player_experience":675628,"relics_obtained":[{"floor":6,"key":"Happy Flower"},{"floor":9,"key":"Ancient Tea Set"},{"floor":13,"key":"DataDisk"},{"floor":26,"key":"MawBank"}],"event_choices":[{"event_name":"Big Fish","player_choice":"Donut","floor":3,"damage_taken":0},{"event_name":"World of Goop","player_choice":"Left","floor":4,"damage_taken":0},{"event_name":"Shining Light","player_choice":"Ignored","floor":7,"damage_taken":0},{"event_name":"The Cleric","player_choice":"Healed","floor":11,"damage_taken":0},{"event_name":"Vampires","player_choice":"Ignored","floor":19,"damage_taken":0},{"event_name":"The Library","player_choice":"Read","floor":20,"damage_taken":0},{"event_name":"FaceTrader","player_choice":"Trade","floor":29,"damage_taken":0}],"is_beta":false,"boss_relics":[{"not_picked":["White Beast Statue","Snecko Eye"],"picked":"Nuclear Battery"},{"not_picked":["Orrery","Astrolabe"],"picked":"Inserter"}],"items_purged_floors":[22,30],"is_endless":false,"potions_floor_spawned":[1,6,8,16,24,28,33,37],"killed_by":"Sphere and 2 Shapes","ascension_level":18}