{"path_per_floor":["M","?","M","?","?","E","M","R","T","R","$","E","M","M","R","B",null,"M","M","$"],"character_chosen":"THE_SILENT","items_purchased":["Footwork"],"gold_per_floor":[119,119,138,138,138,170,189,189,189,189,75,100,114,95,95,196,196,165,181,101,101],"floor_reached":21,"campfire_rested":0,"playtime":939,"item_purchase_floors":[11],"current_hp_per_floor":[66,66,66,66,66,38,38,38,38,38,38,30,10,4,4,4,54,34,12,12,0],"items_purged":["Strike_G","Strike_G"],"gold":101,"score":236,"play_id":"39c37089-784b-4436-bb25-e730f2136b27","local_time":"20180605005107","is_prod":false,"is_daily":false,"chose_seed":false,"is_ascension_mode":true,"campfire_upgraded":3,"win_rate":0,"timestamp":1528174267,"campfire_choices":[{"data":"Noxious Fumes","floor":8,"key":"SMITH"},{"data":"Neutralize","floor":10,"key":"SMITH"},{"data":"Footwork","floor":15,"key":"SMITH"}],"path_taken":["M","?","M","?","?","E","?","R","T","R","$","E","M","M","R","BOSS","M","M","$","M"],"build_version":"2018-05-30v2","seed_source_timestamp":17108213495476,"purchased_purges":2,"victory":false,"master_deck":["Defend_G","Defend_G","Defend_G","Defend_G","Strike_G","Strike_G","Strike_G","Survivor","Neutralize+1","Expertise","Noxious Fumes+1","Deadly Poison","Tools of the Trade","Footwork+1","Catalyst","Backstab","Die Die Die","Sucker Punch+1","Terror+1"],"max_hp_per_floor":[70,70,70,70,70,70,70,70,70,70,70,70,70,70,70,70,70,70,70,70,70],"relics":["Ring of the Snake","Pantograph","The Courier","Girya","White Beast Statue"],"card_choices":[{"not_picked":["Prepared","Dodge and Roll"],"picked":"Expertise","floor":1},{"not_picked":["Prepared","Bane"],"picked":"Noxious Fumes","floor":3},{"not_picked":["Outmaneuver","Concentrate"],"picked":"Deadly Poison","floor":6},{"not_picked":["Eviscerate","Deadly Poison"],"picked":"Tools of the Trade","floor":7},{"not_picked":["Predator","Poisoned Stab"],"picked":"Catalyst","floor":12},{"not_picked":["Bane","Prepared","Underhanded Strike"],"picked":"SKIP","floor":13},{"not_picked":["Accuracy","Dodge and Roll"],"picked":"Backstab","floor":14},{"not_picked":["Wraith Form v2","Glass Knife"],"picked":"Die Die Die","floor":16},{"not_picked":["Deflect","Concentrate"],"picked":"Sucker Punch+1","floor":18},{"not_picked":["Backflip","Sucker Punch+1"],"picked":"Terror+1","floor":19}],"player_experience":288063,"potions_floor_usage":[12],"damage_taken":[{"damage":4,"enemies":"Jaw Worm","floor":1,"turns":7},{"damage":0,"enemies":"2 Louse","floor":3,"turns":5},{"damage":28,"enemies":"3 Sentries","floor":6,"turns":9},{"damage":0,"enemies":"Small Slimes","floor":7,"turns":4},{"damage":8,"enemies":"Lagavulin","floor":12,"turns":6},{"damage":20,"enemies":"Gremlin Gang","floor":13,"turns":4},{"damage":6,"enemies":"Exordium Thugs","floor":14,"turns":5},{"damage":25,"enemies":"Slime Boss","floor":16,"turns":10},{"damage":20,"enemies":"2 Thieves","floor":18,"turns":5},{"damage":22,"enemies":"Chosen","floor":19,"turns":6},{"damage":19,"enemies":"Sentry and Sphere","floor":21,"turns":3}],"relics_obtained":[{"floor":6,"key":"Pantograph"},{"floor":9,"key":"The Courier"},{"floor":12,"key":"Girya"}],"event_choices":[{"event_name":"Liars Game","player_choice":"disagreed","floor":2,"damage_taken":0},{"event_name":"The Lab","player_choice":"Got Potions","floor":4,"damage_taken":0},{"event_name":"Bonfire Elementals","player_choice":"BASIC","floor":5,"damage_taken":0}],"boss_relics":[{"not_picked":["Snecko Eye","Runic Pyramid"],"picked":"White Beast Statue"}],"items_purged_floors":[11,20],"potions_floor_spawned":[1,6,7,12,13,18,19],"seed_played":"6001506124994469581","killed_by":"Sentry and Sphere","ascension_level":5,"potions_obtained":[{"floor":1,"key":"FearPotion"},{"floor":4,"key":"SmokeBomb"},{"floor":4,"key":"SteroidPotion"},{"floor":6,"key":"Ancient Potion"},{"floor":12,"key":"Weak Potion"},{"floor":13,"key":"EssenceOfSteel"}],"is_trial":false}