{"gold_per_floor":[109,109,123,123,139,139,157,191,214,214,16,60,60,75,75,196,196,215,69,69,92,92,92,128,151,224,224,238,238,256,281,281,281],"floor_reached":33,"playtime":1748,"items_purged":["Strike_B"],"score":443,"play_id":"4a590e72-638c-4bbf-b1df-6362210ee210","local_time":"20180928161736","is_ascension_mode":true,"campfire_choices":[{"data":"Sunder","floor":6,"key":"SMITH"},{"data":"Streamline","floor":10,"key":"SMITH"},{"data":"Steam","floor":15,"key":"SMITH"},{"data":"Glacier","floor":23,"key":"SMITH"},{"data":"Capacitor","floor":27,"key":"SMITH"},{"data":"Glacier","floor":29,"key":"SMITH"},{"data":"Hologram","floor":32,"key":"SMITH"}],"neow_cost":"NONE","seed_source_timestamp":136139366798187,"circlet_count":0,"master_deck":["Strike_B","Strike_B","Strike_B","Defend_B","Defend_B","Defend_B","Defend_B","Zap+1","Dualcast","AscendersBane","Streamline+1","Sunder+1","Steam+1","Sweeping Beam","Steam+1","Cold Snap","Rainbow","Glacier+1","Glacier+1","Skim","Capacitor+1","BootSequence","Ball Lightning","Hologram+1"],"relics":["Cracked Core","Golden Idol","Bronze Scales","Anchor","HandDrill","Bag of Preparation","Coffee Dripper","MutagenicStrength","Pen Nib","Meat on the Bone"],"potions_floor_usage":[24,33,33],"damage_taken":[{"damage":10,"enemies":"2 Louse","floor":1,"turns":3},{"damage":5,"enemies":"Small Slimes","floor":3,"turns":3},{"damage":1,"enemies":"Cultist","floor":5,"turns":3},{"damage":1,"enemies":"Looter","floor":7,"turns":3},{"damage":19,"enemies":"Lagavulin","floor":8,"turns":6},{"damage":5,"enemies":"3 Sentries","floor":12,"turns":6},{"damage":3,"enemies":"2 Fungi Beasts","floor":14,"turns":2},{"damage":24,"enemies":"Hexaghost","floor":16,"turns":8},{"damage":1,"enemies":"Spheric Guardian","floor":18,"turns":3},{"damage":0,"enemies":"3 Byrds","floor":21,"turns":2},{"damage":6,"enemies":"Gremlin Leader","floor":24,"turns":6},{"damage":0,"enemies":"Snake Plant","floor":25,"turns":3},{"damage":4,"enemies":"Centurion and Healer","floor":28,"turns":7},{"damage":6,"enemies":"Sentry and Sphere","floor":30,"turns":4},{"damage":10,"enemies":"Snake Plant","floor":31,"turns":3},{"damage":46,"enemies":"Automaton","floor":33,"turns":12}],"seed_played":"-4295108080474218000","potions_obtained":[{"floor":5,"key":"SpeedPotion"},{"floor":7,"key":"Swift Potion"},{"floor":24,"key":"SkillPotion"},{"floor":25,"key":"GamblersBrew"},{"floor":30,"key":"Block Potion"}],"is_trial":false,"path_per_floor":["M","?","M","?","M","R","M","E","T","R","$","E","?","M","R","B",null,"M","$","?","M","?","R","E","M","T","R","M","R","M","M","R"],"character_chosen":"DEFECT","items_purchased":["HandDrill","Glacier"],"campfire_rested":0,"item_purchase_floors":[11,19],"current_hp_per_floor":[65,65,60,60,59,59,58,39,39,39,39,34,34,31,31,7,59,58,58,58,58,58,58,52,52,52,52,48,48,42,44,44,0],"gold":281,"neow_bonus":"TEN_PERCENT_HP_BONUS","is_prod":false,"is_daily":false,"chose_seed":false,"campfire_upgraded":7,"win_rate":0,"timestamp":1538144256,"path_taken":["M","?","M","?","M","R","M","E","T","R","$","E","?","M","R","BOSS","M","$","?","M","?","R","E","?","T","R","M","R","M","M","R","BOSS"],"build_version":"2018-09-27","purchased_purges":1,"victory":false,"max_hp_per_floor":[82,82,82,76,76,76,76,76,76,76,76,76,76,76,76,76,76,76,76,76,76,76,76,76,76,76,76,76,76,76,76,76,76],"card_choices":[{"not_picked":["Stack","Storm"],"picked":"Streamline","floor":1},{"not_picked":["Redo","Barrage"],"picked":"Sunder","floor":3},{"not_picked":["Rebound","Gash"],"picked":"Steam","floor":5},{"not_picked":["Recycle","BootSequence"],"picked":"Sweeping Beam","floor":7},{"not_picked":["Rebound","Sunder"],"picked":"Steam","floor":8},{"not_picked":["Force Field","Skim","Streamline"],"picked":"SKIP","floor":12},{"not_picked":["Sweeping Beam","Static Discharge"],"picked":"Cold Snap","floor":14},{"not_picked":["Amplify","Multi-Cast"],"picked":"Rainbow","floor":16},{"not_picked":["Compile Driver","Scrape"],"picked":"Glacier","floor":18},{"not_picked":["Beam Cell","Rebound"],"picked":"Skim","floor":21},{"not_picked":["Cold Snap","Recycle"],"picked":"Capacitor","floor":24},{"not_picked":["Blizzard+1","Consume"],"picked":"BootSequence","floor":25},{"not_picked":["Force Field","Cold Snap","Rip and Tear"],"picked":"SKIP","floor":28},{"not_picked":["Force Field","Steam"],"picked":"Ball Lightning","floor":30},{"not_picked":["Rebound","Turbo"],"picked":"Hologram","floor":31}],"player_experience":162042,"relics_obtained":[{"floor":8,"key":"Bronze Scales"},{"floor":9,"key":"Anchor"},{"floor":12,"key":"Bag of Preparation"},{"floor":24,"key":"Pen Nib"},{"floor":26,"key":"Meat on the Bone"}],"event_choices":[{"event_name":"Living Wall","player_choice":"Grow","floor":2,"damage_taken":0},{"event_name":"Golden Idol","player_choice":"Lose Max HP","floor":4,"damage_taken":0},{"event_name":"Upgrade Shrine","player_choice":"Upgraded","floor":13,"damage_taken":0},{"event_name":"Ghosts","player_choice":"Ignored","floor":20,"damage_taken":0},{"event_name":"Drug Dealer","player_choice":"Inject Mutagens","floor":22,"damage_taken":0}],"is_beta":true,"boss_relics":[{"not_picked":["Inserter","Fusion Hammer"],"picked":"Coffee Dripper"}],"items_purged_floors":[19],"is_endless":false,"potions_floor_spawned":[5,7,8,12,16,24,25,30],"killed_by":"Automaton","ascension_level":12}