{"path_per_floor":["M","?","M","?","M","E","R","T","T","R","E","M","R","E","R","B",null,"M","?","M","$","M","R","?","R","T","$","E","?","$","M","R"],"character_chosen":"THE_SILENT","items_purchased":["Letter Opener","War Paint"],"gold_per_floor":[11,186,201,201,213,245,245,245,245,245,275,292,292,326,326,431,431,442,442,458,128,144,144,144,144,170,22,56,56,56,76,76],"floor_reached":33,"campfire_rested":2,"playtime":4276,"current_hp_per_floor":[70,70,70,70,70,55,55,55,55,55,17,17,38,36,36,21,70,68,55,45,45,43,43,43,43,43,43,12,37,37,21,43],"items_purged":["Strike_G"],"gold":76,"score":337,"play_id":"da6871f3-0810-4d91-9d0f-1721134c7ed7","is_prod":false,"is_daily":false,"is_ascension_mode":true,"campfire_upgraded":3,"path_taken":["M","?","M","?","M","E","R","?","T","R","E","M","R","E","R","BOSS","M","?","M","$","M","R","?","R","T","$","E","?","$","?","R","BOSS"],"build_version":"2018-02-22-PROD2","purchased_purges":1,"victory":false,"master_deck":["Defend_G","Defend_G+1","Defend_G","Defend_G+1","Strike_G","Strike_G","Survivor","Neutralize+1","Underhanded Strike","Dagger Throw","Dodge and Roll+1","Tools of the Trade+1","Footwork","Slice","Backflip","Tools of the Trade+1","Prepared","Quick Slash","Acrobatics","Quick Slash","Malaise+1"],"max_hp_per_floor":[70,70,70,70,70,70,70,70,70,70,70,70,70,70,70,70,70,70,75,75,75,75,75,75,75,75,75,75,75,75,75,75],"relics":["Ring of the Snake","Art of War","Peace Pipe","Gremlin Horn","Omamori","Torii","Black Star","Letter Opener","Pen Nib","Happy Flower","War Paint","Anchor","Bronze Scales"],"card_choices":[{"not_picked":["PiercingWail","Outmaneuver"],"picked":"Underhanded Strike"},{"not_picked":["Noxious Fumes","Poisoned Stab"],"picked":"Dagger Throw"},{"not_picked":["Eviscerate","Outmaneuver"],"picked":"Dodge and Roll"},{"not_picked":["Quick Slash","Bane"],"picked":"Tools of the Trade"},{"not_picked":["Quick Slash","Eviscerate"],"picked":"Footwork"},{"not_picked":["PiercingWail","Choke"],"picked":"Slice"},{"not_picked":["Venomology","Outmaneuver"],"picked":"Backflip"},{"not_picked":["Envenom","Grand Finale"],"picked":"Tools of the Trade"},{"not_picked":["PiercingWail","Outmaneuver"],"picked":"Prepared"},{"not_picked":["Deflect","Slice"],"picked":"Quick Slash"},{"not_picked":["Malaise","Outmaneuver"],"picked":"Acrobatics"},{"not_picked":["Phantasmal Killer","Choke"],"picked":"Quick Slash"},{"not_picked":["Deadly Poison","Skewer"],"picked":"Malaise"}],"player_experience":172905,"potions_floor_usage":[12,12,16,22,33],"damage_taken":[{"damage":0,"enemies":"Small Slimes","floor":1,"turns":4},{"damage":0,"enemies":"Jaw Worm","floor":3,"turns":7},{"damage":0,"enemies":"2 Louse","floor":5,"turns":2},{"damage":15,"enemies":"3 Sentries","floor":6,"turns":15},{"damage":38,"enemies":"Gremlin Nob","floor":11,"turns":5},{"damage":0,"enemies":"Gremlin Gang","floor":12,"turns":3},{"damage":2,"enemies":"3 Sentries","floor":14,"turns":13},{"damage":15,"enemies":"Hexaghost","floor":16,"turns":16},{"damage":2,"enemies":"Shell Parasite","floor":18,"turns":9},{"damage":10,"enemies":"Spheric Guardian","floor":20,"turns":8},{"damage":2,"enemies":"Centurion and Healer","floor":22,"turns":13},{"damage":31,"enemies":"Gremlin Leader","floor":28,"turns":12},{"damage":16,"enemies":"Cultist and Chosen","floor":31,"turns":10},{"damage":57,"enemies":"Champ","floor":33,"turns":16}],"event_choices":[{"event_name":"Liars Game","player_choice":"agreed","floor":2,"damage_taken":0},{"event_name":"Accursed Blacksmith","player_choice":"Forge","floor":4,"damage_taken":0},{"event_name":"Forgotten Altar","player_choice":"Shed Blood","floor":19,"damage_taken":0},{"event_name":"The Mausoleum","player_choice":"Yes","floor":24,"damage_taken":0},{"event_name":"The Library","player_choice":"Heal","floor":29,"damage_taken":0}],"boss_relics":[{"not_picked":["Philosopher\u0027s Stone","Runic Dome"],"picked":"Black Star"}],"potions_floor_spawned":[6,11,14,20,28],"seed_played":"-5120535182910942093","killed_by":"Champ","ascension_level":4,"is_trial":false}