{"path_per_floor":["M","?","M","?","?","R","M","R","T","$","M","M","M","M","R","B",null,"M","M","M","?","?","R","?","E","T","$","R","E","M","$","R","B",null,"M","?","M","$","?","R","M","R","T","R","M","M","$","M","R","B"],"character_chosen":"THE_SILENT","items_purchased":["Deadly Poison","Caltrops","Noxious Fumes","Secret Technique","Dodge and Roll","Noxious Fumes","Bouncing Flask"],"gold_per_floor":[365,440,458,458,458,458,470,470,470,267,283,298,308,319,319,421,421,433,452,464,464,464,464,464,493,493,138,138,173,183,13,13,108,138,148,148,166,18,18,18,29,29,29,29,40,52,52,66,66,66],"floor_reached":51,"campfire_rested":4,"playtime":6038,"current_hp_per_floor":[61,50,50,38,38,38,29,47,47,47,40,39,39,31,31,27,63,47,40,33,33,33,51,51,35,35,35,35,5,3,3,21,14,68,61,51,51,51,51,51,45,45,45,45,38,38,38,35,55,2],"items_purged":["Strike_G","Strike_G","Choke"],"gold":66,"play_id":"cb22e269-297d-467a-a142-e0043071dea2","is_prod":false,"is_daily":false,"campfire_rituals":0,"campfire_upgraded":6,"is_hardmode":false,"path_taken":["M","?","?","?","?","R","M","R","T","$","M","M","?","M","R","BOSS","M","M","M","?","?","R","?","E","T","$","R","E","M","$","R","BOSS","M","?","?","$","?","R","M","R","T","R","?","M","$","M","R","BOSS"],"build_version":"2018-01-04-PROD1","purchased_purges":3,"victory":true,"master_deck":["Defend_G","Defend_G","Defend_G","Defend_G","Defend_G","Survivor","Neutralize","Predator","Well Laid Plans","Deadly Poison","Caltrops","Backflip","Footwork","Acrobatics","Tools of the Trade","Crippling Poison","Poisoned Stab","Heel Hook","Outmaneuver","Noxious Fumes","Noxious Fumes","Secret Technique","Bane","Dodge and Roll","Backflip","Madness","Madness","Noxious Fumes","Bouncing Flask","Noxious Fumes","Corpse Explosion","Backflip"],"max_hp_per_floor":[63,63,63,63,63,63,63,63,63,63,63,63,63,63,63,63,63,63,63,63,63,63,63,63,63,63,63,63,63,63,63,63,63,68,68,68,68,68,68,68,68,68,68,68,68,68,68,68,68,68],"relics":["Ring of the Snake","Ancient Tea Set","Velvet Choker","Snake Skull","Centennial Puzzle","War Paint","Tiny House","Unceasing Top"],"campfire_meditates":0,"card_choices":[{"not_picked":["Backflip","Leg Sweep"],"picked":"Predator"},{"not_picked":["Dagger Throw","Sucker Punch"],"picked":"Well Laid Plans"},{"not_picked":["Catalyst","Wraith Form"],"picked":"Choke"},{"not_picked":["Bane","Outmaneuver"],"picked":"Backflip"},{"not_picked":["Predator","Sucker Punch"],"picked":"Footwork"},{"not_picked":["Heel Hook","Distraction"],"picked":"Acrobatics"},{"not_picked":["Doppelganger","Glass Knife"],"picked":"Tools of the Trade"},{"not_picked":["Calculated Gamble","Prepared"],"picked":"Crippling Poison"},{"not_picked":["Acrobatics","Slice"],"picked":"Poisoned Stab"},{"not_picked":["Eviscerate","Quick Slash"],"picked":"Heel Hook"},{"not_picked":["Prepared","Dagger Spray"],"picked":"Noxious Fumes"},{"not_picked":["Venomology","Outmaneuver"],"picked":"Bane"},{"not_picked":["Acrobatics","PiercingWail"],"picked":"Backflip"},{"not_picked":["Outmaneuver","Endless Agony"],"picked":"Corpse Explosion"},{"not_picked":["Distraction","Poisoned Stab"],"picked":"Backflip"}],"player_experience":15928,"potions_floor_usage":[48,50,50],"damage_taken":[{"damage":2,"enemies":"Jaw Worm","floor":1,"turns":5},{"damage":0,"enemies":"2 Louse","floor":3,"turns":4},{"damage":9,"enemies":"Blue Slaver","floor":7,"turns":3},{"damage":7,"enemies":"Large Slime","floor":11,"turns":6},{"damage":1,"enemies":"Exordium Wildlife","floor":12,"turns":3},{"damage":0,"enemies":"Red Slaver","floor":13,"turns":3},{"damage":8,"enemies":"2 Fungi Beasts","floor":14,"turns":4},{"damage":4,"enemies":"The Guardian","floor":16,"turns":10},{"damage":16,"enemies":"Chosen","floor":18,"turns":6},{"damage":7,"enemies":"Spheric Guardian","floor":19,"turns":5},{"damage":7,"enemies":"Centurion and Healer","floor":20,"turns":8},{"damage":16,"enemies":"Book of Stabbing","floor":25,"turns":6},{"damage":30,"enemies":"Slavers","floor":29,"turns":5},{"damage":2,"enemies":"Snecko","floor":30,"turns":4},{"damage":7,"enemies":"Automaton","floor":33,"turns":8},{"damage":7,"enemies":"3 Darklings","floor":35,"turns":6},{"damage":0,"enemies":"3 Shapes","floor":37,"turns":4},{"damage":6,"enemies":"3 Darklings","floor":41,"turns":4},{"damage":7,"enemies":"4 Shapes","floor":45,"turns":4},{"damage":0,"enemies":"Maw","floor":46,"turns":6},{"damage":12,"enemies":"3 Darklings","floor":48,"turns":4},{"damage":53,"enemies":"Donu and Deca","floor":50,"turns":7}],"event_choices":[{"event_name":"World of Goop","player_choice":"Gather Gold","floor":2,"damage_taken":0},{"event_name":"Shining Light","player_choice":"Entered Light","floor":4,"damage_taken":0},{"event_name":"Upgrade Shrine","player_choice":"Upgraded","floor":5,"damage_taken":0},{"event_name":"Back to Basics","player_choice":"Elegance","floor":21,"damage_taken":0},{"event_name":"Transmorgrifier","player_choice":"Transform","floor":22,"damage_taken":0},{"event_name":"Wheel of Change","player_choice":"Card Removal","floor":24,"damage_taken":0},{"event_name":"Winding Halls","player_choice":"Embrace Madness","floor":36,"damage_taken":0},{"event_name":"Duplicator","player_choice":"One dupe","floor":39,"damage_taken":0}],"boss_relics":[{"not_picked":["Snecko Eye","Lizard Tail"],"picked":"Velvet Choker"},{"not_picked":["Cursed Key","Runic Dome"],"picked":"Tiny House"}],"potions_floor_spawned":[1,12,13,16,19,25,33,35,41],"seed_played":"-4915983524913676751","is_trial":false}