{"gold_per_floor":[114,189,219,34,61,88,130,142,154,166,178,205,247,274,286,398,410,437,449,476,488,500,572,584,611,623,685,712,288,303,333,333,433,433,448,98,98,98,113,143,158,188,213,243,243,243,0,0,0,0],"floor_reached":51,"playtime":1944,"items_purged":[],"score":1208,"play_id":"121f3976-68e9-4c3e-aaec-8479d5dfbbc8","local_time":"20180911190801","daily_mods":["Allstar","Time Dilation","Vintage"],"is_ascension_mode":false,"campfire_choices":[{"data":"Magnetism","floor":11,"key":"SMITH"},{"data":"Cloak And Dagger","floor":15,"key":"SMITH"},{"data":"A Thousand Cuts","floor":24,"key":"SMITH"},{"data":"Terror","floor":32,"key":"SMITH"},{"data":"Dagger Spray","floor":45,"key":"SMITH"},{"data":"Neutralize","floor":49,"key":"SMITH"}],"neow_cost":"","seed_source_timestamp":0,"circlet_count":0,"master_deck":["Defend_G+1","Defend_G+1","Defend_G+1","Defend_G+1","Strike_G+1","Strike_G+1","Strike_G+1","Strike_G+1","Strike_G+1","Survivor","Neutralize+1","Violence","Swift Strike","Master of Strategy","Finesse","Magnetism+1","Terror+1","Dagger Spray+1","Cloak And Dagger+1","A Thousand Cuts+1","Blade Dance+1","Backstab+1","Glass Knife+1","Prepared+1","Cloak And Dagger+1"],"special_seed":17786,"relics":["Ring of the Snake","Bag of Preparation","Boot","MawBank","Oddly Smooth Stone","Vajra","Kunai","Shuriken","The Courier","Bronze Scales","Ginger","Orichalcum","Runic Dome","Lantern","PreservedInsect","MutagenicStrength","Tiny Chest","Smiling Mask","Sundial","Anchor","Pen Nib","Toxic Egg 2","Molten Egg 2","Singing Bowl","Centennial Puzzle","Bottled Flame","Cursed Key","Ornamental Fan","Pantograph","Bag of Marbles","Snake Skull","Mercury Hourglass","Bottled Lightning","WingedGreaves","Blood Vial","Juzu Bracelet","Red Mask","Happy Flower"],"potions_floor_usage":[7,33,39],"damage_taken":[{"damage":0,"enemies":"Jaw Worm","floor":1,"turns":4},{"damage":0,"enemies":"Small Slimes","floor":3,"turns":3},{"damage":0,"enemies":"Cultist","floor":5,"turns":3},{"damage":0,"enemies":"Red Slaver","floor":6,"turns":3},{"damage":6,"enemies":"3 Sentries","floor":7,"turns":8},{"damage":7,"enemies":"Large Slime","floor":12,"turns":3},{"damage":0,"enemies":"Gremlin Nob","floor":13,"turns":2},{"damage":0,"enemies":"3 Louse","floor":14,"turns":2},{"damage":0,"enemies":"The Guardian","floor":16,"turns":5},{"damage":0,"enemies":"Chosen","floor":18,"turns":3},{"damage":0,"enemies":"Spheric Guardian","floor":20,"turns":3},{"damage":0,"enemies":"Gremlin Leader","floor":23,"turns":1},{"damage":3,"enemies":"Chosen and Byrds","floor":25,"turns":2},{"damage":0,"enemies":"Cultist and Chosen","floor":28,"turns":2},{"damage":0,"enemies":"Sentry and Sphere","floor":30,"turns":2},{"damage":0,"enemies":"Book of Stabbing","floor":31,"turns":1},{"damage":0,"enemies":"Collector","floor":33,"turns":1},{"damage":0,"enemies":"Orb Walker","floor":35,"turns":1},{"damage":0,"enemies":"3 Shapes","floor":39,"turns":1},{"damage":0,"enemies":"2 Orb Walkers","floor":40,"turns":1},{"damage":0,"enemies":"3 Darklings","floor":41,"turns":1},{"damage":0,"enemies":"Giant Head","floor":42,"turns":2},{"damage":0,"enemies":"Nemesis","floor":44,"turns":1},{"damage":0,"enemies":"Awakened One","floor":50,"turns":4}],"seed_played":"104536176025665139","potions_obtained":[{"floor":5,"key":"Fire Potion"},{"floor":6,"key":"Dexterity Potion"},{"floor":12,"key":"GhostInAJar"},{"floor":14,"key":"AttackPotion"},{"floor":37,"key":"Fruit Juice"},{"floor":39,"key":"GamblersBrew"}],"is_trial":false,"path_per_floor":["M","?","M","$","M","M","E","$","T","$","R","M","E","M","R","B",null,"M","?","M","?","?","E","R","M","T","T","M","$","M","E","R","B",null,"M","$","?","?","M","E","M","E","T","E","R","?","?","?","R","B"],"character_chosen":"THE_SILENT","items_purchased":["Terror","MawBank","Toxic Egg 2","Blade Dance+1","Molten Egg 2","Pantograph","Bag of Marbles"],"campfire_rested":0,"item_purchase_floors":[4,4,29,29,29,36,36],"current_hp_per_floor":[70,59,59,59,59,59,53,53,53,53,53,46,46,46,46,46,70,70,70,70,70,70,70,70,67,67,67,67,67,67,67,67,67,70,70,70,70,70,75,75,75,77,77,77,77,77,77,77,77,77],"gold":0,"neow_bonus":"","is_prod":false,"is_daily":true,"chose_seed":false,"campfire_upgraded":6,"win_rate":0,"timestamp":1536718081,"path_taken":["M","?","M","?","?","M","E","?","T","$","R","M","E","M","R","BOSS","M","?","M","?","?","E","R","M","T","?","?","$","M","E","R","BOSS","M","$","?","?","M","E","M","E","T","E","R","?","?","?","R","BOSS"],"build_version":"2018-09-06","purchased_purges":0,"victory":true,"max_hp_per_floor":[70,70,70,70,70,70,70,70,70,70,70,70,70,70,70,70,70,70,70,70,70,70,70,70,70,70,70,70,70,70,70,70,70,70,70,70,70,70,75,75,75,77,77,77,77,77,77,77,77,77],"card_choices":[{"not_picked":["Outmaneuver","Deadly Poison"],"picked":"Dagger Spray","floor":7},{"not_picked":["Flying Knee","Deadly Poison"],"picked":"Cloak And Dagger","floor":13},{"not_picked":["Adrenaline","Corpse Explosion"],"picked":"A Thousand Cuts","floor":16},{"not_picked":["Underhanded Strike","Reflex+1","PiercingWail+1"],"picked":"SKIP","floor":23},{"not_picked":["Acrobatics+1","Infinite Blades"],"picked":"Backstab+1","floor":31},{"not_picked":["Bullet Time+1","Wraith Form v2"],"picked":"Glass Knife+1","floor":33},{"not_picked":["Flying Knee+1","Leg Sweep+1"],"picked":"Prepared+1","floor":40},{"not_picked":["Dodge and Roll+1","Concentrate+1","Quick Slash+1"],"picked":"Singing Bowl","floor":42},{"not_picked":["Deflect+1","Finisher+1"],"picked":"Cloak And Dagger+1","floor":44}],"player_experience":469231,"relics_obtained":[{"floor":1,"key":"Bag of Preparation"},{"floor":3,"key":"Boot"},{"floor":5,"key":"Oddly Smooth Stone"},{"floor":6,"key":"Vajra"},{"floor":7,"key":"Kunai"},{"floor":9,"key":"Shuriken"},{"floor":12,"key":"The Courier"},{"floor":13,"key":"Bronze Scales"},{"floor":14,"key":"Ginger"},{"floor":16,"key":"Orichalcum"},{"floor":18,"key":"Lantern"},{"floor":20,"key":"PreservedInsect"},{"floor":23,"key":"Tiny Chest"},{"floor":25,"key":"Smiling Mask"},{"floor":26,"key":"Sundial"},{"floor":27,"key":"Anchor"},{"floor":28,"key":"Pen Nib"},{"floor":30,"key":"Singing Bowl"},{"floor":31,"key":"Centennial Puzzle"},{"floor":33,"key":"Bottled Flame"},{"floor":35,"key":"Ornamental Fan"},{"floor":39,"key":"Snake Skull"},{"floor":40,"key":"Mercury Hourglass"},{"floor":41,"key":"Bottled Lightning"},{"floor":42,"key":"WingedGreaves"},{"floor":43,"key":"Blood Vial"},{"floor":44,"key":"Juzu Bracelet"}],"event_choices":[{"event_name":"World of Goop","player_choice":"Gather Gold","floor":2,"damage_taken":0},{"event_name":"Back to Basics","player_choice":"Simplicity","floor":19,"damage_taken":0},{"event_name":"Drug Dealer","player_choice":"Inject Mutagens","floor":21,"damage_taken":0},{"event_name":"Ghosts","player_choice":"Ignored","floor":22,"damage_taken":0},{"event_name":"The Lab","player_choice":"Got Potions","floor":37,"damage_taken":0},{"event_name":"Falling","player_choice":"Removed Skill","floor":38,"damage_taken":0},{"event_name":"Purifier","player_choice":"One Purge","floor":46,"damage_taken":0},{"event_name":"Tomb of Lord Red Mask","player_choice":"Paid","floor":47,"damage_taken":0},{"event_name":"WeMeetAgain","player_choice":"Potion","floor":48,"damage_taken":0}],"is_beta":false,"boss_relics":[{"not_picked":["Snecko Eye","Lizard Tail"],"picked":"Runic Dome"},{"not_picked":["Tiny House","Runic Pyramid"],"picked":"Cursed Key"}],"items_purged_floors":[],"is_endless":false,"potions_floor_spawned":[5,6,12,14,20,23,25,28,31,39,42],"ascension_level":0}