{"path_per_floor":["M","?","?","M","M","R","?","?","T","M","R","$","T","M","R","B",null,"M","?","?","M"],"character_chosen":"THE_SILENT","items_purchased":[],"gold_per_floor":[112,112,112,124,134,134,134,134,134,148,148,148,148,162,162,281,281,296,296,296,320,320],"floor_reached":22,"campfire_rested":0,"playtime":1539,"current_hp_per_floor":[70,70,70,68,68,68,68,51,51,49,49,49,49,45,45,5,70,57,57,57,42,0],"items_purged":[],"gold":320,"score":174,"play_id":"e314d02b-1bd5-4b52-8320-f5a16a7323d6","local_time":"20180414112050","is_prod":false,"is_daily":false,"chose_seed":false,"is_ascension_mode":false,"campfire_upgraded":3,"timestamp":1523701250,"path_taken":["M","?","?","?","M","R","?","?","T","M","R","$","?","M","R","BOSS","M","?","?","?","M"],"build_version":"2018-04-12","seed_source_timestamp":7926583422633,"purchased_purges":0,"victory":false,"master_deck":["Defend_G","Defend_G","Defend_G","Defend_G","Defend_G","Strike_G","Strike_G","Strike_G","Strike_G","Strike_G","Survivor","Neutralize+1","Dagger Throw","Sucker Punch+1","Poisoned Stab","Good Instincts","Neutralize","Prepared+1","Quick Slash","Dagger Throw","Dash+1","Dagger Spray","Escape Plan","Outmaneuver"],"max_hp_per_floor":[70,70,70,70,70,70,70,70,70,70,70,70,70,70,70,70,70,70,70,70,70,70],"relics":["Ring of the Snake","Prayer Wheel","Golden Idol","Pantograph","Smiling Mask","Eternal Feather"],"card_choices":[{"not_picked":["Flying Knee","Leg Sweep"],"picked":"Dagger Throw","floor":1},{"not_picked":["Caltrops","PiercingWail"],"picked":"Sucker Punch","floor":4},{"not_picked":["Dodge and Roll","All Out Attack"],"picked":"Poisoned Stab","floor":5},{"not_picked":["Calculated Gamble","Bullet Time"],"picked":"Prepared","floor":9},{"not_picked":["Poisoned Stab","Leg Sweep"],"picked":"Quick Slash","floor":10},{"not_picked":["Crippling Poison","Terror"],"picked":"Dagger Throw","floor":13},{"not_picked":["Malaise","Underhanded Strike"],"picked":"Dash","floor":14},{"not_picked":["Burst","Die Die Die"],"picked":"Wraith Form v2","floor":16},{"not_picked":["Calculated Gamble","PiercingWail"],"picked":"Dagger Spray","floor":18},{"not_picked":["Poisoned Stab","Blade Dance"],"picked":"Outmaneuver","floor":21}],"player_experience":54125,"potions_floor_usage":[14,22],"damage_taken":[{"damage":0,"enemies":"Jaw Worm","floor":1,"turns":6},{"damage":2,"enemies":"Small Slimes","floor":4,"turns":3},{"damage":0,"enemies":"2 Louse","floor":5,"turns":2},{"damage":2,"enemies":"Lots of Slimes","floor":10,"turns":6},{"damage":4,"enemies":"Large Slime","floor":14,"turns":5},{"damage":65,"enemies":"Slime Boss","floor":16,"turns":16},{"damage":13,"enemies":"3 Byrds","floor":18,"turns":7},{"damage":15,"enemies":"Chosen","floor":21,"turns":8},{"damage":42,"enemies":"Centurion and Healer","floor":22,"turns":10}],"event_choices":[{"event_name":"The Cleric","player_choice":"Leave","floor":2,"damage_taken":0},{"event_name":"Upgrade Shrine","player_choice":"Upgraded","floor":3,"damage_taken":0},{"event_name":"Match and Keep!","player_choice":"2 cards matched","floor":7,"damage_taken":0},{"event_name":"Golden Idol","player_choice":"Take Damage","floor":8,"damage_taken":0},{"event_name":"Transmorgrifier","player_choice":"Transform","floor":19,"damage_taken":0},{"event_name":"Ghosts","player_choice":"Ignored","floor":20,"damage_taken":0}],"boss_relics":[{"not_picked":["Lizard Tail","Runic Dome"],"picked":"Eternal Feather"}],"potions_floor_spawned":[10,21],"seed_played":"-5429119631963541383","killed_by":"Centurion and Healer","ascension_level":0,"is_trial":false}