{"gold_per_floor":[111,286,296,313,263,263,280,280,305,305,305,323,323,343,343,440,440,456,111,125,145,165,165,175,175],"floor_reached":25,"playtime":1711,"items_purged":[],"score":197,"play_id":"929627cd-ea6b-4a0f-89a8-d328bcdba0eb","local_time":"20180704234317","is_ascension_mode":false,"campfire_choices":[{"data":"Feel No Pain","floor":6,"key":"SMITH"},{"floor":10,"key":"REST"},{"data":"Infernal Blade","floor":13,"key":"SMITH"},{"data":"Fire Breathing","floor":15,"key":"SMITH"},{"floor":23,"key":"REST"}],"neow_cost":"TEN_PERCENT_HP_LOSS","seed_source_timestamp":16000001412921,"circlet_count":0,"master_deck":["Strike_R","Defend_R","Defend_R+1","Defend_R","Defend_R","Body Slam","Bloodletting+1","Sever Soul","Feel No Pain+1","Pommel Strike","Flame Barrier","Infernal Blade+1","Fire Breathing+1","Barricade","Body Slam+1","Infernal Blade+1","Uppercut+1","True Grit","Armaments","Power Through","Fiend Fire","Dark Embrace","Bloodletting+1","Perfected Strike","Twin Strike+1"],"relics":["Burning Blood","Bag of Preparation","Astrolabe","Oddly Smooth Stone"],"potions_floor_usage":[7,7,16,16,21,24],"damage_taken":[{"damage":8,"enemies":"Cultist","floor":1,"turns":4},{"damage":3,"enemies":"2 Louse","floor":3,"turns":3},{"damage":2,"enemies":"Small Slimes","floor":4,"turns":4},{"damage":10,"enemies":"Looter","floor":7,"turns":3},{"damage":4,"enemies":"3 Louse","floor":12,"turns":4},{"damage":12,"enemies":"2 Fungi Beasts","floor":14,"turns":3},{"damage":56,"enemies":"Hexaghost","floor":16,"turns":9},{"damage":25,"enemies":"Shell Parasite","floor":18,"turns":7},{"damage":3,"enemies":"Spheric Guardian","floor":20,"turns":3},{"damage":57,"enemies":"Snecko","floor":21,"turns":10},{"damage":9,"enemies":"Cultist and Chosen","floor":22,"turns":10},{"damage":30,"enemies":"Centurion and Healer","floor":24,"turns":5},{"damage":18,"enemies":"Sentry and Sphere","floor":25,"turns":3}],"seed_played":"-6798994951325609947","potions_obtained":[{"floor":3,"key":"SkillPotion"},{"floor":4,"key":"Poison Potion"},{"floor":7,"key":"Swift Potion"},{"floor":14,"key":"Poison Potion"},{"floor":20,"key":"Regen Potion"},{"floor":22,"key":"Dexterity Potion"}],"is_trial":false,"path_per_floor":["M","?","M","M","?","R","M","?","T","R","?","M","R","M","R","B",null,"M","$","M","M","M","R","M"],"character_chosen":"IRONCLAD","items_purchased":["Oddly Smooth Stone","Armaments","Power Through","Fiend Fire"],"campfire_rested":2,"item_purchase_floors":[19,19,19,19],"current_hp_per_floor":[70,70,72,72,72,72,68,54,54,72,72,72,72,66,66,16,72,53,53,56,20,20,42,18,0],"gold":175,"neow_bonus":"TRANSFORM_TWO_CARDS","is_prod":false,"is_daily":false,"chose_seed":false,"campfire_upgraded":3,"win_rate":0.0,"timestamp":1530740597,"path_taken":["M","?","M","M","?","R","M","?","T","R","?","M","R","M","R","BOSS","M","$","M","M","M","R","M","?"],"build_version":"2018-06-28","purchased_purges":0,"victory":false,"max_hp_per_floor":[72,72,72,72,72,72,72,72,72,72,72,72,72,72,72,72,72,72,72,72,72,75,75,75,75],"card_choices":[{"not_picked":["Headbutt","Pommel Strike"],"picked":"Sever Soul","floor":1},{"not_picked":["Sever Soul","Anger"],"picked":"Feel No Pain","floor":3},{"not_picked":["Thunderclap","Heavy Blade"],"picked":"Pommel Strike","floor":4},{"not_picked":["Sword Boomerang","Flex"],"picked":"Flame Barrier","floor":7},{"not_picked":["Shockwave","Dark Embrace"],"picked":"Infernal Blade","floor":12},{"not_picked":["Clothesline","Cleave"],"picked":"Fire Breathing","floor":14},{"not_picked":["Fiend Fire","Limit Break"],"picked":"Barricade","floor":16},{"not_picked":["Cleave","Flex"],"picked":"True Grit","floor":18},{"not_picked":["Uppercut","Twin Strike"],"picked":"Dark Embrace","floor":20},{"not_picked":["Iron Wave","Sever Soul"],"picked":"Bloodletting+1","floor":21},{"not_picked":["Warcry","Pommel Strike"],"picked":"Perfected Strike","floor":22},{"not_picked":["Disarm","Warcry"],"picked":"Twin Strike+1","floor":24}],"player_experience":40527,"relics_obtained":[{"floor":9,"key":"Bag of Preparation"}],"event_choices":[{"event_name":"Liars Game","player_choice":"agreed","floor":2,"damage_taken":0},{"event_name":"The Cleric","player_choice":"Card Removal","floor":5,"damage_taken":0},{"event_name":"Shining Light","player_choice":"Entered Light","floor":8,"damage_taken":0},{"event_name":"Purifier","player_choice":"Skipped","floor":11,"damage_taken":0}],"boss_relics":[{"not_picked":["Runic Dome","Black Star"],"picked":"Astrolabe"}],"items_purged_floors":[],"is_endless":false,"potions_floor_spawned":[3,4,7,14,20,22],"killed_by":"Sentry and Sphere","ascension_level":0}