{"gold_per_floor":[110,123,140,140,140,140,9,20,20,33,33,60,76,87,87,184,184,199,218,143,158,158,216,216,226,226,246,246,261,6,6,6,102,102,118,50,65,78,92,92,92,92,92,92,126,126,137,237,237,237],"floor_reached":50,"playtime":5026,"items_purged":[],"score":571,"play_id":"deeaf163-67a4-44a9-b48d-2464e3321309","local_time":"20190326174758","is_ascension_mode":false,"campfire_choices":[{"data":"Static Discharge","floor":6,"key":"SMITH"},{"floor":11,"key":"REST"},{"data":"Hologram","floor":15,"key":"SMITH"},{"data":"Storm","floor":24,"key":"SMITH"},{"floor":28,"key":"REST"},{"floor":32,"key":"REST"},{"data":"Creative AI","floor":40,"key":"SMITH"},{"data":"Rainbow","floor":44,"key":"SMITH"},{"data":"Hologram","floor":46,"key":"SMITH"},{"data":"Force Field","floor":49,"key":"SMITH"}],"neow_cost":"NONE","seed_source_timestamp":21024978124600,"circlet_count":0,"master_deck":["Strike_B","Strike_B","Strike_B","Defend_B","Defend_B","Defend_B","Defend_B","Dualcast+1","BootSequence","Capacitor+1","Static Discharge+1","Storm+1","Hologram+1","Coolheaded","Sweeping Beam","Doom and Gloom","Hello World","Ball Lightning","Biased Cognition","BootSequence","Hologram+1","Conserve Battery","Glacier","Cold Snap+1","Cold Snap","Redo+1","Creative AI+1","Force Field+1","Rainbow+1","Conserve Battery","Storm","Gash+1","Stack","Hologram+1","Loop","Heatsinks","Self Repair+1","White Noise+1"],"relics":["Cracked Core","Mummified Hand","Anchor","StoneCalendar","Lizard Tail","Tiny Chest","Lantern","Bottled Lightning","Orrery","Mercury Hourglass","Gremlin Horn","Pantograph","Ginger"],"potions_floor_usage":[16,22,29,33,33,37,50,50],"damage_taken":[{"damage":1,"enemies":"Cultist","floor":1,"turns":4},{"damage":0,"enemies":"Jaw Worm","floor":2,"turns":3},{"damage":15,"enemies":"Small Slimes","floor":3,"turns":3},{"damage":7,"enemies":"Exordium Wildlife","floor":8,"turns":4},{"damage":0,"enemies":"Large Slime","floor":10,"turns":7},{"damage":4,"enemies":"Lagavulin","floor":12,"turns":7},{"damage":0,"enemies":"Lots of Slimes","floor":13,"turns":2},{"damage":5,"enemies":"Looter","floor":14,"turns":4},{"damage":13,"enemies":"Slime Boss","floor":16,"turns":7},{"damage":10,"enemies":"Spheric Guardian","floor":18,"turns":3},{"damage":0,"enemies":"2 Thieves","floor":19,"turns":3},{"damage":23,"enemies":"Shelled Parasite and Fungi","floor":21,"turns":6},{"damage":20,"enemies":"Book of Stabbing","floor":23,"turns":5},{"damage":12,"enemies":"Sentry and Sphere","floor":25,"turns":6},{"damage":15,"enemies":"Snecko","floor":27,"turns":4},{"damage":15,"enemies":"Shelled Parasite and Fungi","floor":29,"turns":4},{"damage":27,"enemies":"Champ","floor":33,"turns":12},{"damage":8,"enemies":"Orb Walker","floor":35,"turns":5},{"damage":16,"enemies":"3 Shapes","floor":37,"turns":4},{"damage":15,"enemies":"Transient","floor":38,"turns":5},{"damage":62,"enemies":"Jaw Worm Horde","floor":39,"turns":6},{"damage":0,"enemies":"Reptomancer","floor":45,"turns":4},{"damage":18,"enemies":"Maw","floor":47,"turns":5},{"damage":0,"enemies":"Mind Bloom Boss Battle","floor":48,"turns":3},{"damage":105,"enemies":"Time Eater","floor":50,"turns":9}],"seed_played":"9026538318943239136","potions_obtained":[{"floor":1,"key":"EssenceOfSteel"},{"floor":8,"key":"SneckoOil"},{"floor":10,"key":"GamblersBrew"},{"floor":12,"key":"PowerPotion"},{"floor":18,"key":"FocusPotion"},{"floor":22,"key":"Fruit Juice"},{"floor":22,"key":"SkillPotion"},{"floor":33,"key":"AttackPotion"},{"floor":37,"key":"Fruit Juice"},{"floor":39,"key":"Regen Potion"},{"floor":47,"key":"GamblersBrew"}],"is_trial":false,"path_per_floor":["M","M","M","?","?","R","$","M","T","M","R","E","M","M","R","B",null,"M","M","?","M","?","E","R","M","T","M","R","M","$","?","R","B",null,"M","$","M","M","M","R","T","?","T","R","E","R","M","?","R","B"],"character_chosen":"DEFECT","items_purchased":["Storm","Hologram","Bottled Lightning","Loop"],"campfire_rested":3,"item_purchase_floors":[7,7,30,36],"current_hp_per_floor":[81,81,66,50,43,43,43,36,36,36,60,56,56,51,51,38,82,72,72,72,49,54,34,34,22,22,7,33,18,18,18,44,17,87,79,79,68,53,46,46,46,46,46,46,56,56,38,63,63,0],"gold":237,"neow_bonus":"TEN_PERCENT_HP_BONUS","is_prod":false,"is_daily":false,"chose_seed":false,"campfire_upgraded":7,"win_rate":0.0,"timestamp":1553636878,"path_taken":["M","?","M","?","?","R","?","M","T","M","R","E","M","M","R","BOSS","M","M","?","M","?","E","R","M","T","?","R","M","$","?","R","BOSS","M","$","M","M","M","R","?","?","T","R","E","R","?","?","R","BOSS"],"build_version":"2019-01-23","purchased_purges":0,"victory":false,"max_hp_per_floor":[82,82,82,82,82,82,82,82,82,82,82,82,82,82,82,82,82,82,82,82,82,87,87,87,87,87,87,87,87,87,87,87,87,87,87,87,92,92,92,92,92,92,92,92,92,92,92,92,92,92],"card_choices":[{"not_picked":["Reprogram","Gash"],"picked":"BootSequence","floor":1},{"not_picked":["Conserve Battery","Streamline"],"picked":"Capacitor","floor":2},{"not_picked":["Compile Driver","Chill"],"picked":"Static Discharge","floor":3},{"not_picked":["Go for the Eyes","Stack"],"picked":"Coolheaded","floor":8},{"not_picked":["Static Discharge","Compile Driver"],"picked":"Sweeping Beam","floor":10},{"not_picked":["Cold Snap","Aggregate"],"picked":"Doom and Gloom","floor":12},{"not_picked":["Beam Cell","Go for the Eyes"],"picked":"Hello World","floor":13},{"not_picked":["Compile Driver","Sweeping Beam"],"picked":"Ball Lightning","floor":14},{"not_picked":["Fission","Buffer"],"picked":"Biased Cognition","floor":16},{"not_picked":["Compile Driver","Steam Power"],"picked":"BootSequence","floor":18},{"not_picked":["Ball Lightning","Go for the Eyes"],"picked":"Hologram","floor":19},{"not_picked":["Leap","Genetic Algorithm+1"],"picked":"Conserve Battery","floor":21},{"not_picked":["Conserve Battery","Steam Power"],"picked":"Glacier","floor":23},{"not_picked":["Steam","Gash"],"picked":"Cold Snap+1","floor":25},{"not_picked":["Thunder Strike","Conserve Battery"],"picked":"Cold Snap","floor":27},{"not_picked":["Melter+1","Ball Lightning"],"picked":"Redo+1","floor":29},{"not_picked":["Seek","Thunder Strike"],"picked":"Rainbow","floor":33},{"not_picked":["Tempest","Gash+1"],"picked":"Conserve Battery","floor":34},{"not_picked":["Fusion+1","Reinforced Body"],"picked":"Storm","floor":34},{"not_picked":["Conserve Battery","Coolheaded"],"picked":"Gash+1","floor":34},{"not_picked":["Aggregate","Compile Driver"],"picked":"Stack","floor":34},{"not_picked":["Beam Cell","Sweeping Beam"],"picked":"Hologram+1","floor":35},{"not_picked":["Blizzard","Stack","Conserve Battery"],"picked":"SKIP","floor":37},{"not_picked":["Rip and Tear","Compile Driver+1"],"picked":"Heatsinks","floor":38},{"not_picked":["Heatsinks","Creative AI"],"picked":"Self Repair+1","floor":39},{"not_picked":["Reprogram","Sweeping Beam","Gash+1"],"picked":"SKIP","floor":45},{"not_picked":["Tempest+1","Lockon"],"picked":"White Noise+1","floor":47}],"player_experience":39227,"relics_obtained":[{"floor":9,"key":"Anchor"},{"floor":12,"key":"StoneCalendar"},{"floor":23,"key":"Tiny Chest"},{"floor":26,"key":"Lantern"},{"floor":41,"key":"Mercury Hourglass"},{"floor":43,"key":"Gremlin Horn"},{"floor":45,"key":"Pantograph"},{"floor":48,"key":"Ginger"}],"event_choices":[{"damage_healed":0,"gold_gain":0,"player_choice":"Entered Light","damage_taken":16,"max_hp_gain":0,"max_hp_loss":0,"event_name":"Shining Light","floor":4,"gold_loss":0,"cards_upgraded":["Dualcast","Capacitor"]},{"damage_healed":0,"gold_gain":0,"player_choice":"Success","damage_taken":7,"relics_obtained":["Mummified Hand"],"max_hp_gain":0,"max_hp_loss":0,"event_name":"Scrap Ooze","floor":5,"gold_loss":0},{"cards_removed":["Strike_B"],"damage_healed":0,"gold_gain":0,"player_choice":"Gave Gold","damage_taken":0,"max_hp_gain":0,"max_hp_loss":0,"event_name":"Beggar","floor":20,"gold_loss":75},{"damage_healed":0,"gold_gain":0,"player_choice":"Got Potions","damage_taken":0,"max_hp_gain":0,"max_hp_loss":0,"event_name":"Lab","floor":22,"gold_loss":0},{"damage_healed":0,"gold_gain":0,"player_choice":"2 cards matched","damage_taken":0,"max_hp_gain":0,"max_hp_loss":0,"event_name":"Match and Keep!","floor":31,"gold_loss":0,"cards_obtained":["Creative AI","Force Field"]},{"damage_healed":0,"gold_gain":0,"player_choice":"2 cards matched","damage_taken":0,"max_hp_gain":0,"max_hp_loss":0,"event_name":"Match and Keep!","floor":31,"gold_loss":0,"cards_obtained":["Creative AI","Force Field"]},{"cards_removed":["Zap"],"damage_healed":0,"gold_gain":0,"player_choice":"Offered Basic","damage_taken":0,"max_hp_gain":0,"max_hp_loss":0,"event_name":"Bonfire Elementals","floor":42,"gold_loss":0},{"damage_healed":0,"gold_gain":0,"player_choice":"Fight","damage_taken":0,"max_hp_gain":0,"max_hp_loss":0,"event_name":"MindBloom","floor":48,"gold_loss":0}],"is_beta":false,"boss_relics":[{"not_picked":["Empty Cage","Velvet Choker"],"picked":"Lizard Tail"},{"not_picked":["Calling Bell","Eternal Feather"],"picked":"Orrery"}],"items_purged_floors":[],"is_endless":false,"potions_floor_spawned":[1,8,10,12,18,33,37,39,47],"killed_by":"Time Eater","ascension_level":0}