{"gold_per_floor":[119,48,67,67,77,104,104,131,186,186,186,211,228,228,228,323,323,335,187,202,26,43,69,84,84,109,109,126,126,126,126,126,222,222,239,109,123,123,142,142,172,172,198,0,27,27,27,53,53,53],"floor_reached":51,"playtime":2191,"items_purged":["Defend_B","Pain","Strike_B"],"score":968,"play_id":"f5abf4b8-0e64-493a-b158-5e91fa6f01c7","local_time":"20181129125325","is_ascension_mode":true,"campfire_choices":[{"data":"Zap","floor":7,"key":"SMITH"},{"floor":10,"key":"REST"},{"floor":15,"key":"REST"},{"floor":25,"key":"REST"},{"floor":27,"key":"REST"},{"data":"RitualDagger","floor":30,"key":"SMITH"},{"floor":32,"key":"REST"},{"floor":40,"key":"REST"},{"floor":42,"key":"REST"},{"floor":46,"key":"REST"},{"data":"Thunder Strike","floor":49,"key":"SMITH"}],"neow_cost":"NONE","seed_source_timestamp":1110143965060839,"circlet_count":0,"master_deck":["Strike_B","Strike_B","Strike_B","Defend_B","Defend_B+1","Defend_B","Zap+1","Dualcast+1","Defragment","Melter+1","Conserve Battery","Auto Shields","Ball Lightning+1","Hologram","Loop+1","Heatsinks+1","Defragment+1","Rainbow","Hello World+1","Loop+1","Rip and Tear","Loop+1","Storm+1","Static Discharge+1","BootSequence","Hello World+1","Streamline+1","Storm+1","RitualDagger+1","Melter+1","Thunder Strike+1","Tempest+1","Capacitor+1","Purity","Turbo+1","Aggregate","Hello World+1","Steam+1","Regret","Reinforced Body+1","Consume"],"special_seed":0,"relics":["Cracked Core","NeowsBlessing","Frozen Egg 2","Whetstone","Orichalcum","Dream Catcher","WarpedTongs","Nuclear Battery","Smiling Mask","Oddly Smooth Stone","Cursed Key","Art of War","Lantern","Red Mask","Calipers","Vajra"],"potions_floor_usage":[8,8,16,22,23,24,41,41,48,50,50],"damage_taken":[{"damage":0,"enemies":"Jaw Worm","floor":1,"turns":1},{"damage":0,"enemies":"Small Slimes","floor":3,"turns":1},{"damage":0,"enemies":"Cultist","floor":5,"turns":1},{"damage":22,"enemies":"Lagavulin","floor":6,"turns":5},{"damage":14,"enemies":"3 Sentries","floor":8,"turns":7},{"damage":27,"enemies":"Gremlin Nob","floor":12,"turns":4},{"damage":9,"enemies":"Lots of Slimes","floor":13,"turns":4},{"damage":38,"enemies":"Slime Boss","floor":16,"turns":6},{"damage":5,"enemies":"3 Byrds","floor":18,"turns":5},{"damage":13,"enemies":"Shell Parasite","floor":20,"turns":3},{"damage":15,"enemies":"Snake Plant","floor":22,"turns":4},{"damage":13,"enemies":"Gremlin Leader","floor":23,"turns":5},{"damage":5,"enemies":"Cultist and Chosen","floor":24,"turns":4},{"damage":6,"enemies":"3 Cultists","floor":28,"turns":4},{"damage":20,"enemies":"Automaton","floor":33,"turns":5},{"damage":18,"enemies":"3 Darklings","floor":35,"turns":4},{"damage":0,"enemies":"3 Shapes","floor":37,"turns":4},{"damage":19,"enemies":"Jaw Worm Horde","floor":39,"turns":3},{"damage":15,"enemies":"Reptomancer","floor":41,"turns":4},{"damage":19,"enemies":"Nemesis","floor":45,"turns":5},{"damage":0,"enemies":"Giant Head","floor":48,"turns":5},{"damage":48,"enemies":"Donu and Deca","floor":50,"turns":5}],"seed_played":"-105810534704047822","potions_obtained":[{"floor":3,"key":"GamblersBrew"},{"floor":5,"key":"Energy Potion"},{"floor":8,"key":"Fire Potion"},{"floor":13,"key":"SpeedPotion"},{"floor":16,"key":"Block Potion"},{"floor":23,"key":"EssenceOfSteel"},{"floor":24,"key":"Strength Potion"},{"floor":33,"key":"Weak Potion"},{"floor":37,"key":"Poison Potion"},{"floor":45,"key":"Energy Potion"},{"floor":48,"key":"FocusPotion"}],"is_trial":false,"path_per_floor":["M","$","M","?","M","E","R","E","T","R","?","E","M","?","R","B",null,"M","$","M","$","M","E","M","R","T","R","M","?","R","?","R","B",null,"M","$","M","?","M","R","E","R","T","?","E","R","$","E","R","B",null],"character_chosen":"DEFECT","items_purchased":["Melter","Loop+1","Loop+1","Capacitor+1"],"campfire_rested":8,"item_purchase_floors":[2,19,21,36],"current_hp_per_floor":[75,75,75,60,60,38,38,24,24,46,71,44,35,35,57,19,75,70,70,57,57,42,29,24,46,46,68,62,56,56,56,75,55,75,57,57,57,57,38,60,45,67,67,67,48,70,70,70,70,22],"gold":53,"neow_bonus":"THREE_ENEMY_KILL","is_prod":false,"is_daily":false,"chose_seed":false,"campfire_upgraded":3,"win_rate":0,"timestamp":1543492405,"path_taken":["M","$","M","?","M","E","R","E","T","R","?","E","M","?","R","BOSS","M","$","M","$","?","E","M","R","T","R","?","?","R","?","R","BOSS","M","$","M","?","M","R","E","R","T","?","E","R","?","E","R","BOSS"],"build_version":"2018-11-15","purchased_purges":3,"victory":true,"max_hp_per_floor":[75,75,75,75,75,75,75,75,75,75,75,75,75,75,75,75,75,75,75,75,75,75,75,75,75,75,75,75,75,75,75,75,75,75,75,75,75,75,75,75,75,75,75,75,75,75,75,75,75,75],"card_choices":[{"not_picked":["Rebound","BootSequence"],"picked":"Defragment","floor":1},{"not_picked":["White Noise","Hologram"],"picked":"Conserve Battery","floor":3},{"not_picked":["Blizzard","Coolheaded"],"picked":"Auto Shields","floor":5},{"not_picked":["Cold Snap","Steam Power"],"picked":"Ball Lightning","floor":6},{"not_picked":["Tempest","Amplify"],"picked":"Hologram","floor":8},{"not_picked":["Rip and Tear","Streamline"],"picked":"Loop+1","floor":12},{"not_picked":["Gash","Go for the Eyes"],"picked":"Heatsinks+1","floor":13},{"not_picked":["Beam Cell","Scrape"],"picked":"Defragment+1","floor":15},{"not_picked":["Reboot","Hyperbeam"],"picked":"Rainbow","floor":16},{"not_picked":["Ball Lightning","Hologram"],"picked":"Hello World+1","floor":18},{"not_picked":["Beam Cell","Coolheaded"],"picked":"Rip and Tear","floor":20},{"not_picked":["Gash","Reprogram"],"picked":"Storm+1","floor":22},{"not_picked":["Rebound+1","Beam Cell"],"picked":"Static Discharge+1","floor":23},{"not_picked":["Coolheaded","Streamline"],"picked":"BootSequence","floor":24},{"not_picked":["Compile Driver","Barrage+1"],"picked":"Hello World+1","floor":25},{"not_picked":["Gash","Blizzard"],"picked":"Streamline+1","floor":27},{"not_picked":["Hello World+1","Stack"],"picked":"Storm+1","floor":28},{"not_picked":["Coolheaded+1","Darkness+1"],"picked":"Melter+1","floor":32},{"not_picked":["Multi-Cast","Reboot"],"picked":"Thunder Strike","floor":33},{"not_picked":["Hello World+1","Hologram+1"],"picked":"Tempest+1","floor":35},{"not_picked":["Rebound+1","Cold Snap","Sweeping Beam+1"],"picked":"SKIP","floor":37},{"not_picked":["Forethought","Transmutation"],"picked":"Purity","floor":38},{"not_picked":["Ball Lightning+1","Coolheaded"],"picked":"Turbo+1","floor":39},{"not_picked":["Compile Driver+1","Sunder"],"picked":"Aggregate","floor":40},{"not_picked":["Sweeping Beam","Doom and Gloom"],"picked":"Hello World+1","floor":41},{"not_picked":["Chill","Barrage+1"],"picked":"Steam+1","floor":42},{"not_picked":["Rip and Tear+1","Sunder+1"],"picked":"Reinforced Body+1","floor":45},{"not_picked":["Leap","Redo"],"picked":"Consume","floor":46},{"not_picked":["Cold Snap+1","Compile Driver+1","Sunder"],"picked":"SKIP","floor":48}],"player_experience":366384,"relics_obtained":[{"floor":6,"key":"Frozen Egg 2"},{"floor":8,"key":"Whetstone"},{"floor":9,"key":"Orichalcum"},{"floor":12,"key":"Dream Catcher"},{"floor":23,"key":"Smiling Mask"},{"floor":26,"key":"Oddly Smooth Stone"},{"floor":41,"key":"Art of War"},{"floor":43,"key":"Lantern"},{"floor":45,"key":"Calipers"},{"floor":48,"key":"Vajra"}],"event_choices":[{"damage_healed":0,"gold_gain":0,"player_choice":"Entered Light","damage_taken":15,"max_hp_gain":0,"max_hp_loss":0,"event_name":"Shining Light","floor":4,"gold_loss":0,"cards_upgraded":["Dualcast","Defend_B"]},{"damage_healed":25,"gold_gain":0,"player_choice":"Banana","damage_taken":0,"max_hp_gain":0,"max_hp_loss":0,"event_name":"Big Fish","floor":11,"gold_loss":0},{"damage_healed":0,"gold_gain":0,"player_choice":"Rummage","damage_taken":0,"relics_obtained":["WarpedTongs"],"max_hp_gain":0,"max_hp_loss":0,"event_name":"Accursed Blacksmith","floor":14,"gold_loss":0,"cards_obtained":["Pain"]},{"damage_healed":0,"gold_gain":0,"player_choice":"Joined the Cult","damage_taken":6,"max_hp_gain":0,"max_hp_loss":0,"event_name":"Nest","floor":29,"gold_loss":0,"cards_obtained":["RitualDagger"]},{"damage_healed":0,"gold_gain":0,"player_choice":"Ignored","damage_taken":0,"max_hp_gain":0,"max_hp_loss":0,"event_name":"Ghosts","floor":31,"gold_loss":0},{"damage_healed":0,"gold_gain":0,"player_choice":"Memory 1","damage_taken":0,"max_hp_gain":0,"max_hp_loss":0,"event_name":"SensoryStone","floor":38,"gold_loss":0},{"damage_healed":0,"gold_gain":0,"player_choice":"Paid","damage_taken":0,"relics_obtained":["Red Mask"],"max_hp_gain":0,"max_hp_loss":0,"event_name":"Tomb of Lord Red Mask","floor":44,"gold_loss":198}],"is_beta":false,"boss_relics":[{"not_picked":["Fusion Hammer","Snecko Eye"],"picked":"Nuclear Battery"},{"not_picked":["Coffee Dripper","White Beast Statue"],"picked":"Cursed Key"}],"items_purged_floors":[19,21,36],"is_endless":false,"potions_floor_spawned":[3,5,8,13,16,23,24,33,37,45,48],"ascension_level":4}