{"gold_per_floor":[114,129,129,54,69,99,32,47,72,132,132,162,177,192,192,292,292,307,207,222,237,112,142,142,157,207,207,222,237,252,282,282,382,382,397,97,112,112],"floor_reached":38,"playtime":2105,"items_purged":["Regret","Dark Embrace","Barricade","Impervious"],"score":515,"play_id":"75491b60-79a2-45cb-a3a8-d1177eb90251","local_time":"20181011191028","daily_mods":["Shiny","Time Dilation","DeadlyEvents"],"is_ascension_mode":false,"campfire_choices":[{"data":"Berserk","floor":11,"key":"SMITH"},{"floor":15,"key":"REST"},{"floor":24,"key":"REST"},{"floor":32,"key":"REST"}],"neow_cost":"","seed_source_timestamp":0,"circlet_count":0,"master_deck":["Double Tap","Demon Form","Bludgeon+1","Feed","Limit Break","Fiend Fire+1","Berserk","Brutality","Reaper","Exhume","Offering","Immolate","Strike_R","Strike_R","Strike_R","Strike_R","Strike_R","Defend_R","Defend_R","Defend_R","Defend_R","Bash","Shrug It Off","Battle Trance","Pommel Strike","Thunderclap","Inflame","Berserk+1","Headbutt","Rupture","Limit Break","Iron Wave+1","Sword Boomerang+1","Iron Wave+1","Double Tap","Headbutt+1"],"special_seed":17816,"relics":["Burning Blood","Omamori","Dream Catcher","Blood Vial","Tiny Chest","Bronze Scales","Mark of Pain","Art of War","Oddly Smooth Stone","Unceasing Top","Busted Crown","Whetstone"],"potions_floor_usage":[10,16,16,16,33],"damage_taken":[{"damage":13,"enemies":"Small Slimes","floor":1,"turns":2},{"damage":7,"enemies":"Jaw Worm","floor":2,"turns":3},{"damage":0,"enemies":"Cultist","floor":5,"turns":4},{"damage":9,"enemies":"Gremlin Nob","floor":6,"turns":3},{"damage":0,"enemies":"Exordium Wildlife","floor":8,"turns":3},{"damage":14,"enemies":"3 Sentries","floor":10,"turns":3},{"damage":18,"enemies":"Lagavulin","floor":12,"turns":6},{"damage":14,"enemies":"Red Slaver","floor":13,"turns":2},{"damage":24,"enemies":"Blue Slaver","floor":14,"turns":2},{"damage":74,"enemies":"Hexaghost","floor":16,"turns":6},{"damage":40,"enemies":"Shell Parasite","floor":18,"turns":6},{"damage":20,"enemies":"2 Thieves","floor":20,"turns":2},{"damage":26,"enemies":"Shelled Parasite and Fungi","floor":21,"turns":4},{"damage":84,"enemies":"Slavers","floor":23,"turns":6},{"damage":27,"enemies":"Chosen and Byrds","floor":25,"turns":4},{"damage":36,"enemies":"Sentry and Sphere","floor":28,"turns":5},{"damage":32,"enemies":"Centurion and Healer","floor":29,"turns":3},{"damage":0,"enemies":"3 Cultists","floor":30,"turns":2},{"damage":50,"enemies":"Book of Stabbing","floor":31,"turns":4},{"damage":26,"enemies":"Automaton","floor":33,"turns":5},{"damage":1,"enemies":"Orb Walker","floor":35,"turns":2},{"damage":92,"enemies":"3 Darklings","floor":37,"turns":5},{"damage":0,"enemies":"Sphere and 2 Shapes","floor":38,"turns":1}],"seed_played":"-4401274191363558233","potions_obtained":[{"floor":1,"key":"AttackPotion"},{"floor":2,"key":"EssenceOfSteel"},{"floor":6,"key":"SkillPotion"},{"floor":8,"key":"EssenceOfSteel"},{"floor":14,"key":"AttackPotion"},{"floor":18,"key":"LiquidBronze"},{"floor":28,"key":"SpeedPotion"},{"floor":30,"key":"SkillPotion"},{"floor":33,"key":"Explosive Potion"}],"is_trial":false,"path_per_floor":["M","M","?","$","M","E","$","M","T","E","R","E","M","M","R","B",null,"M","$","M","M","$","E","R","M","T","?","M","M","M","E","R","B",null,"M","$","M"],"character_chosen":"IRONCLAD","items_purchased":["Inflame","Whetstone"],"campfire_rested":3,"item_purchase_floors":[7,36],"current_hp_per_floor":[76,78,78,78,86,83,83,89,89,90,90,83,80,64,93,27,98,98,98,84,69,69,14,45,35,35,117,87,83,97,67,103,85,123,123,123,44,44],"gold":112,"neow_bonus":"","is_prod":false,"is_daily":true,"chose_seed":false,"campfire_upgraded":1,"win_rate":0,"timestamp":1539310228,"path_taken":["M","M","?","$","M","E","$","M","T","E","R","E","M","M","R","BOSS","M","$","M","M","$","E","R","M","T","?","M","M","?","E","R","BOSS","M","$","M","M"],"build_version":"2018-10-11","purchased_purges":4,"victory":false,"max_hp_per_floor":[83,86,86,86,86,86,86,89,89,92,92,95,98,98,98,98,98,98,98,98,101,101,104,104,107,107,117,117,117,123,123,123,123,123,123,123,123,123],"card_choices":[{"not_picked":["Spot Weakness","Flex"],"picked":"Shrug It Off","floor":1},{"not_picked":["Disarm","Warcry"],"picked":"Battle Trance","floor":2},{"not_picked":["Anger","Body Slam"],"picked":"Pommel Strike","floor":5},{"not_picked":["Twin Strike","Wild Strike"],"picked":"Thunderclap","floor":6},{"not_picked":["Havoc","Shockwave","Heavy Blade"],"picked":"SKIP","floor":8},{"not_picked":["True Grit","Clothesline"],"picked":"Berserk","floor":10},{"not_picked":["Twin Strike","Searing Blow"],"picked":"Headbutt","floor":12},{"not_picked":["Dual Wield","Cleave"],"picked":"Rupture","floor":13},{"not_picked":["Second Wind","Hemokinesis","Warcry"],"picked":"SKIP","floor":14},{"not_picked":["Offering","Fiend Fire"],"picked":"Limit Break","floor":16},{"not_picked":["Clash","Wild Strike","Havoc"],"picked":"SKIP","floor":18},{"not_picked":["Pommel Strike+1","Wild Strike+1"],"picked":"Iron Wave+1","floor":20},{"not_picked":["Thunderclap","Intimidate","Barricade"],"picked":"SKIP","floor":21},{"not_picked":["Flex","Thunderclap"],"picked":"Sword Boomerang+1","floor":23},{"not_picked":["Inflame","Reckless Charge"],"picked":"Iron Wave+1","floor":25},{"not_picked":["Clothesline","Body Slam","Perfected Strike"],"picked":"SKIP","floor":28},{"not_picked":["Perfected Strike","Burning Pact","Wild Strike+1"],"picked":"SKIP","floor":29},{"not_picked":["Warcry","Cleave","Anger"],"picked":"SKIP","floor":30},{"not_picked":["Combust","Barricade","Dual Wield"],"picked":"SKIP","floor":31},{"not_picked":["Offering","Brutality"],"picked":"Double Tap","floor":33},{"not_picked":[],"picked":"Headbutt+1","floor":35},{"not_picked":["Twin Strike+1"],"picked":"SKIP","floor":37}],"player_experience":501347,"relics_obtained":[{"floor":6,"key":"Dream Catcher"},{"floor":9,"key":"Blood Vial"},{"floor":10,"key":"Tiny Chest"},{"floor":12,"key":"Bronze Scales"},{"floor":23,"key":"Art of War"},{"floor":26,"key":"Oddly Smooth Stone"},{"floor":31,"key":"Unceasing Top"}],"event_choices":[{"event_name":"Big Fish","player_choice":"Box","floor":3,"damage_taken":0},{"event_name":"Bonfire Elementals","player_choice":"RARE","floor":27,"damage_taken":0}],"is_beta":false,"boss_relics":[{"not_picked":["Runic Dome","Fusion Hammer"],"picked":"Mark of Pain"},{"not_picked":["Runic Pyramid","Snecko Eye"],"picked":"Busted Crown"}],"items_purged_floors":[4,19,22,36],"is_endless":false,"potions_floor_spawned":[1,2,6,8,14,18,28,30,33],"killed_by":"Sphere and 2 Shapes","ascension_level":0}