{"gold_per_floor":[119,133,133,58,78,106,121,121,121,121,156,156,168,178,178,279,279,299,104,104,115,129,158,158,170,170,170,205,205,120,138,138,138],"floor_reached":33,"playtime":1831,"items_purged":["Regret","Doubt"],"score":337,"play_id":"92b294b4-0b86-4600-8e10-c6d08110648e","local_time":"20180725221300","is_ascension_mode":true,"campfire_choices":[{"data":"Neutralize","floor":8,"key":"SMITH"},{"data":"Footwork","floor":10,"key":"SMITH"},{"data":"Doppelganger","floor":12,"key":"SMITH"},{"data":"Dagger Spray","floor":15,"key":"SMITH"},{"data":"Cloak And Dagger","floor":27,"key":"SMITH"},{"data":"Setup","floor":29,"key":"SMITH"},{"floor":32,"key":"REST"}],"neow_cost":"","seed_source_timestamp":1292261498455957,"circlet_count":0,"master_deck":["Defend_G","Defend_G","Defend_G","Defend_G","Defend_G","Survivor","Neutralize+1","Dagger Spray+1","All Out Attack","Footwork+1","Backstab","Doppelganger+1","Backflip","Setup+1","Phantasmal Killer","Decay","Injury","Cloak And Dagger+1","Finesse","Distraction+1","Outmaneuver+1","Bite","Bite","Bite","Bite","Bite","Masterful Stab+1","Acrobatics+1","Backflip+1"],"relics":["Ring of the Snake","Incense Burner","StoneCalendar","Ice Cream","Darkstone Periapt","Calling Bell","Ancient Tea Set","Shuriken","Tingsha","Nilry\u0027s Codex","Toxic Egg 2","Ginger","Centennial Puzzle","The Courier"],"potions_floor_usage":[6,6,16,16,22,23,23,28],"damage_taken":[{"damage":3,"enemies":"Small Slimes","floor":1,"turns":4},{"damage":0,"enemies":"2 Louse","floor":2,"turns":2},{"damage":1,"enemies":"Cultist","floor":5,"turns":4},{"damage":13,"enemies":"Lagavulin","floor":6,"turns":9},{"damage":3,"enemies":"Exordium Wildlife","floor":7,"turns":2},{"damage":8,"enemies":"3 Sentries","floor":11,"turns":5},{"damage":0,"enemies":"Looter","floor":13,"turns":3},{"damage":0,"enemies":"Large Slime","floor":14,"turns":6},{"damage":2,"enemies":"Slime Boss","floor":16,"turns":8},{"damage":15,"enemies":"Shell Parasite","floor":18,"turns":6},{"damage":2,"enemies":"3 Byrds","floor":21,"turns":5},{"damage":7,"enemies":"Slaver and Parasite","floor":22,"turns":7},{"damage":28,"enemies":"Book of Stabbing","floor":23,"turns":7},{"damage":5,"enemies":"Sentry and Sphere","floor":25,"turns":4},{"damage":7,"enemies":"Gremlin Leader","floor":28,"turns":6},{"damage":15,"enemies":"Centurion and Healer","floor":31,"turns":5},{"damage":52,"enemies":"Automaton","floor":33,"turns":6}],"seed_played":"1934460314610669617","potions_obtained":[{"floor":2,"key":"FearPotion"},{"floor":5,"key":"FearPotion"},{"floor":11,"key":"SneckoOil"},{"floor":13,"key":"SteroidPotion"},{"floor":16,"key":"GhostInAJar"},{"floor":18,"key":"Dexterity Potion"},{"floor":22,"key":"EssenceOfSteel"},{"floor":25,"key":"Poison Potion"},{"floor":28,"key":"FearPotion"}],"is_trial":false,"path_per_floor":["M","M","?","$","M","E","M","R","T","R","E","R","M","M","R","B",null,"M","$","?","M","M","E","?","M","T","R","E","R","?","M","R"],"character_chosen":"THE_SILENT","items_purchased":["Finesse"],"campfire_rested":1,"item_purchase_floors":[19],"current_hp_per_floor":[67,67,67,67,66,53,50,50,50,50,42,42,42,42,42,40,88,73,73,57,55,48,20,20,23,23,23,26,26,26,17,35,0],"gold":138,"neow_bonus":"","is_prod":false,"is_daily":false,"chose_seed":false,"campfire_upgraded":6,"win_rate":0,"timestamp":1532571180,"path_taken":["M","M","?","$","M","E","?","R","T","R","E","R","M","M","R","BOSS","M","$","?","?","M","E","?","M","T","R","E","R","?","M","R","BOSS"],"build_version":"2018-07-24","purchased_purges":2,"victory":false,"max_hp_per_floor":[70,70,70,70,70,70,70,70,70,70,70,70,70,70,70,70,88,88,88,88,88,88,88,61,61,61,61,61,61,61,61,61,61],"card_choices":[{"not_picked":["Acrobatics","PiercingWail"],"picked":"Dagger Spray","floor":1},{"not_picked":["Outmaneuver","Underhanded Strike"],"picked":"All Out Attack","floor":2},{"not_picked":["Acrobatics","Blur"],"picked":"Footwork","floor":5},{"not_picked":["Prepared","PiercingWail"],"picked":"Backstab","floor":6},{"not_picked":["Well Laid Plans","Riddle With Holes","Catalyst"],"picked":"SKIP","floor":7},{"not_picked":["Outmaneuver","Prepared"],"picked":"Doppelganger","floor":11},{"not_picked":["Sucker Punch","Dodge and Roll"],"picked":"Backflip","floor":13},{"not_picked":["Prepared","Deadly Poison"],"picked":"Setup","floor":14},{"not_picked":["Burst","After Image"],"picked":"Phantasmal Killer","floor":16},{"not_picked":["Dagger Throw+1","Leg Sweep"],"picked":"Cloak And Dagger","floor":18},{"not_picked":["Crippling Poison","Sucker Punch"],"picked":"Distraction+1","floor":21},{"not_picked":["Prepared+1","Skewer","PiercingWail+1"],"picked":"SKIP","floor":22},{"not_picked":["Bane","Deadly Poison"],"picked":"Outmaneuver+1","floor":23},{"not_picked":["Skewer+1","All Out Attack"],"picked":"Masterful Stab+1","floor":25},{"not_picked":["Dagger Throw","Distraction+1"],"picked":"Acrobatics+1","floor":28},{"not_picked":["Calculated Gamble+1","Masterful Stab"],"picked":"Backflip+1","floor":31}],"player_experience":330399,"relics_obtained":[{"floor":6,"key":"StoneCalendar"},{"floor":9,"key":"Ice Cream"},{"floor":11,"key":"Darkstone Periapt"},{"floor":17,"key":"Ancient Tea Set"},{"floor":17,"key":"Shuriken"},{"floor":17,"key":"Tingsha"},{"floor":20,"key":"Nilry\u0027s Codex"},{"floor":23,"key":"Toxic Egg 2"},{"floor":26,"key":"Ginger"},{"floor":28,"key":"Centennial Puzzle"}],"event_choices":[{"event_name":"Big Fish","player_choice":"Box","floor":3,"damage_taken":0},{"event_name":"Cursed Tome","player_choice":"Obtained Book","floor":20,"damage_taken":0},{"event_name":"Vampires","player_choice":"Became a vampire","floor":24,"damage_taken":0},{"event_name":"Addict","player_choice":"Obtained Relic","floor":30,"damage_taken":0}],"is_beta":true,"boss_relics":[{"not_picked":["Empty Cage","Pandora\u0027s Box"],"picked":"Calling Bell"}],"items_purged_floors":[4,19],"is_endless":false,"potions_floor_spawned":[2,5,11,13,16,18,22,25,28],"killed_by":"Automaton","ascension_level":1}