{"gold_per_floor":[118,118,130,144,164,164,184,210,237,253,265,265,265,265,265,360,360,375,386,404,415,431,431,431,462,462,462,313,313,333,358,358,461,461,474,6,18,18,35,35],"floor_reached":40,"playtime":1611,"items_purged":[],"score":582,"play_id":"dedfd3ef-ab1a-4acc-8996-7f59bd6624c5","local_time":"20190216035648","is_ascension_mode":false,"campfire_choices":[{"data":"Slimebound:Split","floor":6,"key":"SMITH"},{"data":"Slimebound:GoopSpray","floor":12,"key":"SMITH"},{"data":"Slimebound:AcidGelatin","floor":15,"key":"SMITH"},{"data":"Slimebound:Repurpose+1","floor":23,"key":"PURGE"},{"floor":27,"key":"REST"},{"floor":29,"key":"RECALL"},{"data":"Slimebound:Replication+1","floor":32,"key":"PURGE"}],"neow_cost":"","seed_source_timestamp":145128658357147,"circlet_count":0,"master_deck":["Slimebound:Split+1","Slimebound:LivingWall+1","Slimebound:SlimeSpikes+1","Slimebound:GoopSpray+1","Slimebound:AcidGelatin","Slimebound:PressTheAttack+1","Slimebound:PrepareCrush","Slimebound:MassFeed+1","Slimebound:SlimeBarrage+1","hubris:DuctTapeCard"],"relics":["Slimebound:AbsorbEndCombat","Slimebound:AggressiveSlimeRelic","War Paint","Slimebound:ScrapOozeRelic","Astrolabe","hubris:PeanutButter","hubris:CrystalStatue","rat:KircheisShard","hubris:DuctTape","conspire:SlowCooker","aspiration:FrozenJewel","Regal Pillow"],"potions_floor_usage":[8,8,8,18,21,21,31,33,39],"damage_taken":[{"damage":12,"enemies":"Cultist","floor":1,"turns":4},{"damage":17,"enemies":"Jaw Worm","floor":3,"turns":4},{"damage":19,"enemies":"Small Slimes","floor":4,"turns":3},{"damage":9,"enemies":"Blue Slaver","floor":5,"turns":3},{"damage":25,"enemies":"3 Louse","floor":7,"turns":3},{"damage":25,"enemies":"Gremlin Nob","floor":8,"turns":4},{"damage":22,"enemies":"2 Fungi Beasts","floor":10,"turns":4},{"damage":13,"enemies":"Looter","floor":11,"turns":3},{"damage":27,"enemies":"The Guardian","floor":16,"turns":7},{"damage":22,"enemies":"theJungle:GiantWrat","floor":18,"turns":3},{"damage":17,"enemies":"theJungle:5_Spyders","floor":19,"turns":10},{"damage":12,"enemies":"theJungle:Snecko_Cultist_And_Trap","floor":20,"turns":5},{"damage":9,"enemies":"theJungle:Lyon","floor":21,"turns":4},{"damage":38,"enemies":"theJungle:2_Snecko_Cultists","floor":22,"turns":4},{"damage":31,"enemies":"theJungle:Cassacara","floor":25,"turns":6},{"damage":32,"enemies":"theJungle:JungleHuntersEncounter","floor":30,"turns":4},{"damage":19,"enemies":"theJungle:MamaSnecko","floor":31,"turns":6},{"damage":17,"enemies":"theJungle:FunGuy","floor":33,"turns":9},{"damage":28,"enemies":"3 Shapes","floor":35,"turns":5},{"damage":43,"enemies":"3 Darklings","floor":37,"turns":4},{"damage":24,"enemies":"Maw","floor":39,"turns":6},{"damage":71,"enemies":"Giant Head","floor":40,"turns":9}],"seed_played":"-2919219494250483755","potions_obtained":[{"floor":1,"key":"LifebloodPotion"},{"floor":3,"key":"Strength Potion"},{"floor":7,"key":"Slimebound:SlimyTonguePotion"},{"floor":11,"key":"Languid Potion"},{"floor":18,"key":"Block Potion"},{"floor":20,"key":"Block Potion"},{"floor":30,"key":"conspire:EchoDraught"},{"floor":31,"key":"Slimebound:SpawnSlimePotion"},{"floor":35,"key":"Elixir"}],"is_trial":false,"path_per_floor":["M","?","M","M","M","R","M","E","T","M","M","R","?","?","R","B",null,"M","M","M","M","M","R","?","E","T","R","?","R","M","E","R","B",null,"M","$","M","?","M","E"],"character_chosen":"SLIMEBOUND","items_purchased":["Slimebound:AggressiveSlimeRelic","Slimebound:PressTheAttack+1","aspiration:FrozenJewel","Regal Pillow","Strength Potion"],"campfire_rested":1,"item_purchase_floors":[0,0,36,36,36],"current_hp_per_floor":[70,70,67,59,60,60,51,40,40,29,30,30,53,53,53,44,70,61,71,72,74,49,49,39,21,21,43,43,43,24,22,22,20,74,55,55,25,65,52,0],"gold":35,"neow_bonus":"","is_prod":false,"is_daily":false,"chose_seed":false,"campfire_upgraded":3,"win_rate":0,"timestamp":1550307408,"path_taken":["M","?","M","M","M","R","M","E","T","M","?","R","?","?","R","BOSS","M","M","M","M","M","R","?","E","T","R","?","R","?","E","R","BOSS","M","$","M","?","M","E"],"build_version":"2019-01-23","purchased_purges":0,"victory":false,"max_hp_per_floor":[70,70,70,70,70,70,70,70,70,70,70,70,70,70,70,70,70,70,74,74,74,74,74,74,74,74,74,74,74,74,74,74,74,74,74,74,74,65,65,65],"card_choices":[{"not_picked":["Slimebound:ViciousTackle","Slimebound:LeadByExample","Slimebound:ItLooksTasty"],"picked":"SKIP","floor":1},{"not_picked":["Slimebound:FinishingTackle","Slimebound:SplitMire"],"picked":"Slimebound:AcidGelatin","floor":3},{"not_picked":["Slimebound:ItLooksTasty","Slimebound:FirmFortitude","Slimebound:VenomTackle"],"picked":"SKIP","floor":4},{"not_picked":["Slimebound:RollThrough","Slimebound:SelfFormingGoo","Slimebound:SlimeSpikes"],"picked":"SKIP","floor":5},{"not_picked":["Slimebound:ItLooksTasty","Slimebound:HauntingLick","Slimebound:TendrilStrike"],"picked":"SKIP","floor":7},{"not_picked":["Slimebound:SoulSicken","Slimebound:PoisonLick","Slimebound:SplitAcid"],"picked":"SKIP","floor":8},{"not_picked":["Slimebound:FlameTackle","Slimebound:ProtectTheBoss","Slimebound:Prepare"],"picked":"SKIP","floor":10},{"not_picked":["Slimebound:TongueLash","Slimebound:VenomTackle","Slimebound:LeechEnergy"],"picked":"SKIP","floor":11},{"not_picked":["Slimebound:MassFeed","Slimebound:AcidTongue"],"picked":"Slimebound:PrepareCrush","floor":16},{"not_picked":["Slimebound:HauntingLick+1","Slimebound:LeechEnergy","Slimebound:SamplingLick+1"],"picked":"SKIP","floor":18},{"not_picked":["Slimebound:LeechingTouch","Slimebound:SplitBruiser","Slimebound:RollThrough"],"picked":"SKIP","floor":19},{"not_picked":["Slimebound:Equalize","Slimebound:SamplingLick"],"picked":"Slimebound:Repurpose+1","floor":20},{"not_picked":["Slimebound:Equalize","Slimebound:SplitLeeching","Slimebound:StudyTheSpire"],"picked":"SKIP","floor":21},{"not_picked":["Slimebound:Chomp","Slimebound:LevelUp","Slimebound:SplitAcid"],"picked":"SKIP","floor":22},{"not_picked":["Slimebound:Chomp+1","Slimebound:PressTheAttack","Slimebound:SamplingLick+1"],"picked":"SKIP","floor":25},{"not_picked":["Slimebound:SplitLeeching+1","Slimebound:Replication","Slimebound:Prepare+1"],"picked":"SKIP","floor":30},{"not_picked":["Slimebound:LeechingTouch","Slimebound:Prepare","Slimebound:SplitLeeching"],"picked":"SKIP","floor":31},{"not_picked":["Slimebound:ItLooksTasty+1","Slimebound:SlimeSpikes","Slimebound:VenomTackle"],"picked":"SKIP","floor":35},{"not_picked":["Slimebound:LeechingTouch","Slimebound:ComboTackle","Slimebound:SplitMire"],"picked":"SKIP","floor":37},{"not_picked":["Slimebound:LeechingTouch+1","Slimebound:Grow+1","Slimebound:FormOfPuddle"],"picked":"SKIP","floor":39}],"player_experience":715366,"relics_obtained":[{"floor":8,"key":"War Paint"},{"floor":25,"key":"hubris:PeanutButter"},{"floor":26,"key":"hubris:CrystalStatue"},{"floor":31,"key":"hubris:DuctTape"}],"event_choices":[{"damage_healed":0,"gold_gain":0,"cards_transformed":["Slimebound:Tackle"],"player_choice":"Transformed","damage_taken":0,"max_hp_gain":0,"max_hp_loss":0,"event_name":"Transmorgrifier","floor":2,"gold_loss":0,"cards_obtained":["Slimebound:ItLooksTasty"]},{"damage_healed":23,"gold_gain":0,"player_choice":"Banana","damage_taken":0,"max_hp_gain":0,"max_hp_loss":0,"event_name":"Big Fish","floor":13,"gold_loss":0},{"damage_healed":0,"gold_gain":0,"player_choice":"Paid Gold","damage_taken":0,"relics_obtained":["rat:KircheisShard"],"max_hp_gain":0,"max_hp_loss":0,"event_name":"WeMeetAgain","floor":28,"gold_loss":149},{"damage_healed":65,"gold_gain":0,"player_choice":"Heal","damage_taken":0,"max_hp_gain":0,"max_hp_loss":9,"event_name":"The Moai Head","floor":38,"gold_loss":0}],"is_beta":false,"boss_relics":[{"not_picked":["halation:Prosthetics","aspiration:RitualDagger"],"picked":"Astrolabe"},{"not_picked":["strawberrySpire:SolarisEssence","hubris:Stopwatch"],"picked":"conspire:SlowCooker"}],"items_purged_floors":[],"is_endless":false,"potions_floor_spawned":[1,3,7,11,18,20,30,31,35],"killed_by":"Giant Head","ascension_level":0}