{"gold_per_floor":[117,48,63,63,63,94,94,94,94,94,113,147,161,176,176,595,595,614,614,645,663,677,677,653,667,701,701,712,727,157,177,177,282,282,294,307,418,418,451,451,465,465,465,479,489,503,529,546,546,546],"floor_reached":51,"playtime":2825,"items_purged":["Slimebound:Tackle"],"score":513,"play_id":"3ebcc0da-72cb-423d-a34f-925b856bfa68","local_time":"20190321141645","is_ascension_mode":false,"campfire_choices":[{"data":"Slimebound:SuperSplit","floor":7,"key":"SMITH"},{"data":"Slimebound:CorrosiveSpit","floor":10,"key":"SMITH"},{"data":"Slimebound:LeechEnergy","floor":15,"key":"SMITH"},{"data":"Slimebound:LeechEnergy","floor":23,"key":"SMITH"},{"data":"Slimebound:LeechLife","floor":27,"key":"SMITH"},{"data":"Slimebound:Split","floor":32,"key":"SMITH"},{"data":"Slimebound:StudyTheSpire","floor":40,"key":"SMITH"},{"data":"Slimebound:Teamwork","floor":42,"key":"SMITH"}],"neow_cost":"NONE","seed_source_timestamp":76396935656896,"circlet_count":0,"master_deck":["Slimebound:Strike_Slimebound+1","Slimebound:Strike_Slimebound","Slimebound:Strike_Slimebound","Slimebound:Defend_Slimebound","Slimebound:Defend_Slimebound","Slimebound:Split+1","Slimebound:CorrosiveSpit+1","Slimebound:LeechEnergy+1","Slimebound:LeechLife+1","Slimebound:SuperSplit+1","Slimebound:LeechEnergy+1","Slimebound:GoopSpray+1","Slimebound:SplitLeeching+1","Slimebound:Teamwork+1","Slimebound:StudyTheSpire+1","Slimebound:RainOfGoop+1","Slimebound:Dissolve+1","Slimebound:SlimeBarrage+1","Slimebound:LivingWall+1","Slimebound:LeechingTouch+1","Slimebound:SamplingLick+1"],"relics":["Slimebound:AbsorbEndCombat","HushsDoor","NeowsBlessing","GuppysTail","hubris:Icosahedron","BicycleWheel","infinitespire:Bottled Soul","Toxic Egg 2","MagicMushroom","Red Mask","RollingBoulder","BookOfRevelations","Orichalcum","Blood Vial","TheAbacus","hubris:TinFlute","Empty Cage","GuppysCollar","hubris:ToyBattleship","Girya","infinitespire:Lychee Nut"],"potions_floor_usage":[6,12,20,20,22,33,35,39,41,41,44,45,46,50,50],"damage_taken":[{"damage":3,"enemies":"Cultist","floor":1,"turns":1},{"damage":3,"enemies":"Jaw Worm","floor":3,"turns":1},{"damage":3,"enemies":"Lagavulin","floor":6,"turns":1},{"damage":15,"enemies":"Small Slimes","floor":11,"turns":3},{"damage":21,"enemies":"Gremlin Nob","floor":12,"turns":3},{"damage":8,"enemies":"Looter","floor":13,"turns":3},{"damage":12,"enemies":"2 Fungi Beasts","floor":14,"turns":2},{"damage":32,"enemies":"Monstro","floor":16,"turns":7},{"damage":38,"enemies":"2 Thieves","floor":18,"turns":3},{"damage":33,"enemies":"Masked Bandits","floor":20,"turns":4},{"damage":6,"enemies":"Shell Parasite","floor":21,"turns":3},{"damage":9,"enemies":"Snake Plant","floor":22,"turns":3},{"damage":20,"enemies":"Replay:Snechameleon","floor":24,"turns":5},{"damage":20,"enemies":"Chosen and Byrds","floor":25,"turns":5},{"damage":12,"enemies":"Centurion and Healer","floor":26,"turns":3},{"damage":19,"enemies":"Centurion and Healer","floor":28,"turns":4},{"damage":9,"enemies":"Snecko","floor":29,"turns":4},{"damage":22,"enemies":"Sentry and Sphere","floor":31,"turns":4},{"damage":27,"enemies":"Monstro","floor":33,"turns":7},{"damage":26,"enemies":"3 Darklings","floor":35,"turns":3},{"damage":33,"enemies":"3 Shapes","floor":36,"turns":5},{"damage":21,"enemies":"Jaw Worm Horde","floor":39,"turns":3},{"damage":28,"enemies":"Jaw Worm Horde","floor":41,"turns":3},{"damage":18,"enemies":"Sphere and 2 Shapes","floor":44,"turns":4},{"damage":24,"enemies":"Maw","floor":45,"turns":6},{"damage":18,"enemies":"Transient","floor":46,"turns":5},{"damage":18,"enemies":"Giant Head","floor":47,"turns":8},{"damage":6,"enemies":"3 Darklings","floor":48,"turns":3},{"damage":112,"enemies":"Awakened One","floor":50,"turns":11}],"seed_played":"6236457468683248071","potions_obtained":[{"floor":3,"key":"Slimebound:SlimyTonguePotion"},{"floor":6,"key":"Weak Potion"},{"floor":13,"key":"SteroidPotion"},{"floor":18,"key":"FearPotion"},{"floor":21,"key":"Weak Potion"},{"floor":25,"key":"Block Potion"},{"floor":29,"key":"SpeedPotion"},{"floor":31,"key":"Dexterity Potion"},{"floor":33,"key":"EntropicBrew"},{"floor":35,"key":"LiquidBronze"},{"floor":45,"key":"Block Potion"},{"floor":46,"key":"Elixir"},{"floor":47,"key":"Milkshake"}],"is_trial":false,"path_per_floor":["M","$","M","?","?","E","R","?","T","R","M","E","M","M","R","B",null,"M","?","?","M","M","R","E","M","MIM","R","M","M","$","M","R","B",null,"M","M","?","?","MIM","R","M","R","T","M","M","M","E","M","R_BF","B",null],"character_chosen":"SLIMEBOUND","items_purchased":["Slimebound:LeechLife","Orichalcum","Blood Vial","TheAbacus","GuppysCollar"],"campfire_rested":0,"item_purchase_floors":[2,30,30,30,34],"current_hp_per_floor":[70,70,70,70,70,70,70,70,70,70,70,58,64,63,63,70,77,63,63,57,63,72,72,77,75,77,77,77,77,77,63,63,77,64,64,64,48,48,62,62,63,63,63,64,64,64,48,48,48,16],"gold":546,"neow_bonus":"THREE_ENEMY_KILL","is_prod":false,"is_daily":false,"chose_seed":false,"campfire_upgraded":8,"win_rate":0,"timestamp":1553192205,"path_taken":["M","$","?","?","?","E","R","?","T","R","M","E","?","M","R","BOSS","M","?","?","M","M","R","E","M","MIM","R","?","M","$","M","R","BOSS","M","M","?","?","?","R","M","R","T","?","M","M","E","M","R_BF","BOSS"],"build_version":"2019-01-23","purchased_purges":1,"victory":true,"max_hp_per_floor":[70,70,70,70,70,70,70,70,70,70,70,70,70,70,70,70,77,77,77,77,77,77,77,77,77,77,77,77,77,77,77,77,77,64,64,64,64,64,64,64,64,64,64,64,64,64,48,48,48,48],"card_choices":[{"not_picked":["Slimebound:SplitBruiser","Slimebound:SplitMire"],"picked":"Slimebound:LeechEnergy","floor":1},{"not_picked":["Slimebound:DisruptingSlam","Slimebound:LivingWall","Slimebound:LeadByExample"],"picked":"SKIP","floor":3},{"not_picked":["Slimebound:LivingWall","Slimebound:VenomTackle"],"picked":"Slimebound:SuperSplit","floor":6},{"not_picked":["Slimebound:ComboTackle","Slimebound:GoopSpray"],"picked":"Slimebound:LeechEnergy","floor":11},{"not_picked":["Slimebound:Grow","Slimebound:FinishingTackle","Slimebound:DivideAndConquer"],"picked":"SKIP","floor":12},{"not_picked":["Slimebound:MegaLick+1","Slimebound:LeechingTouch"],"picked":"Slimebound:GoopSpray+1","floor":13},{"not_picked":["Slimebound:LevelUp","Slimebound:FinishingTackle"],"picked":"Slimebound:SplitLeeching+1","floor":14},{"not_picked":["Slimebound:CheckThePlaybook+1","Slimebound:MassFeed"],"picked":"Slimebound:Teamwork","floor":16},{"not_picked":["Slimebound:LivingWall+1","Slimebound:ComboTackle","Slimebound:Grow+1"],"picked":"SKIP","floor":18},{"not_picked":["Slimebound:LeechEnergy","Slimebound:Gluttony"],"picked":"Slimebound:StudyTheSpire","floor":21},{"not_picked":["Slimebound:ItLooksTasty","Slimebound:SplitAcid+1","Slimebound:Lick+1"],"picked":"SKIP","floor":22},{"not_picked":["Slimebound:LeadByExample","Slimebound:GoopSpray+1","Slimebound:FlameTackle+1"],"picked":"SKIP","floor":24},{"not_picked":["Slimebound:SlimeTap+1","Slimebound:FlameTackle","Slimebound:LeadByExample"],"picked":"SKIP","floor":25},{"not_picked":["Slimebound:PressTheAttack","Slimebound:PoisonLick+1"],"picked":"Slimebound:RainOfGoop+1","floor":26},{"not_picked":["Slimebound:PressTheAttack","Slimebound:GoopTackle","Slimebound:PoisonLick+1"],"picked":"SKIP","floor":28},{"not_picked":["Slimebound:Grow+1","Slimebound:PoisonLick+1"],"picked":"Slimebound:Dissolve+1","floor":29},{"not_picked":["Slimebound:LeadByExample","Slimebound:ServeAndProtect+1"],"picked":"Slimebound:SlimeBarrage+1","floor":31},{"not_picked":["Slimebound:LeechingTouch+1","Slimebound:ViciousTackle+1","Slimebound:ItLooksTasty"],"picked":"SKIP","floor":35},{"not_picked":["Slimebound:Lick+1","Slimebound:LeechingTouch+1","Slimebound:PoisonLick+1"],"picked":"SKIP","floor":36},{"not_picked":["Slimebound:Lick+1","Slimebound:Gluttony"],"picked":"Slimebound:LivingWall+1","floor":37},{"not_picked":["Slimebound:SoulSicken+1","Slimebound:ServeAndProtect+1"],"picked":"Slimebound:RainOfGoop+1","floor":37},{"not_picked":["Slimebound:SplitMire+1","Slimebound:Repurpose+1","Slimebound:DuplicatedForm"],"picked":"SKIP","floor":41},{"not_picked":["Slimebound:SplitBruiser+1","Slimebound:PressTheAttack","Slimebound:LivingWall+1"],"picked":"SKIP","floor":44},{"not_picked":["Slimebound:SlimeBarrage","Slimebound:PoisonLick+1"],"picked":"Slimebound:LeechingTouch+1","floor":45},{"not_picked":["Slimebound:ViciousTackle","Slimebound:ItLooksTasty","Slimebound:DivideAndConquer+1"],"picked":"SKIP","floor":46},{"not_picked":["Slimebound:SplitMire+1","Slimebound:LeechingTouch","Slimebound:SplitBruiser+1"],"picked":"SKIP","floor":47},{"not_picked":["Slimebound:PressTheAttack","Slimebound:SlimeSpikes+1","Slimebound:LeechingTouch"],"picked":"SKIP","floor":48}],"player_experience":788480,"relics_obtained":[{"floor":6,"key":"BicycleWheel"},{"floor":9,"key":"infinitespire:Bottled Soul"},{"floor":12,"key":"Toxic Egg 2"},{"floor":20,"key":"Red Mask"},{"floor":24,"key":"RollingBoulder"},{"floor":26,"key":"BookOfRevelations"},{"floor":39,"key":"hubris:ToyBattleship"},{"floor":43,"key":"Girya"},{"floor":47,"key":"infinitespire:Lychee Nut"}],"event_choices":[{"damage_healed":0,"gold_gain":0,"player_choice":"Fought Bandits","damage_taken":0,"max_hp_gain":0,"max_hp_loss":0,"event_name":"Masked Bandits","floor":20,"gold_loss":0}],"is_beta":false,"boss_relics":[{"not_picked":["hubris:GrandSneckoEye","Replay:Drink Me"],"picked":"MagicMushroom"},{"not_picked":[]},{"not_picked":["Kintsugi","Cursed Key"],"picked":"Empty Cage"},{"not_picked":[]}],"items_purged_floors":[30],"is_endless":false,"potions_floor_spawned":[3,6,13,18,21,25,29,31,33,35,41,45,46,47],"ascension_level":0}