{"gold_per_floor":[114,94,105,122,37,37,52,52,52,52,81,94,94,113,113,113],"floor_reached":16,"playtime":1057,"items_purged":[],"score":199,"play_id":"024757e8-5251-48c4-9179-a544eef9c5ab","local_time":"20190325173623","is_ascension_mode":true,"campfire_choices":[{"data":"Loop","floor":6,"key":"SMITH"},{"data":"Storm","floor":8,"key":"SMITH"},{"floor":13,"key":"REST"},{"floor":15,"key":"REST"}],"neow_cost":"NONE","seed_source_timestamp":60273092764624,"circlet_count":0,"master_deck":["AscendersBane","Strike_B","Strike_B","Strike_B","Strike_B","Defend_B","Defend_B","Defend_B","Defend_B","Zap","Dualcast","Storm+1","Ball Lightning","Loop+1","Force Field+1","Creative AI"],"relics":["Cracked Core","NeowsBlessing","Toxic Egg 2","Dodecahedron"],"potions_floor_usage":[7,12,12],"damage_taken":[{"damage":0,"enemies":"2 Louse","floor":1,"turns":1},{"damage":0,"enemies":"Cultist","floor":3,"turns":1},{"damage":0,"enemies":"Small Slimes","floor":4,"turns":1},{"damage":3,"enemies":"Blue Slaver","floor":7,"turns":2},{"damage":35,"enemies":"Lagavulin","floor":11,"turns":5},{"damage":19,"enemies":"Large Slime","floor":12,"turns":4},{"damage":22,"enemies":"Exordium Wildlife","floor":14,"turns":5},{"damage":32,"enemies":"The Guardian","floor":16,"turns":5}],"seed_played":"3970830665548909059","potions_obtained":[{"floor":1,"key":"Explosive Potion"},{"floor":2,"key":"Fire Potion"},{"floor":7,"key":"Weak Potion"}],"is_trial":false,"path_per_floor":["M","?","M","M","$","R","M","R","T","$","E","M","R","M","R","B"],"character_chosen":"DEFECT","items_purchased":["Loop"],"campfire_rested":2,"item_purchase_floors":[5],"current_hp_per_floor":[64,64,64,64,64,64,61,61,61,61,26,7,28,6,27,0],"gold":113,"neow_bonus":"THREE_ENEMY_KILL","is_prod":false,"is_daily":false,"chose_seed":false,"campfire_upgraded":2,"win_rate":0,"timestamp":1553531783,"path_taken":["M","?","?","M","$","R","M","R","T","$","E","M","R","M","R","BOSS"],"build_version":"2019-01-23","purchased_purges":0,"victory":false,"max_hp_per_floor":[71,71,71,71,71,71,71,71,71,71,71,71,71,71,71,71],"card_choices":[{"not_picked":["Turbo","Rebound"],"picked":"Storm","floor":1},{"not_picked":["Gash","Auto Shields"],"picked":"Ball Lightning","floor":3},{"not_picked":["Beam Cell","Chaos","Barrage"],"picked":"SKIP","floor":4},{"not_picked":["Leap","Beam Cell","Barrage"],"picked":"SKIP","floor":7},{"not_picked":["Leap+1","Chaos+1"],"picked":"Force Field+1","floor":11},{"not_picked":["Go for the Eyes","Ball Lightning","Sweeping Beam"],"picked":"SKIP","floor":12},{"not_picked":["Sweeping Beam","Conserve Battery+1"],"picked":"Creative AI","floor":14}],"player_experience":773746,"relics_obtained":[{"floor":9,"key":"Toxic Egg 2"},{"floor":11,"key":"Dodecahedron"}],"event_choices":[{"damage_healed":0,"gold_gain":0,"player_choice":"Bought 1 Potion","damage_taken":0,"max_hp_gain":0,"max_hp_loss":0,"event_name":"The Woman in Blue","floor":2,"gold_loss":0}],"is_beta":false,"boss_relics":[],"items_purged_floors":[],"is_endless":false,"potions_floor_spawned":[1,4,7],"killed_by":"The Guardian","ascension_level":19}