{"path_per_floor":["M","M","M","M","M","R","E","R","T","E","R","M","?","E","R"],"character_chosen":"DEFECT","items_purchased":[],"gold_per_floor":[18,29,48,67,85,85,115,115,115,147,147,165,165,194,194,194],"floor_reached":16,"campfire_rested":1,"playtime":624,"current_hp_per_floor":[58,55,55,51,39,39,9,31,31,39,39,51,44,35,35,0],"items_purged":[],"gold":194,"score":196,"play_id":"aa04e8ef-93ad-4fc6-bc71-4357c50af0ec","local_time":"20180518231216","is_prod":false,"is_daily":false,"chose_seed":false,"is_ascension_mode":true,"campfire_upgraded":0,"timestamp":1526677936,"campfire_choices":[{"data":"Defend_B","floor":6,"key":"PURGE"},{"floor":8,"key":"REST"},{"data":"Defend_B","floor":11,"key":"PURGE"},{"data":"Defend_B","floor":15,"key":"PURGE"}],"path_taken":["M","M","M","?","M","R","E","R","T","E","R","M","?","E","R","BOSS"],"build_version":"2018-05-17","seed_source_timestamp":46898595814933,"purchased_purges":0,"victory":false,"master_deck":["Strike_B","Strike_B","Strike_B","Strike_B","Defend_B","Zap","Dualcast","Leap","Hologram","White Noise","Turbo","Go for the Eyes","Leap+1","Reboot+1","Ball Lightning"],"max_hp_per_floor":[75,75,75,75,75,75,75,75,75,90,90,90,90,90,90,90],"relics":["Cracked Core","Peace Pipe","Toxic Egg 2","Meat on the Bone","Pear","Centennial Puzzle"],"card_choices":[{"not_picked":["Sweeping Beam","Streamline"],"picked":"Leap","floor":1},{"not_picked":["Barrage","Conserve Battery"],"picked":"Hologram","floor":2},{"not_picked":["Consume","White Noise","Streamline"],"picked":"SKIP","floor":3},{"not_picked":["Consume","Streamline"],"picked":"White Noise","floor":3},{"not_picked":["Loop","Steam"],"picked":"Turbo","floor":4},{"not_picked":["Rip and Tear","Skim"],"picked":"Go for the Eyes","floor":5},{"not_picked":["Barrage","Blizzard","Darkness"],"picked":"SKIP","floor":7},{"not_picked":["Streamline","Doom and Gloom"],"picked":"Leap+1","floor":10},{"not_picked":["Stack+1","Steam+1"],"picked":"Reboot+1","floor":12},{"not_picked":["Reprogram+1","Doom and Gloom"],"picked":"Ball Lightning","floor":14}],"player_experience":94266,"potions_floor_usage":[10,10,14,16],"damage_taken":[{"damage":10,"enemies":"Cultist","floor":1,"turns":4},{"damage":3,"enemies":"2 Louse","floor":2,"turns":2},{"damage":0,"enemies":"Small Slimes","floor":3,"turns":3},{"damage":4,"enemies":"Blue Slaver","floor":4,"turns":5},{"damage":12,"enemies":"2 Fungi Beasts","floor":5,"turns":5},{"damage":30,"enemies":"3 Sentries","floor":7,"turns":7},{"damage":19,"enemies":"Lagavulin","floor":10,"turns":8},{"damage":0,"enemies":"Red Slaver","floor":12,"turns":3},{"damage":21,"enemies":"Gremlin Nob","floor":14,"turns":5},{"damage":38,"enemies":"Hexaghost","floor":16,"turns":9}],"relics_obtained":[{"floor":7,"key":"Toxic Egg 2"},{"floor":9,"key":"Meat on the Bone"},{"floor":10,"key":"Pear"},{"floor":14,"key":"Centennial Puzzle"}],"event_choices":[{"event_name":"Scrap Ooze","player_choice":"unsuccessful","floor":13,"damage_taken":7}],"boss_relics":[],"potions_floor_spawned":[2,7,12,14],"seed_played":"431578769248777601","killed_by":"Hexaghost","ascension_level":8,"potions_obtained":[{"floor":2,"key":"Energy Potion"},{"floor":7,"key":"Fruit Juice"},{"floor":12,"key":"Fire Potion"},{"floor":14,"key":"Dexterity Potion"}],"is_trial":false}