{"gold_per_floor":[116,128,141,141,207,207,233,233,314,314,326,344,344,375,375,477,477,432,50,50,0,0,0,0,0,0,0,0,0,0,0],"floor_reached":31,"playtime":1384,"items_purged":[],"score":316,"play_id":"4498e0c6-e501-4744-b743-9719c86afe69","local_time":"20180914234008","is_ascension_mode":true,"campfire_choices":[{"data":"White Noise","floor":6,"key":"SMITH"},{"data":"Hello World","floor":8,"key":"SMITH"},{"data":"White Noise","floor":10,"key":"SMITH"},{"floor":13,"key":"REST"},{"floor":15,"key":"REST"},{"floor":24,"key":"REST"},{"data":"Creative AI","floor":28,"key":"SMITH"}],"neow_cost":"PERCENT_DAMAGE","seed_source_timestamp":32468531981122,"circlet_count":0,"master_deck":["Strike_B+1","Strike_B+1","Strike_B+1","Strike_B+1","Defend_B+1","Defend_B+1","Defend_B+1","Defend_B+1","Zap","Dualcast","White Noise+1","Melter","White Noise+1","Hello World+1","Beam Cell","Ball Lightning","Sweeping Beam","Creative AI+1","Defragment","Capacitor","Beam Cell"],"relics":["Cracked Core","Dead Branch","Whetstone","Gremlin Horn","Bag of Marbles","Ectoplasm","Lee\u0027s Waffle","Omamori","Blue Candle","Letter Opener"],"potions_floor_usage":[7,12,14,20,29,31],"damage_taken":[{"damage":0,"enemies":"Cultist","floor":1,"turns":3},{"damage":11,"enemies":"Jaw Worm","floor":2,"turns":4},{"damage":0,"enemies":"Small Slimes","floor":3,"turns":3},{"damage":8,"enemies":"Gremlin Nob","floor":7,"turns":3},{"damage":8,"enemies":"Red Slaver","floor":11,"turns":3},{"damage":4,"enemies":"3 Louse","floor":12,"turns":2},{"damage":24,"enemies":"3 Sentries","floor":14,"turns":6},{"damage":30,"enemies":"Slime Boss","floor":16,"turns":8},{"damage":23,"enemies":"2 Thieves","floor":18,"turns":3},{"damage":29,"enemies":"3 Byrds","floor":20,"turns":5},{"damage":28,"enemies":"Shelled Parasite and Fungi","floor":23,"turns":4},{"damage":38,"enemies":"Slavers","floor":29,"turns":5},{"damage":24,"enemies":"Snake Plant","floor":30,"turns":3},{"damage":15,"enemies":"Centurion and Healer","floor":31,"turns":1}],"seed_played":"3850152346498371434","potions_obtained":[{"floor":1,"key":"Fire Potion"},{"floor":2,"key":"FocusPotion"},{"floor":7,"key":"Fire Potion"},{"floor":16,"key":"Strength Potion"},{"floor":18,"key":"PowerPotion"},{"floor":29,"key":"FearPotion"}],"is_trial":false,"path_per_floor":["M","M","M","?","?","R","E","R","T","R","M","M","R","E","R","B",null,"M","$","M","?","$","M","R","?","T","?","R","E","M"],"character_chosen":"DEFECT","items_purchased":["Defragment","Lee\u0027s Waffle","Omamori"],"campfire_rested":3,"item_purchase_floors":[19,19,19],"current_hp_per_floor":[54,43,43,68,68,68,60,60,60,60,52,48,70,46,68,52,75,52,82,53,53,53,25,49,49,49,76,76,38,14,0],"gold":0,"neow_bonus":"ONE_RARE_RELIC","is_prod":false,"is_daily":false,"chose_seed":false,"campfire_upgraded":4,"win_rate":0,"timestamp":1536961208,"path_taken":["M","?","?","?","?","R","E","R","T","R","M","M","R","E","R","BOSS","M","$","?","?","$","?","R","?","T","?","R","E","M","M"],"build_version":"2018-09-06","purchased_purges":0,"victory":false,"max_hp_per_floor":[75,75,75,75,75,75,75,75,75,75,75,75,75,75,75,75,75,75,82,82,82,82,82,82,82,82,82,82,82,82,82],"card_choices":[{"not_picked":["Undo","Barrage"],"picked":"White Noise","floor":1},{"not_picked":["Gash","Rebound"],"picked":"Melter","floor":2},{"not_picked":["Beam Cell","Conserve Battery"],"picked":"White Noise","floor":3},{"not_picked":["Hologram","Ball Lightning"],"picked":"Hello World","floor":7},{"not_picked":["Auto Shields","Fusion"],"picked":"Beam Cell","floor":11},{"not_picked":["Aggregate","Coolheaded"],"picked":"Ball Lightning","floor":12},{"not_picked":["Sunder","Conserve Battery"],"picked":"Sweeping Beam","floor":14},{"not_picked":["Thunder Strike","Core Surge"],"picked":"Creative AI","floor":16},{"not_picked":["Barrage","Stack+1","Reinforced Body"],"picked":"SKIP","floor":18},{"not_picked":["Compile Driver","Ball Lightning","Tempest"],"picked":"SKIP","floor":20},{"not_picked":["Redo","Cold Snap+1"],"picked":"Capacitor","floor":23},{"not_picked":["Barrage","Stack+1"],"picked":"Beam Cell","floor":29},{"not_picked":["All For One","Streamline","Redo"],"picked":"SKIP","floor":30}],"player_experience":158146,"relics_obtained":[{"floor":7,"key":"Whetstone"},{"floor":9,"key":"Gremlin Horn"},{"floor":14,"key":"Bag of Marbles"},{"floor":26,"key":"Blue Candle"},{"floor":29,"key":"Letter Opener"}],"event_choices":[{"event_name":"Big Fish","player_choice":"Banana","floor":4,"damage_taken":0},{"event_name":"Golden Wing","player_choice":"Gained Gold","floor":5,"damage_taken":0},{"event_name":"Masked Bandits","player_choice":"Paid Fearfully","floor":21,"damage_taken":0},{"event_name":"Back to Basics","player_choice":"Simplicity","floor":25,"damage_taken":0},{"event_name":"The Library","player_choice":"Heal","floor":27,"damage_taken":0}],"is_beta":false,"boss_relics":[{"not_picked":["Black Star","Snecko Eye"],"picked":"Ectoplasm"}],"items_purged_floors":[],"is_endless":false,"potions_floor_spawned":[1,2,7,16,18,29],"killed_by":"Centurion and Healer","ascension_level":4}