{"gold_per_floor":[119,135,6,21,35,35,70,82,162,162,191,47,47,62,62,167,167,167,167,167,92,8,8,0,0,0,0,0,0,0,0,0,0,0],"floor_reached":34,"playtime":1585,"items_purged":["Slimebound:Tackle"],"score":280,"play_id":"e6ae61b4-d0aa-490a-8be6-df5d124ad569","local_time":"20190315022706","is_ascension_mode":false,"campfire_choices":[{"data":"FireProtection_colorless+2","floor":6,"key":"SMITH"},{"data":"Slimebound:MassRepurpose","floor":10,"key":"SMITH"},{"data":"Slimebound:SlimeSpikes","floor":25,"key":"SMITH"},{"floor":27,"key":"REST"},{"data":"FireProtection_colorless+3","floor":30,"key":"SMITH"},{"data":"Slimebound:AcidTongue","floor":32,"key":"SMITH"}],"neow_cost":"","seed_source_timestamp":116747437494003,"circlet_count":0,"master_deck":["Slimebound:GrowthPunch+1","Slimebound:Strike_Slimebound","Slimebound:Strike_Slimebound","Slimebound:Strike_Slimebound","Slimebound:AcidTongue+1","Slimebound:CorrosiveSpit","Slimebound:Defend_Slimebound","Slimebound:Defend_Slimebound","Slimebound:Defend_Slimebound","Jack Of All Trades","Slimebound:MassRepurpose+1","Slimebound:PoisonLick","Slimebound:SlimeSpikes+1","FireProtection_colorless+4","Sharpness_colorless+2","Slimebound:CheckThePlaybook","Assess","Slimebound:WasteNot"],"relics":["Slimebound:AbsorbEndCombat","HushsDoor","KeepersGift","EnchantBook_Base","Slimebound:AggressiveSlimeRelic","Blood Vial","Snack Pack","DeathBook","Shuriken","Ectoplasm","GuppysHairball","hubris:ToyBattleship","SnailShell","energizedSpire:RedRose"],"potions_floor_usage":[8,11,11,23,33,33],"damage_taken":[{"damage":7,"enemies":"Cultist","floor":1,"turns":3},{"damage":17,"enemies":"Small Slimes","floor":2,"turns":3},{"damage":6,"enemies":"Jaw Worm","floor":4,"turns":1},{"damage":32,"enemies":"Exordium Wildlife","floor":5,"turns":5},{"damage":23,"enemies":"Gremlin Nob","floor":7,"turns":3},{"damage":12,"enemies":"2 Fungi Beasts","floor":8,"turns":3},{"damage":23,"enemies":"Lagavulin","floor":11,"turns":5},{"damage":12,"enemies":"Red Slaver","floor":14,"turns":4},{"damage":6,"enemies":"Monstro","floor":16,"turns":8},{"damage":14,"enemies":"Shell Parasite","floor":18,"turns":5},{"damage":47,"enemies":"Book of Stabbing","floor":23,"turns":4},{"damage":23,"enemies":"2 Thieves","floor":24,"turns":4},{"damage":6,"enemies":"Snecko","floor":28,"turns":3},{"damage":11,"enemies":"Chosen and Byrds","floor":29,"turns":4},{"damage":66,"enemies":"Monstro","floor":33,"turns":11}],"seed_played":"1920890222558984649","potions_obtained":[{"floor":1,"key":"SteroidPotion"},{"floor":4,"key":"Strength Potion"},{"floor":5,"key":"Energy Potion"},{"floor":16,"key":"Block Potion"},{"floor":28,"key":"AttackPotion"},{"floor":29,"key":"Venom Potion"}],"is_trial":false,"path_per_floor":["M","M","$","M","M","R","E","M","T","R","E","$","?","M","R_BF","B",null,"M","?","?","?","$","E","M","R","T","R","M","M","R","$","R","B",null],"character_chosen":"SLIMEBOUND","items_purchased":["Slimebound:GrowthPunch+1","Slimebound:SlimeSpikes","Jack Of All Trades","GuppysHairball","Assess"],"campfire_rested":1,"item_purchase_floors":[3,12,12,17,22],"current_hp_per_floor":[70,65,65,67,52,52,46,47,47,47,39,39,39,44,44,61,60,59,59,59,59,59,36,26,26,26,44,56,57,57,57,57,25,60],"gold":0,"neow_bonus":"","is_prod":false,"is_daily":false,"chose_seed":false,"campfire_upgraded":5,"win_rate":0,"timestamp":1552631226,"path_taken":["M","M","$","?","M","R","E","M","T","R","E","$","?","M","R_BF","BOSS","M","?","?","?","?","E","M","R","T","R","M","M","R","?","R","BOSS"],"build_version":"2019-01-23","purchased_purges":1,"victory":false,"max_hp_per_floor":[70,70,70,70,70,70,70,70,70,70,70,70,70,70,70,70,60,60,60,60,60,60,60,60,60,60,60,60,60,60,60,60,60,60],"card_choices":[{"not_picked":[],"picked":"Bomb","floor":0},{"not_picked":["Fortune_colorness+1","Protection_colorless+1"],"picked":"FireProtection_colorless+2","floor":1},{"not_picked":["Slimebound:Gluttony","Slimebound:LivingWall","Slimebound:PoisonLick"],"picked":"SKIP","floor":1},{"not_picked":["Slimebound:ItLooksTasty","Slimebound:RollThrough","Slimebound:PoisonLick"],"picked":"SKIP","floor":2},{"not_picked":["Slimebound:ServeAndProtect","Slimebound:ComboTackle","Slimebound:Overexert"],"picked":"SKIP","floor":4},{"not_picked":["Slimebound:SplitLeeching","Slimebound:ComboTackle"],"picked":"Bomb","floor":5},{"not_picked":["FireProtection_colorless+1","Sharpness_colorless+1","Protection_colorless+1"],"picked":"SKIP","floor":5},{"not_picked":["Slimebound:MegaLick","Slimebound:PressTheAttack"],"picked":"Slimebound:MassRepurpose","floor":7},{"not_picked":["Protection_colorless+1","Fortune_colorness+1","Flame_colorless+1"],"picked":"SKIP","floor":7},{"not_picked":["Sharpness_colorless+1","Power_colorless+1","Protection_colorless+1"],"picked":"SKIP","floor":8},{"not_picked":["Slimebound:ViciousTackle","Slimebound:GoopSpray","Slimebound:LeechEnergy"],"picked":"SKIP","floor":8},{"not_picked":["Slimebound:LeechingTouch","Slimebound:ItLooksTasty","Slimebound:AcidGelatin"],"picked":"SKIP","floor":11},{"not_picked":["Slimebound:LeechingTouch","Slimebound:PoisonLick","Slimebound:SplitBruiser"],"picked":"SKIP","floor":14},{"not_picked":["Slimebound:MassRepurpose","Slimebound:DouseInSlime"],"picked":"Slimebound:AcidTongue","floor":16},{"not_picked":["Echo_colorless+1","Power_colorless+1"],"picked":"Sharpness_colorless+2","floor":16},{"not_picked":["Fortune_colorness+2","Protection_colorless+1","FireProtection_colorless+1"],"picked":"SKIP","floor":18},{"not_picked":["Slimebound:SplitBruiser","Slimebound:GoopTackle","Slimebound:RollThrough"],"picked":"SKIP","floor":18},{"not_picked":["Slimebound:SpikyOuterGoop","Slimebound:GoopTackle","Slimebound:SamplingLick"],"picked":"SKIP","floor":23},{"not_picked":["Sharpness_colorless+1","Echo_colorless+1","Efficiency_colorless+1"],"picked":"SKIP","floor":24},{"not_picked":["Slimebound:SpikyOuterGoop","Slimebound:PoisonLick","Slimebound:PressTheAttack"],"picked":"SKIP","floor":24},{"not_picked":["Power_colorless+1","Protection_colorless+1","Sharpness_colorless+1"],"picked":"SKIP","floor":28},{"not_picked":["Slimebound:AcidGelatin","Slimebound:TongueLash","Slimebound:MassRepurpose"],"picked":"SKIP","floor":28},{"not_picked":["Slimebound:Lick","Slimebound:GoopTackle","Slimebound:SlimeTap"],"picked":"SKIP","floor":29},{"not_picked":["Slimebound:SlimeBrawl","Slimebound:AcidTongue"],"picked":"Slimebound:WasteNot","floor":33}],"player_experience":782124,"relics_obtained":[{"floor":7,"key":"Snack Pack"},{"floor":9,"key":"DeathBook"},{"floor":11,"key":"Shuriken"},{"floor":23,"key":"hubris:ToyBattleship"},{"floor":26,"key":"SnailShell"}],"event_choices":[{"cards_removed":["Slimebound:Icky"],"damage_healed":0,"gold_gain":0,"player_choice":"Gave Gold","damage_taken":0,"max_hp_gain":0,"max_hp_loss":0,"event_name":"Beggar","floor":21,"gold_loss":75}],"is_beta":false,"boss_relics":[{"not_picked":["energizedSpire:HugeHouse","ReplayTheSpireMod:Onyx Gauntlets"],"picked":"Ectoplasm"},{"not_picked":[]},{"not_picked":["energizedSpire:SpiderWeb","Eternal Feather"],"picked":"energizedSpire:RedRose"},{"not_picked":[]}],"items_purged_floors":[3],"is_endless":false,"potions_floor_spawned":[1,4,5,7,16,28,29],"ascension_level":0}