{"gold_per_floor":[217,228,101,118,118,118,133,164,164,164,164],"floor_reached":11,"playtime":415,"items_purged":["Strike_B"],"score":146,"play_id":"15734b3b-2cb4-426e-9fac-cd8e06b9d1ab","local_time":"20190323105051","is_ascension_mode":true,"campfire_choices":[{"data":"Zap","floor":6,"key":"SMITH"}],"neow_cost":"NONE","seed_source_timestamp":166970414293848,"circlet_count":0,"master_deck":["AscendersBane","Strike_B","Strike_B","Defend_B","Defend_B","Defend_B","Defend_B","Zap+1","Dualcast","Sweeping Beam","Coolheaded","Ball Lightning","Leap","Coolheaded","Creative AI"],"relics":["Cracked Core","Singing Bowl","Ice Cream"],"potions_floor_usage":[8,11],"damage_taken":[{"damage":9,"enemies":"Jaw Worm","floor":1,"turns":4},{"damage":3,"enemies":"2 Louse","floor":2,"turns":2},{"damage":20,"enemies":"Small Slimes","floor":4,"turns":3},{"damage":16,"enemies":"3 Louse","floor":7,"turns":3},{"damage":6,"enemies":"Lagavulin","floor":8,"turns":6},{"damage":33,"enemies":"3 Sentries","floor":11,"turns":4}],"seed_played":"5894190607846344256","potions_obtained":[{"floor":4,"key":"GamblersBrew"},{"floor":7,"key":"Strength Potion"}],"is_trial":false,"path_per_floor":["M","M","$","M","?","R","M","E","T","?","E"],"character_chosen":"DEFECT","items_purchased":["Ball Lightning"],"campfire_rested":0,"item_purchase_floors":[3],"current_hp_per_floor":[55,52,52,32,55,55,39,33,33,26,0],"gold":164,"neow_bonus":"HUNDRED_GOLD","is_prod":false,"is_daily":false,"chose_seed":false,"campfire_upgraded":1,"win_rate":0,"timestamp":1553352651,"path_taken":["M","M","$","M","?","R","M","E","T","?","E"],"build_version":"2019-01-23","purchased_purges":1,"victory":false,"max_hp_per_floor":[71,71,71,71,71,71,71,71,71,71,71],"card_choices":[{"not_picked":["Stack","Compile Driver"],"picked":"Sweeping Beam","floor":1},{"not_picked":["White Noise","Reinforced Body"],"picked":"Coolheaded","floor":2},{"not_picked":["Turbo","Rebound"],"picked":"Leap","floor":4},{"not_picked":["White Noise","Melter"],"picked":"Coolheaded","floor":7},{"not_picked":["Reinforced Body","Self Repair"],"picked":"Creative AI","floor":8}],"player_experience":639505,"relics_obtained":[{"floor":8,"key":"Singing Bowl"},{"floor":9,"key":"Ice Cream"}],"event_choices":[{"damage_healed":23,"gold_gain":0,"player_choice":"Banana","damage_taken":0,"max_hp_gain":0,"max_hp_loss":0,"event_name":"Big Fish","floor":5,"gold_loss":0},{"cards_removed":["Strike_B"],"damage_healed":0,"gold_gain":0,"player_choice":"Card Removal","damage_taken":7,"max_hp_gain":0,"max_hp_loss":0,"event_name":"Golden Wing","floor":10,"gold_loss":0}],"is_beta":false,"boss_relics":[],"items_purged_floors":[3],"is_endless":false,"potions_floor_spawned":[4,7],"killed_by":"3 Sentries","ascension_level":20}