{"path_per_floor":["M","M","?","M","M","E","R","E","T","R","M","?","R","M","R","B",null,"M","?","M","$","T","R","E","M","T","$","?","R","M","T","R"],"character_chosen":"DEFECT","items_purchased":["Flash of Steel","Secret Technique","Lantern"],"gold_per_floor":[118,130,80,98,117,151,151,182,482,482,494,459,459,478,478,580,580,596,596,613,232,232,232,264,284,308,58,58,58,71,71,71,71],"floor_reached":33,"campfire_rested":1,"playtime":1122,"current_hp_per_floor":[64,64,64,64,60,40,40,25,25,25,24,24,46,42,42,29,64,52,52,57,57,57,57,48,48,48,48,48,48,38,38,38,0],"items_purged":["Strike_B","Decay"],"gold":71,"score":358,"play_id":"5d496f4f-488e-4a1e-83ec-3ffa172cdc70","local_time":"20180515180604","is_prod":false,"is_daily":false,"chose_seed":false,"is_ascension_mode":true,"campfire_upgraded":4,"timestamp":1526400364,"path_taken":["M","M","?","M","?","E","R","E","T","R","M","?","R","M","R","BOSS","M","?","?","$","?","R","E","M","T","$","?","R","?","?","R","BOSS"],"build_version":"2018-05-14v2","seed_source_timestamp":461004028736785,"purchased_purges":2,"victory":false,"master_deck":["Strike_B","Strike_B","Strike_B","Defend_B","Defend_B","Defend_B","Zap+1","Dualcast+1","Steam","Leap","Beam Cell","Ball Lightning","All For One","Reinforced Body","Beam Cell+1","Melter","Streamline+1","Streamline+1","Flash of Steel","Secret Technique+1","Hologram","Gash+1"],"max_hp_per_floor":[75,75,75,75,75,75,75,75,75,75,75,75,75,75,75,75,75,75,75,75,75,75,75,75,75,75,75,75,75,75,75,75,75],"relics":["Cracked Core","Sundial","Cables","Cursed Key","Nloth\u0027s Gift","Toolbox","Peace Pipe","Dream Catcher","Lantern","Question Card"],"card_choices":[{"not_picked":["Hologram","Go for the Eyes"],"picked":"Steam","floor":1},{"not_picked":["Coolheaded","Double Energy"],"picked":"Leap","floor":2},{"not_picked":["Stack","Rebound"],"picked":"Beam Cell","floor":4},{"not_picked":["Beam Cell","Capacitor"],"picked":"Ball Lightning","floor":5},{"not_picked":["Steam","BootSequence"],"picked":"All For One","floor":6},{"not_picked":["Double Energy","Consume"],"picked":"Reinforced Body","floor":8},{"not_picked":["Leap","Reinforced Body"],"picked":"Beam Cell","floor":11},{"not_picked":["Ball Lightning","Doom and Gloom"],"picked":"Melter","floor":14},{"not_picked":["Steam Power+1","Capacitor"],"picked":"Streamline+1","floor":18},{"not_picked":["Axe Kick","Leap"],"picked":"Streamline+1","floor":20},{"not_picked":["Go for the Eyes","Force Field"],"picked":"Hologram","floor":24},{"not_picked":["Coolheaded","Buffer","Barrage"],"picked":"SKIP","floor":25},{"not_picked":["Barrage","Ball Lightning"],"picked":"Gash+1","floor":30}],"player_experience":82770,"potions_floor_usage":[14,20,24,24,30],"damage_taken":[{"damage":4,"enemies":"Jaw Worm","floor":1,"turns":4},{"damage":0,"enemies":"2 Louse","floor":2,"turns":3},{"damage":0,"enemies":"Cultist","floor":4,"turns":3},{"damage":4,"enemies":"Blue Slaver","floor":5,"turns":3},{"damage":20,"enemies":"3 Sentries","floor":6,"turns":6},{"damage":15,"enemies":"Lagavulin","floor":8,"turns":4},{"damage":1,"enemies":"Looter","floor":11,"turns":2},{"damage":9,"enemies":"3 Louse","floor":14,"turns":2},{"damage":13,"enemies":"Hexaghost","floor":16,"turns":9},{"damage":12,"enemies":"2 Thieves","floor":18,"turns":4},{"damage":7,"enemies":"Chosen","floor":20,"turns":4},{"damage":9,"enemies":"Gremlin Leader","floor":24,"turns":5},{"damage":0,"enemies":"Centurion and Healer","floor":25,"turns":5},{"damage":10,"enemies":"Cultist and Chosen","floor":30,"turns":4},{"damage":47,"enemies":"Champ","floor":33,"turns":7}],"relics_obtained":[{"floor":6,"key":"Sundial"},{"floor":8,"key":"Cables"},{"floor":9,"key":"Old Coin"},{"floor":22,"key":"Toolbox"},{"floor":24,"key":"Peace Pipe"},{"floor":26,"key":"Dream Catcher"},{"floor":31,"key":"Question Card"}],"event_choices":[{"event_name":"The Cleric","player_choice":"Card Removal","floor":3,"damage_taken":0},{"event_name":"World of Goop","player_choice":"Left","floor":12,"damage_taken":0},{"event_name":"N\u0027loth","player_choice":"Traded a Old Coin","floor":19,"damage_taken":0},{"event_name":"Ghosts","player_choice":"Ignored","floor":28,"damage_taken":0}],"boss_relics":[{"not_picked":["White Beast Statue","Orrery"],"picked":"Cursed Key"}],"potions_floor_spawned":[2,5,8,11,16,18,20,24],"seed_played":"-2932854602283640040","killed_by":"Champ","ascension_level":6,"potions_obtained":[{"floor":2,"key":"Ancient Potion"},{"floor":5,"key":"GamblersBrew"},{"floor":8,"key":"Explosive Potion"},{"floor":11,"key":"Regen Potion"},{"floor":16,"key":"Regen Potion"},{"floor":18,"key":"FocusPotion"},{"floor":20,"key":"FearPotion"},{"floor":24,"key":"AttackPotion"}],"is_trial":false}