{"gold_per_floor":[113,113,126,140,158,189,169,169],"floor_reached":8,"playtime":469,"items_purged":[],"score":96,"play_id":"f2aae04e-1739-461e-98a1-3208d48d6313","local_time":"20181227215335","is_ascension_mode":true,"campfire_choices":[],"neow_cost":"NONE","seed_source_timestamp":676273501934456,"circlet_count":0,"master_deck":["AscendersBane","Zap","Dualcast","Recycle","Recycle","Storm","Self Repair","Skim","Meteor Strike","Ball Lightning","Turbo","Cold Snap","Echo Form"],"relics":["Pandora\u0027s Box","Pear"],"potions_floor_usage":[],"damage_taken":[{"damage":19,"enemies":"Jaw Worm","floor":1,"turns":3},{"damage":1,"enemies":"Cultist","floor":3,"turns":3},{"damage":18,"enemies":"Small Slimes","floor":4,"turns":4},{"damage":17,"enemies":"Exordium Wildlife","floor":5,"turns":4},{"damage":33,"enemies":"Lagavulin","floor":6,"turns":5},{"damage":26,"enemies":"3 Sentries","floor":8,"turns":2}],"seed_played":"-8343229403506444263","potions_obtained":[{"floor":6,"key":"GamblersBrew"},{"floor":7,"key":"AttackPotion"}],"is_trial":false,"path_per_floor":["M","?","M","M","M","E","?","E"],"character_chosen":"DEFECT","items_purchased":[],"campfire_rested":0,"item_purchase_floors":[],"current_hp_per_floor":[56,56,62,51,34,18,18,0],"gold":169,"neow_bonus":"BOSS_RELIC","is_prod":false,"is_daily":false,"chose_seed":false,"campfire_upgraded":0,"win_rate":0,"timestamp":1545969215,"path_taken":["M","?","M","M","M","E","?","E"],"build_version":"2018-12-20","purchased_purges":0,"victory":false,"max_hp_per_floor":[75,75,75,75,75,85,85,85],"card_choices":[{"not_picked":["Sweeping Beam","Barrage"],"picked":"Cold Snap","floor":1},{"not_picked":["Beam Cell","Compile Driver","Coolheaded"],"picked":"SKIP","floor":3},{"not_picked":["Sweeping Beam","Consume"],"picked":"Echo Form","floor":4},{"not_picked":["Coolheaded","Streamline","Fusion"],"picked":"SKIP","floor":5},{"not_picked":["Cold Snap","Turbo","Hello World"],"picked":"SKIP","floor":6}],"player_experience":319337,"relics_obtained":[{"floor":6,"key":"Pear"}],"event_choices":[{"damage_healed":0,"gold_gain":0,"player_choice":"Ignored","damage_taken":0,"max_hp_gain":0,"max_hp_loss":0,"event_name":"Liars Game","floor":2,"gold_loss":0},{"damage_healed":0,"gold_gain":0,"player_choice":"Bought 1 Potion","damage_taken":0,"max_hp_gain":0,"max_hp_loss":0,"event_name":"The Woman in Blue","floor":7,"gold_loss":0}],"is_beta":false,"boss_relics":[],"items_purged_floors":[],"is_endless":false,"potions_floor_spawned":[6],"killed_by":"3 Sentries","ascension_level":13}