{"gold_per_floor":[12119,12138,12138,12163,12184,12220,12236,12236,12288,12288,12309,12309,11633,11647,11647,11767,11767,11792,11817,11817,11833,11833,11872,11872,11163,11163,10334,10334,10334,10378,10403,10403,10532,10532,10552,10576,10594,9502,9523,9559,9559,9559,9585,9629,9652,9652,9665,9575,9575,9575,9575,9575,8404,8445,8445],"floor_reached":56,"playtime":3252,"items_purged":["Hemokinesis","Writhe","Injury","Shame","Parasite"],"score":1595,"play_id":"d0a2fdce-6d1f-4d10-94cb-fd2d4c169633","local_time":"20190224185530","is_ascension_mode":false,"campfire_choices":[{"data":"Body Slam","floor":12,"key":"SMITH"},{"data":"Offering","floor":15,"key":"SMITH"},{"data":"Sever Soul","floor":24,"key":"SMITH"},{"data":"Shrug It Off","floor":32,"key":"SMITH"},{"floor":41,"key":"RECALL"},{"data":"Parasite","floor":46,"key":"PURGE"},{"data":"Apotheosis","floor":49,"key":"SMITH"},{"data":"Clash","floor":52,"key":"PURGE"}],"neow_cost":"NONE","seed_source_timestamp":0,"circlet_count":2,"master_deck":["Bash","Shrug It Off","Sever Soul+1","Seeing Red","Flame Barrier+1","Shrug It Off+1","Rampage+1","Perfected Strike","Brutality+1","Rupture+1","Battle Trance+1","Offering+1","Body Slam+1","Offering+1","Shrug It Off+1","Necronomicurse","Combust","Apotheosis+1","Jack Of All Trades","Secret Technique","Deep Breath","Rampage"],"special_seed":0,"relics":["Pandora\u0027s Box","Thread and Needle","Blue Candle","Circlet","War Paint","Sozu","Ice Cream","Golden Idol","Bag of Marbles","Orichalcum","Vajra","Singing Bowl","Boot","Cauldron","Coffee Dripper","Dream Catcher","War Paint","Pocketwatch","Lee\u0027s Waffle","Juzu Bracelet","Mercury Hourglass","Gremlin Horn","OrangePellets","Calipers","Bag of Preparation","Necronomicon","Meat on the Bone","Calling Bell","Oddly Smooth Stone","Kunai","Peace Pipe","HandDrill","Sundial","Ancient Tea Set","Bronze Scales","Red Skull","Shuriken","Chemical X","Pen Nib","Mango","Centennial Puzzle"],"potions_floor_usage":[],"damage_taken":[{"damage":3,"enemies":"Jaw Worm","floor":1,"turns":3},{"damage":0,"enemies":"Small Slimes","floor":2,"turns":2},{"damage":0,"enemies":"2 Louse","floor":5,"turns":2},{"damage":5,"enemies":"Lagavulin","floor":6,"turns":4},{"damage":4,"enemies":"Blue Slaver","floor":7,"turns":3},{"damage":11,"enemies":"Red Slaver","floor":11,"turns":2},{"damage":0,"enemies":"3 Louse","floor":14,"turns":2},{"damage":47,"enemies":"The Guardian","floor":16,"turns":4},{"damage":7,"enemies":"3 Byrds","floor":18,"turns":3},{"damage":13,"enemies":"Chosen","floor":21,"turns":3},{"damage":13,"enemies":"Book of Stabbing","floor":23,"turns":3},{"damage":13,"enemies":"Slavers","floor":30,"turns":2},{"damage":12,"enemies":"Shelled Parasite and Fungi","floor":31,"turns":1},{"damage":23,"enemies":"Champ","floor":33,"turns":4},{"damage":7,"enemies":"3 Shapes","floor":35,"turns":2},{"damage":3,"enemies":"3 Darklings","floor":36,"turns":3},{"damage":12,"enemies":"Sphere and 2 Shapes","floor":37,"turns":3},{"damage":9,"enemies":"Spire Growth","floor":39,"turns":3},{"damage":19,"enemies":"Nemesis","floor":40,"turns":3},{"damage":14,"enemies":"Giant Head","floor":44,"turns":2},{"damage":9,"enemies":"Writhing Mass","floor":45,"turns":2},{"damage":16,"enemies":"3 Darklings","floor":47,"turns":2},{"damage":26,"enemies":"Awakened One","floor":50,"turns":6},{"damage":17,"enemies":"Shield and Spear","floor":54,"turns":2},{"damage":95,"enemies":"The Heart","floor":55,"turns":5}],"seed_played":"5667384949816726959","potions_obtained":[],"is_trial":false,"path_per_floor":["M","M","?","T","M","E","M","?","T","T","M","R","$","M","R","B",null,"M","T","?","M","?","E","R","$","T","$","?","?","E","M","R","B",null,"M","M","M","$","M","E","R","?","T","E","M","R","M","?","R","B",null,"R","$","E","B",null],"character_chosen":"IRONCLAD","items_purchased":["Singing Bowl","Boot","Cauldron","Lee\u0027s Waffle","Juzu Bracelet","Mercury Hourglass","OrangePellets","Calipers","Bag of Preparation","Shrug It Off","HandDrill","Sundial","Ancient Tea Set","Combust","Apotheosis","Jack Of All Trades","Chemical X","Pen Nib","Mango","Secret Technique","Deep Breath","Rampage"],"campfire_rested":0,"item_purchase_floors":[13,13,13,25,25,25,27,27,27,27,38,38,38,38,38,38,53,53,53,53,53,53],"current_hp_per_floor":[305,305,305,305,305,300,296,296,296,296,285,285,285,287,287,240,310,305,305,305,294,294,283,283,323,323,323,307,307,296,286,286,265,329,324,323,313,313,306,289,289,291,291,279,272,272,258,258,258,232,341,341,352,337,242],"gold":8445,"neow_bonus":"TEN_PERCENT_HP_BONUS","is_prod":false,"is_daily":false,"chose_seed":false,"campfire_upgraded":5,"win_rate":0,"timestamp":1551052530,"path_taken":["M","M","?","?","M","E","M","?","T","?","M","R","$","?","R","BOSS","M","?","?","M","?","E","R","$","T","$","?","?","E","M","R","BOSS","M","M","M","$","M","E","R","?","T","E","M","R","M","?","R","BOSS","R","$","E","BOSS"],"build_version":"2019-01-23","purchased_purges":5,"victory":true,"max_hp_per_floor":[308,308,308,308,308,308,308,308,308,308,308,308,308,310,310,310,310,312,312,312,314,314,316,316,323,323,323,323,323,325,327,327,329,329,331,333,335,335,337,339,339,341,341,343,345,342,344,341,341,341,341,341,352,354,354],"card_choices":[{"not_picked":["Infernal Blade","Corruption","Cleave"],"picked":"SKIP","floor":1},{"not_picked":["True Grit","Anger"],"picked":"Battle Trance","floor":2},{"not_picked":["Perfected Strike","Whirlwind","Bloodletting"],"picked":"SKIP","floor":5},{"not_picked":["Carnage","Perfected Strike","Anger"],"picked":"SKIP","floor":6},{"not_picked":["Uppercut","Cleave"],"picked":"Offering","floor":7},{"not_picked":["True Grit","Headbutt"],"picked":"Body Slam","floor":11},{"not_picked":["Heavy Blade","Twin Strike","Feel No Pain"],"picked":"Singing Bowl","floor":14},{"not_picked":["Fiend Fire","Impervious"],"picked":"Offering","floor":16},{"not_picked":["Wild Strike","Clothesline","Havoc"],"picked":"Singing Bowl","floor":18},{"not_picked":["Battle Trance+1","Heavy Blade+1","Iron Wave"],"picked":"Singing Bowl","floor":21},{"not_picked":["Warcry","Perfected Strike","Rampage"],"picked":"Singing Bowl","floor":23},{"not_picked":["Ghostly Armor","Uppercut","Pommel Strike"],"picked":"Singing Bowl","floor":30},{"not_picked":["Iron Wave","Battle Trance","Havoc+1"],"picked":"Singing Bowl","floor":31},{"not_picked":["Feed","Reaper","Brutality"],"picked":"Singing Bowl","floor":33},{"not_picked":["Perfected Strike","Dropkick","Immolate"],"picked":"Singing Bowl","floor":35},{"not_picked":["Body Slam","Dual Wield+1","Pommel Strike+1"],"picked":"Singing Bowl","floor":36},{"not_picked":["Carnage","Rage","Heavy Blade+1"],"picked":"Singing Bowl","floor":37},{"not_picked":["Burning Pact+1","Shrug It Off","Sword Boomerang+1"],"picked":"Singing Bowl","floor":39},{"not_picked":["Rupture+1","Hemokinesis","Juggernaut"],"picked":"Singing Bowl","floor":40},{"not_picked":["Metamorphosis","Impatience","Finesse"],"picked":"Singing Bowl","floor":42},{"not_picked":["Power Through","Warcry+1","Rage"],"picked":"Singing Bowl","floor":44},{"not_picked":["Heavy Blade","True Grit+1","Ghostly Armor+1"],"picked":"Singing Bowl","floor":45},{"not_picked":["Anger+1","Clash","Battle Trance+1"],"picked":"Singing Bowl","floor":47},{"not_picked":["Pommel Strike","Shrug It Off+1","Carnage+1"],"picked":"Singing Bowl","floor":54}],"player_experience":738612,"relics_obtained":[{"floor":4,"key":"Bag of Marbles"},{"floor":6,"key":"Orichalcum"},{"floor":10,"key":"Vajra"},{"floor":19,"key":"Dream Catcher"},{"floor":23,"key":"Pocketwatch"},{"floor":26,"key":"Gremlin Horn"},{"floor":28,"key":"Necronomicon"},{"floor":30,"key":"Meat on the Bone"},{"floor":34,"key":"Oddly Smooth Stone"},{"floor":34,"key":"Kunai"},{"floor":34,"key":"Peace Pipe"},{"floor":40,"key":"Bronze Scales"},{"floor":43,"key":"Red Skull"},{"floor":44,"key":"Shuriken"},{"floor":54,"key":"Centennial Puzzle"}],"event_choices":[{"damage_healed":0,"gold_gain":0,"player_choice":"Take Wound","damage_taken":0,"relics_obtained":["Golden Idol"],"max_hp_gain":0,"max_hp_loss":0,"event_name":"Golden Idol","floor":3,"gold_loss":0,"cards_obtained":["Injury"]},{"damage_healed":0,"gold_gain":0,"player_choice":"Grow","damage_taken":0,"max_hp_gain":0,"max_hp_loss":0,"event_name":"Living Wall","floor":8,"gold_loss":0,"cards_upgraded":["Rupture"]},{"damage_healed":0,"gold_gain":0,"player_choice":"Opened","damage_taken":0,"relics_obtained":["War Paint"],"max_hp_gain":0,"max_hp_loss":0,"event_name":"The Mausoleum","floor":20,"gold_loss":0,"cards_obtained":["Writhe"]},{"damage_healed":0,"gold_gain":0,"player_choice":"Forge","damage_taken":0,"max_hp_gain":0,"max_hp_loss":0,"event_name":"Accursed Blacksmith","floor":22,"gold_loss":0,"cards_upgraded":["Rampage"]},{"damage_healed":0,"gold_gain":0,"player_choice":"Obtained Book","damage_taken":16,"max_hp_gain":0,"max_hp_loss":0,"event_name":"Cursed Tome","floor":28,"gold_loss":0},{"damage_healed":0,"gold_gain":0,"player_choice":"Ignored","damage_taken":0,"max_hp_gain":0,"max_hp_loss":0,"event_name":"Vampires","floor":29,"gold_loss":0},{"damage_healed":0,"gold_gain":0,"player_choice":"Memory 1","damage_taken":0,"max_hp_gain":0,"max_hp_loss":0,"event_name":"SensoryStone","floor":42,"gold_loss":0},{"cards_removed":["Parasite"],"damage_healed":0,"gold_gain":0,"player_choice":"Upgrade and Remove","damage_taken":0,"max_hp_gain":0,"max_hp_loss":0,"event_name":"Designer","floor":48,"gold_loss":90,"cards_upgraded":["Brutality"]}],"is_beta":false,"boss_relics":[{"not_picked":["Cursed Key","Empty Cage"],"picked":"Coffee Dripper"},{"not_picked":["White Beast Statue","Fusion Hammer"],"picked":"Calling Bell"}],"items_purged_floors":[13,25,27,38,53],"is_endless":false,"potions_floor_spawned":[1,2,7,11,14,18,39,40,44],"ascension_level":0}