{"path_per_floor":["M","M","M","M","?","$","R","M","T","?","M","M","?","?","R","B",null,"M","?","M","?","$","R","?","R","T","T","$","M","M","?","R","B",null,"M","M","$","?","M","E","R","?","T","M","M"],"character_chosen":"THE_SILENT","items_purchased":["Blade Dance","Accuracy","Escape Plan","Flash of Steel","Flying Knee","Infinite Blades","Backstab","Cloak And Dagger","Sucker Punch"],"gold_per_floor":[109,122,142,153,153,44,44,64,137,137,151,163,238,238,238,335,335,345,345,358,358,91,91,91,91,91,91,16,33,48,48,48,150,150,163,173,24,78,88,116,116,116,116,136,149,149],"floor_reached":46,"campfire_rested":3,"playtime":2798,"current_hp_per_floor":[70,70,63,56,56,56,56,56,56,56,45,43,32,32,53,26,70,69,56,44,44,44,44,44,44,44,44,44,35,30,30,52,7,75,75,75,75,58,53,26,48,48,48,26,16,0],"items_purged":["Strike_G"],"gold":149,"score":518,"play_id":"85387629-6302-40ce-bdb0-a16cf1764dce","local_time":"20180326132922","is_prod":false,"is_daily":false,"is_ascension_mode":false,"campfire_upgraded":3,"timestamp":1522063762,"path_taken":["M","M","M","M","?","$","R","M","T","?","M","M","?","?","R","BOSS","M","?","M","?","$","R","?","R","T","?","?","?","M","?","R","BOSS","M","?","$","?","M","E","R","?","T","?","M","M"],"build_version":"2018-03-22v2","purchased_purges":1,"victory":false,"master_deck":["Defend_G","Defend_G","Defend_G","Strike_G","Strike_G","Strike_G","Survivor","Neutralize","PiercingWail","Dagger Spray","After Image+1","Deflect","Choke","Blade Dance","Accuracy+1","Slice","Dagger Spray","Backstab","Doppelganger+1","Backstab+1","Choke","Escape Plan","Flash of Steel","Flying Knee","Infinite Blades","Slice","Dagger Spray+1","Venomology","Dagger Spray+1","Escape Plan+1","Backstab","Cloak And Dagger","Sucker Punch","Infinite Blades","Prepared+1","PiercingWail+1","Writhe","Dodge and Roll","Infinite Blades+1"],"max_hp_per_floor":[70,70,70,70,70,70,70,70,70,70,70,70,70,70,70,70,70,70,75,75,75,75,75,75,75,75,75,75,75,75,75,75,75,75,75,75,75,75,75,75,75,75,75,75,75,75],"relics":["Lizard Tail","Bottled Tornado","Runic Dome","Tingsha","Unceasing Top","Calipers","Cursed Key","Peace Pipe","Shuriken","Du-Vu Doll"],"card_choices":[{"not_picked":["Dodge and Roll","Deflect"],"picked":"PiercingWail","floor":1},{"not_picked":["Slice","Quick Slash"],"picked":"Dagger Spray","floor":2},{"not_picked":["Acrobatics","Poisoned Stab"],"picked":"After Image","floor":3},{"not_picked":["Outmaneuver","Prepared"],"picked":"Deflect","floor":4},{"not_picked":["Flying Knee","Backflip"],"picked":"Slice","floor":8},{"not_picked":["Dagger Throw","Poisoned Stab"],"picked":"Dagger Spray","floor":11},{"not_picked":["Choke","Outmaneuver"],"picked":"Backstab","floor":12},{"not_picked":["Unload","Tactician"],"picked":"Doppelganger","floor":16},{"not_picked":["Calculated Gamble","Poisoned Stab"],"picked":"Backstab","floor":18},{"not_picked":["Dagger Throw","Acrobatics"],"picked":"Choke","floor":20},{"not_picked":["Terror","Flying Knee"],"picked":"Slice","floor":29},{"not_picked":["Reflex","Acrobatics"],"picked":"Dagger Spray","floor":30},{"not_picked":["Bullet Time","Tools of the Trade"],"picked":"Venomology","floor":33},{"not_picked":["Prepared","Endless Agony"],"picked":"Dagger Spray","floor":35},{"not_picked":["Quick Slash","Footwork"],"picked":"Escape Plan","floor":36},{"not_picked":["Cloak And Dagger","Deadly Poison"],"picked":"Infinite Blades","floor":38},{"not_picked":["Flying Knee","Sucker Punch"],"picked":"Prepared","floor":39},{"not_picked":["Sucker Punch","Glass Knife"],"picked":"PiercingWail","floor":40},{"not_picked":["Poisoned Stab","Choke"],"picked":"Dodge and Roll","floor":44},{"not_picked":["Deadly Poison","Flying Knee"],"picked":"Infinite Blades","floor":45}],"player_experience":74942,"potions_floor_usage":[16,33,38,39,40,40,40,46,46],"damage_taken":[{"damage":0,"enemies":"2 Louse","floor":1,"turns":3},{"damage":0,"enemies":"Small Slimes","floor":2,"turns":4},{"damage":7,"enemies":"Cultist","floor":3,"turns":5},{"damage":7,"enemies":"Lots of Slimes","floor":4,"turns":5},{"damage":0,"enemies":"3 Louse","floor":8,"turns":2},{"damage":11,"enemies":"2 Fungi Beasts","floor":11,"turns":3},{"damage":2,"enemies":"Looter","floor":12,"turns":3},{"damage":64,"enemies":"The Guardian","floor":16,"turns":15},{"damage":1,"enemies":"3 Byrds","floor":18,"turns":5},{"damage":12,"enemies":"Chosen","floor":20,"turns":6},{"damage":9,"enemies":"Snecko","floor":29,"turns":4},{"damage":5,"enemies":"Centurion and Healer","floor":30,"turns":4},{"damage":45,"enemies":"Collector","floor":33,"turns":7},{"damage":0,"enemies":"3 Darklings","floor":35,"turns":3},{"damage":0,"enemies":"Orb Walker","floor":36,"turns":3},{"damage":17,"enemies":"Mysterious Sphere","floor":38,"turns":4},{"damage":5,"enemies":"4 Shapes","floor":39,"turns":3},{"damage":27,"enemies":"Nemesis","floor":40,"turns":5},{"damage":22,"enemies":"3 Darklings","floor":44,"turns":4},{"damage":10,"enemies":"Maw","floor":45,"turns":6},{"damage":16,"enemies":"Sphere and 2 Shapes","floor":46,"turns":2}],"event_choices":[{"event_name":"Living Wall","player_choice":"Change","floor":5,"damage_taken":0},{"event_name":"Purifier","player_choice":"One Purge","floor":10,"damage_taken":0},{"event_name":"World of Goop","player_choice":"Gather Gold","floor":13,"damage_taken":0},{"event_name":"Liars Game","player_choice":"disagreed","floor":14,"damage_taken":0},{"event_name":"Forgotten Altar","player_choice":"Shed Blood","floor":19,"damage_taken":0},{"event_name":"Cursed Tome","player_choice":"Ignored","floor":21,"damage_taken":0},{"event_name":"The Mausoleum","player_choice":"Yes","floor":24,"damage_taken":0},{"event_name":"Drug Dealer","player_choice":"Ignored","floor":31,"damage_taken":0},{"event_name":"Mysterious Sphere","player_choice":"Fight","floor":38,"damage_taken":0}],"boss_relics":[{"not_picked":["Philosopher\u0027s Stone","Eternal Feather"],"picked":"Runic Dome"},{"not_picked":["Black Star","White Beast Statue"],"picked":"Cursed Key"}],"potions_floor_spawned":[2,29,30,33,44,45],"seed_played":"-9181340908253450744","killed_by":"Sphere and 2 Shapes","ascension_level":0,"is_trial":false}