{"path_per_floor":["M","?","M","M","?","R","M","$","T","M","M","M","M"],"character_chosen":"THE_SILENT","items_purchased":["Slice"],"gold_per_floor":[118,118,141,161,161,161,177,53,53,78,91,110,133,133],"floor_reached":14,"campfire_rested":0,"playtime":675,"current_hp_per_floor":[70,53,53,52,59,59,47,47,47,46,39,34,22,0],"items_purged":["Strike_G"],"gold":133,"score":86,"play_id":"7da8d470-c4a6-4901-ad6c-8fc9a13f2b4a","local_time":"20180327203322","is_prod":false,"is_daily":false,"is_ascension_mode":false,"campfire_upgraded":1,"timestamp":1522175602,"path_taken":["M","?","?","?","?","R","M","?","T","?","M","?","M","M"],"build_version":"2018-03-22v2","purchased_purges":2,"victory":false,"master_deck":["Defend_G","Defend_G","Defend_G","Defend_G","Defend_G","Strike_G","Strike_G","Strike_G","Strike_G","Survivor","Neutralize","Choke","Skewer+1","Regret","Malaise","Slice","Backflip","Terror","Sucker Punch","Outmaneuver"],"max_hp_per_floor":[70,70,70,70,77,77,77,77,77,77,77,77,77,77],"relics":["Ring of the Snake","Golden Idol","Strawberry","Bird Faced Urn"],"card_choices":[{"not_picked":["Deadly Poison","Slice"],"picked":"Choke","floor":1},{"not_picked":["Tools of the Trade","Distraction"],"picked":"Skewer","floor":3},{"not_picked":["Underhanded Strike","Calculated Gamble"],"picked":"Malaise","floor":7},{"not_picked":["Dash","Eviscerate"],"picked":"Backflip","floor":10},{"not_picked":["Predator","Heel Hook"],"picked":"Terror","floor":11},{"not_picked":["Outmaneuver","Choke"],"picked":"Sucker Punch","floor":12},{"not_picked":["Flying Knee","Slice"],"picked":"Outmaneuver","floor":13}],"player_experience":120281,"potions_floor_usage":[],"damage_taken":[{"damage":0,"enemies":"Jaw Worm","floor":1,"turns":6},{"damage":0,"enemies":"Small Slimes","floor":3,"turns":3},{"damage":1,"enemies":"Cultist","floor":4,"turns":3},{"damage":12,"enemies":"Gremlin Gang","floor":7,"turns":4},{"damage":1,"enemies":"Large Slime","floor":10,"turns":7},{"damage":7,"enemies":"Exordium Wildlife","floor":11,"turns":4},{"damage":5,"enemies":"Blue Slaver","floor":12,"turns":4},{"damage":12,"enemies":"Gremlin Gang","floor":13,"turns":5},{"damage":22,"enemies":"Lots of Slimes","floor":14,"turns":4}],"event_choices":[{"event_name":"Golden Idol","player_choice":"Take Damage","floor":2,"damage_taken":0},{"event_name":"Big Fish","player_choice":"Box","floor":5,"damage_taken":0}],"boss_relics":[],"potions_floor_spawned":[10,11,12,13],"seed_played":"-3495098434019187610","killed_by":"Lots of Slimes","ascension_level":0,"is_trial":false}