{"gold_per_floor":[110,110,110,4,4,4,19,19,73,73,73,97,97,120,120,213,213,238,238,46,46,46,46,60,81,81,81],"floor_reached":27,"playtime":1366,"items_purged":["Injury","Defend_B"],"score":388,"play_id":"f14dfdd1-67f1-4ab6-a2cb-2a813fa74577","local_time":"20180925185431","is_ascension_mode":true,"campfire_choices":[{"floor":8,"key":"REST"},{"data":"Capacitor","floor":11,"key":"SMITH"},{"data":"Coolheaded","floor":13,"key":"SMITH"},{"data":"Undo","floor":15,"key":"SMITH"},{"data":"Self Repair","floor":23,"key":"SMITH"}],"neow_cost":"","seed_source_timestamp":885423172424464,"circlet_count":0,"master_deck":["Strike_B","Strike_B","Strike_B","Strike_B","Defend_B","Defend_B","Defend_B","Zap+1","Dualcast+1","AscendersBane","Defragment+1","Coolheaded+1","Capacitor+1","Sweeping Beam","Undo+1","Core Surge","Go for the Eyes+1","Self Repair+1","RitualDagger","Sweeping Beam"],"relics":["Cracked Core","Golden Idol","Mummified Hand","Tiny Chest","Inserter","Letter Opener"],"potions_floor_usage":[16,16,25],"damage_taken":[{"damage":0,"enemies":"2 Louse","floor":1,"turns":1},{"damage":12,"enemies":"Jaw Worm","floor":7,"turns":3},{"damage":0,"enemies":"Small Slimes","floor":12,"turns":2},{"damage":0,"enemies":"Exordium Wildlife","floor":14,"turns":2},{"damage":58,"enemies":"Hexaghost","floor":16,"turns":15},{"damage":11,"enemies":"Chosen","floor":18,"turns":7},{"damage":36,"enemies":"Spheric Guardian","floor":24,"turns":6},{"damage":25,"enemies":"Snake Plant","floor":25,"turns":5},{"damage":21,"enemies":"Shelled Parasite and Fungi","floor":27,"turns":2}],"seed_played":"-1493470709316669844","potions_obtained":[{"floor":1,"key":"Dexterity Potion"},{"floor":7,"key":"Dexterity Potion"},{"floor":24,"key":"Block Potion"},{"floor":25,"key":"SpeedPotion"}],"is_trial":false,"path_per_floor":["M","?","?","$","?","?","M","R","T","?","R","M","R","M","R","B",null,"M","?","$","?","$","R","M","M","T"],"character_chosen":"DEFECT","items_purchased":["Coolheaded","Self Repair"],"campfire_rested":1,"item_purchase_floors":[4,20],"current_hp_per_floor":[64,64,59,59,59,59,47,68,68,68,68,68,68,68,68,10,56,45,59,59,53,53,53,27,12,12,0],"gold":81,"neow_bonus":"","is_prod":false,"is_daily":false,"chose_seed":false,"campfire_upgraded":4,"win_rate":0,"timestamp":1537894471,"path_taken":["M","?","?","$","?","?","?","R","T","?","R","M","R","M","R","BOSS","M","?","?","?","$","R","M","?","T","M"],"build_version":"2018-09-20","purchased_purges":2,"victory":false,"max_hp_per_floor":[71,71,71,71,71,71,71,71,71,71,71,71,71,71,71,71,71,71,71,71,71,71,71,71,71,71,71],"card_choices":[{"not_picked":["Glacier","Auto Shields"],"picked":"Defragment","floor":1},{"not_picked":["Leap","Melter"],"picked":"Capacitor","floor":7},{"not_picked":["Barrage","Force Field"],"picked":"Sweeping Beam","floor":12},{"not_picked":["Hologram","Beam Cell"],"picked":"Undo","floor":14},{"not_picked":["All For One","Amplify"],"picked":"Core Surge","floor":16},{"not_picked":["Stack+1","BootSequence"],"picked":"Go for the Eyes+1","floor":18},{"not_picked":["Barrage","Leap"],"picked":"Sweeping Beam","floor":24},{"not_picked":["Barrage","Scrape","Genetic Algorithm"],"picked":"SKIP","floor":25}],"player_experience":688599,"relics_obtained":[{"floor":9,"key":"Tiny Chest"},{"floor":26,"key":"Letter Opener"}],"event_choices":[{"event_name":"Golden Idol","player_choice":"Take Wound","floor":2,"damage_taken":0},{"event_name":"Scrap Ooze","player_choice":"success","floor":3,"damage_taken":5},{"event_name":"Living Wall","player_choice":"Grow","floor":5,"damage_taken":0},{"event_name":"Upgrade Shrine","player_choice":"Upgraded","floor":6,"damage_taken":0},{"event_name":"Accursed Blacksmith","player_choice":"Forge","floor":10,"damage_taken":0},{"event_name":"The Library","player_choice":"Heal","floor":19,"damage_taken":0},{"event_name":"Nest","player_choice":"Joined the Cult","floor":21,"damage_taken":0}],"is_beta":false,"boss_relics":[{"not_picked":["Ectoplasm","Runic Pyramid"],"picked":"Inserter"}],"items_purged_floors":[4,20],"is_endless":false,"potions_floor_spawned":[1,7,14,24,25],"killed_by":"Shelled Parasite and Fungi","ascension_level":19}