{"path_per_floor":["M","?","M","M","M","R","M","E","T","T","M","E","M","M","R","B",null,"M","$","M","?","?","E","M","E","T","R","M","?","M","M","R","B",null,"M","M","$","M","?"],"character_chosen":"IRONCLAD","items_purchased":["Toxic Egg 2","War Paint","Bag of Preparation","Omamori"],"gold_per_floor":[18,18,37,56,68,68,80,112,112,164,182,210,226,246,246,349,349,361,91,103,103,103,136,148,211,237,237,247,297,310,324,324,424,424,441,452,4,14,14,14],"floor_reached":40,"campfire_rested":1,"playtime":2753,"current_hp_per_floor":[80,77,75,76,74,74,78,80,80,80,80,77,80,80,80,80,80,62,62,58,42,42,58,43,35,35,54,71,71,73,66,66,43,75,78,53,53,85,85,0],"items_purged":["Strike_R","Defend_R"],"gold":14,"score":569,"play_id":"02921d36-7eb4-4db3-8a7f-1d63410af217","local_time":"20180331155002","is_prod":false,"is_daily":false,"is_ascension_mode":true,"campfire_upgraded":3,"timestamp":1522504202,"path_taken":["M","?","?","M","M","R","M","E","T","?","?","E","M","M","R","BOSS","M","$","M","?","?","E","?","E","T","R","M","?","M","M","R","BOSS","M","M","$","M","?","E"],"build_version":"2018-03-29v2","purchased_purges":4,"victory":false,"master_deck":["Defend_R+1","Defend_R","Bash","Power Through+1","Iron Wave","Wild Strike","Iron Wave+1","Ghostly Armor","Demon Form+1","Body Slam","Metallicize","Shrug It Off","Demon Form+1","Headbutt+1","Warcry+1","Bite","Bite","Bite","Bite","Bite","Feed","Limit Break+1","Armaments+1"],"max_hp_per_floor":[80,80,80,80,80,80,80,80,80,80,80,80,80,80,80,80,80,80,80,80,80,56,58,63,66,66,66,71,71,73,75,75,75,75,78,80,80,85,85,89],"relics":["Burning Blood","Art of War","The Courier","Magic Flower","Lantern","Gremlin Horn","Mark of Pain","Toxic Egg 2","Nilry\u0027s Codex","Singing Bowl","Tiny Chest","Juzu Bracelet","Velvet Choker","War Paint","Bag of Preparation","Omamori","Pen Nib"],"card_choices":[{"not_picked":["True Grit","Anger"],"picked":"Power Through","floor":1},{"not_picked":["Power Through","Sever Soul"],"picked":"Iron Wave","floor":3},{"not_picked":["Clash","Havoc"],"picked":"Wild Strike","floor":4},{"not_picked":["Wild Strike","Twin Strike"],"picked":"Iron Wave","floor":5},{"not_picked":["Bloodletting","Flex"],"picked":"Ghostly Armor","floor":7},{"not_picked":["Flex","Havoc"],"picked":"Demon Form","floor":8},{"not_picked":["True Grit","Flex"],"picked":"Body Slam","floor":11},{"not_picked":["Body Slam","Havoc"],"picked":"Metallicize","floor":12},{"not_picked":["Clothesline","Uppercut"],"picked":"Shrug It Off","floor":14},{"not_picked":["Berserk","Brutality"],"picked":"Demon Form","floor":16},{"not_picked":["Infernal Blade","Clash"],"picked":"Headbutt","floor":18},{"not_picked":["Havoc","Perfected Strike"],"picked":"Warcry","floor":20},{"not_picked":["Power Through","Iron Wave"],"picked":"Feed","floor":25},{"not_picked":["Demon Form","Impervious"],"picked":"Limit Break","floor":33},{"not_picked":["Rampage","Twin Strike"],"picked":"Armaments","floor":35}],"player_experience":166683,"potions_floor_usage":[16,23,33,33,36,40],"damage_taken":[{"damage":2,"enemies":"Small Slimes","floor":1,"turns":4},{"damage":8,"enemies":"2 Louse","floor":3,"turns":3},{"damage":5,"enemies":"Cultist","floor":4,"turns":4},{"damage":8,"enemies":"Exordium Thugs","floor":5,"turns":7},{"damage":2,"enemies":"Gremlin Gang","floor":7,"turns":6},{"damage":2,"enemies":"Gremlin Nob","floor":8,"turns":4},{"damage":3,"enemies":"3 Louse","floor":11,"turns":4},{"damage":12,"enemies":"3 Sentries","floor":12,"turns":7},{"damage":0,"enemies":"Large Slime","floor":13,"turns":5},{"damage":0,"enemies":"Looter","floor":14,"turns":3},{"damage":0,"enemies":"Slime Boss","floor":16,"turns":9},{"damage":27,"enemies":"2 Thieves","floor":18,"turns":4},{"damage":13,"enemies":"Shell Parasite","floor":20,"turns":6},{"damage":4,"enemies":"Gremlin Leader","floor":23,"turns":6},{"damage":40,"enemies":"Snake Plant","floor":24,"turns":5},{"damage":40,"enemies":"Slavers","floor":25,"turns":8},{"damage":4,"enemies":"3 Cultists","floor":28,"turns":5},{"damage":22,"enemies":"Sentry and Sphere","floor":30,"turns":6},{"damage":39,"enemies":"Centurion and Healer","floor":31,"turns":6},{"damage":53,"enemies":"Collector","floor":33,"turns":8},{"damage":6,"enemies":"3 Shapes","floor":35,"turns":4},{"damage":48,"enemies":"3 Darklings","floor":36,"turns":4},{"damage":3,"enemies":"4 Shapes","floor":38,"turns":6},{"damage":110,"enemies":"2 Orb Walkers","floor":40,"turns":6}],"event_choices":[{"event_name":"Scrap Ooze","player_choice":"success","floor":2,"damage_taken":3},{"event_name":"Cursed Tome","player_choice":"Obtained Book","floor":21,"damage_taken":0},{"event_name":"Vampires","player_choice":"Became a vampire","floor":22,"damage_taken":0},{"event_name":"The Joust","player_choice":"Bet on Murderer","floor":29,"damage_taken":0},{"event_name":"Accursed Blacksmith","player_choice":"Rummage","floor":39,"damage_taken":0}],"boss_relics":[{"not_picked":["White Beast Statue","Runic Cube"],"picked":"Mark of Pain"},{"not_picked":["Astrolabe","Black Blood"],"picked":"Velvet Choker"}],"potions_floor_spawned":[5,7,11,12,14,20,28,31,33,35,38],"seed_played":"-5504757642904380761","killed_by":"2 Orb Walkers","ascension_level":2,"is_trial":false}