{"gold_per_floor":[116,116,129,129,129,129,51,82,82,82,106,106,130,163,163,259,259,283,322,42,63,82,82,82],"floor_reached":24,"playtime":1273,"items_purged":["Auto Shields"],"score":428,"play_id":"1ada431b-8780-4f93-9f84-ed5ce88311b9","local_time":"20190324122130","is_ascension_mode":true,"campfire_choices":[{"data":"Ball Lightning","floor":6,"key":"SMITH"},{"floor":12,"key":"REST"},{"data":"Loop","floor":15,"key":"SMITH"},{"floor":23,"key":"REST"}],"neow_cost":"NONE","seed_source_timestamp":918803315699500,"circlet_count":0,"master_deck":["AscendersBane","Zap+1","Dualcast","Echo Form+1","Ball Lightning+1","Cold Snap","Loop+1","Glacier","Hologram","Core Surge","Auto Shields","Double Energy","Barrage","Heatsinks","Blizzard","Core Surge","Seek","Darkness","Self Repair"],"relics":["Cracked Core","Boot","Golden Idol","Happy Flower","Darkstone Periapt","Anchor","Blue Candle","Pandora\u0027s Box","Red Mask","Runic Capacitor"],"potions_floor_usage":[],"damage_taken":[{"damage":0,"enemies":"2 Louse","floor":1,"turns":1},{"damage":12,"enemies":"Jaw Worm","floor":3,"turns":2},{"damage":11,"enemies":"Lagavulin","floor":8,"turns":5},{"damage":0,"enemies":"Small Slimes","floor":13,"turns":3},{"damage":11,"enemies":"3 Sentries","floor":14,"turns":6},{"damage":0,"enemies":"The Guardian","floor":16,"turns":10},{"damage":2,"enemies":"Chosen","floor":18,"turns":4},{"damage":21,"enemies":"Masked Bandits","floor":19,"turns":4},{"damage":0,"enemies":"3 Byrds","floor":21,"turns":5},{"damage":9,"enemies":"Centurion and Healer","floor":22,"turns":5},{"damage":45,"enemies":"Gremlin Leader","floor":24,"turns":4}],"seed_played":"-3045228545591294674","potions_obtained":[{"floor":3,"key":"Regen Potion"},{"floor":14,"key":"PowerPotion"},{"floor":18,"key":"Swift Potion"}],"is_trial":false,"path_per_floor":["M","?","M","?","?","R","$","E","T","?","T","R","M","E","R","B",null,"M","?","$","M","M","R","E"],"character_chosen":"DEFECT","items_purchased":["Loop","Runic Capacitor"],"campfire_rested":2,"item_purchase_floors":[7,20],"current_hp_per_floor":[64,64,52,40,40,40,40,29,29,16,16,35,35,24,24,24,56,54,33,33,33,24,43,0],"gold":82,"neow_bonus":"ONE_RANDOM_RARE_CARD","is_prod":false,"is_daily":false,"chose_seed":false,"campfire_upgraded":2,"win_rate":0,"timestamp":1553455290,"path_taken":["M","?","M","?","?","R","$","E","T","?","?","R","M","E","R","BOSS","M","?","$","M","M","R","E"],"build_version":"2019-01-23","purchased_purges":1,"victory":false,"max_hp_per_floor":[71,71,71,71,66,66,66,66,66,66,66,66,66,66,66,66,66,66,66,66,66,66,66,66],"card_choices":[{"not_picked":["Cold Snap","Compile Driver"],"picked":"Ball Lightning","floor":1},{"not_picked":["Compile Driver","Streamline"],"picked":"Cold Snap","floor":3},{"not_picked":["Fission","Beam Cell"],"picked":"Glacier","floor":8},{"not_picked":["Leap","Melter"],"picked":"Hologram","floor":13},{"not_picked":["Turbo","Tempest","Skim"],"picked":"SKIP","floor":14},{"not_picked":["Meteor Strike","Hyperbeam"],"picked":"Core Surge","floor":16},{"not_picked":["Reprogram","Streamline","Rebound+1"],"picked":"SKIP","floor":18},{"not_picked":["Stack","Sweeping Beam"],"picked":"Darkness","floor":19},{"not_picked":["Sweeping Beam","Recycle","Rebound"],"picked":"SKIP","floor":21},{"not_picked":["Double Energy","Storm"],"picked":"Self Repair","floor":22}],"player_experience":695196,"relics_obtained":[{"floor":8,"key":"Happy Flower"},{"floor":9,"key":"Darkstone Periapt"},{"floor":11,"key":"Anchor"},{"floor":14,"key":"Blue Candle"},{"floor":19,"key":"Red Mask"}],"event_choices":[{"damage_healed":0,"gold_gain":0,"player_choice":"Grow","damage_taken":0,"max_hp_gain":0,"max_hp_loss":0,"event_name":"Living Wall","floor":2,"gold_loss":0,"cards_upgraded":["Zap"]},{"damage_healed":0,"gold_gain":0,"player_choice":"Success","damage_taken":12,"relics_obtained":["Boot"],"max_hp_gain":0,"max_hp_loss":0,"event_name":"Scrap Ooze","floor":4,"gold_loss":0},{"damage_healed":0,"gold_gain":0,"player_choice":"Lose Max HP","damage_taken":0,"relics_obtained":["Golden Idol"],"max_hp_gain":0,"max_hp_loss":5,"event_name":"Golden Idol","floor":5,"gold_loss":0},{"damage_healed":0,"gold_gain":0,"player_choice":"Entered Light","damage_taken":13,"max_hp_gain":0,"max_hp_loss":0,"event_name":"Shining Light","floor":10,"gold_loss":0,"cards_upgraded":["Echo Form","Strike_B"]},{"damage_healed":0,"gold_gain":0,"player_choice":"Fought Bandits","damage_taken":0,"max_hp_gain":0,"max_hp_loss":0,"event_name":"Masked Bandits","floor":19,"gold_loss":0}],"is_beta":false,"boss_relics":[{"not_picked":["Runic Dome","Busted Crown"],"picked":"Pandora\u0027s Box"}],"items_purged_floors":[20],"is_endless":false,"potions_floor_spawned":[3,14,16,18,22],"killed_by":"Gremlin Leader","ascension_level":14}