{"gold_per_floor":[113,188,188,198,50,75,40,58,83,114,114,141,141,153,153,252,252,266,88,88,103,103,103,132,147,147,157,182,182,182,102,102,102],"floor_reached":33,"playtime":1741,"items_purged":["Normality","Pain"],"score":366,"play_id":"5584fb58-730f-4734-b470-edcf8c9b2b47","local_time":"20190301180445","is_ascension_mode":true,"campfire_choices":[{"data":"Cold Snap","floor":11,"key":"SMITH"},{"data":"Coolheaded","floor":15,"key":"SMITH"},{"floor":23,"key":"REST"},{"floor":30,"key":"REST"},{"floor":32,"key":"RECALL"}],"neow_cost":"NONE","seed_source_timestamp":31505617826617,"circlet_count":0,"master_deck":["Defend_B","Defend_B","Defend_B","Defend_B","Zap","Dualcast","Rebound","Cold Snap+1","Go for the Eyes","Coolheaded+1","Redo","Gash","White Noise","All For One","Parasite","Sweeping Beam","Gash","Beam Cell","Tempest+1","Seek","Gash+1","Beam Cell+1","Gash","Bite","Bite","Bite","Bite","Bite"],"relics":["Cracked Core","PreservedInsect","Pen Nib","Centennial Puzzle","Meat on the Bone","Dodecahedron","Calling Bell","Regal Pillow","Darkstone Periapt","Nunchaku","The Courier","Lantern","Pantograph","Singing Bowl"],"potions_floor_usage":[10,24,27,33],"damage_taken":[{"damage":3,"enemies":"Jaw Worm","floor":1,"turns":4},{"damage":0,"enemies":"Small Slimes","floor":4,"turns":3},{"damage":19,"enemies":"Lagavulin","floor":6,"turns":5},{"damage":2,"enemies":"2 Louse","floor":8,"turns":2},{"damage":20,"enemies":"3 Sentries","floor":10,"turns":5},{"damage":3,"enemies":"Lagavulin","floor":12,"turns":5},{"damage":6,"enemies":"Large Slime","floor":14,"turns":4},{"damage":29,"enemies":"Hexaghost","floor":16,"turns":12},{"damage":26,"enemies":"Spheric Guardian","floor":18,"turns":4},{"damage":30,"enemies":"Colosseum Slavers","floor":20,"turns":3},{"damage":20,"enemies":"3 Byrds","floor":21,"turns":3},{"damage":41,"enemies":"Gremlin Leader","floor":24,"turns":6},{"damage":11,"enemies":"Snecko","floor":25,"turns":4},{"damage":18,"enemies":"Snake Plant","floor":27,"turns":4},{"damage":18,"enemies":"Slavers","floor":28,"turns":2},{"damage":73,"enemies":"Automaton","floor":33,"turns":6}],"seed_played":"-7443774238972771779","potions_obtained":[{"floor":6,"key":"Regen Potion"},{"floor":10,"key":"Ancient Potion"},{"floor":14,"key":"Strength Potion"},{"floor":16,"key":"FocusPotion"},{"floor":24,"key":"Energy Potion"},{"floor":28,"key":"FocusPotion"}],"is_trial":false,"path_per_floor":["M","?","?","M","$","E","?","M","T","E","R","E","T","M","R","B",null,"M","$","?","M","T","R","E","M","T","M","E","?","R","$","R","B"],"character_chosen":"DEFECT","items_purchased":["PreservedInsect","Gash","Beam Cell"],"campfire_rested":2,"item_purchase_floors":[5,19,19],"current_hp_per_floor":[79,68,68,68,68,49,69,67,67,61,61,58,58,52,52,35,82,56,56,38,30,30,69,40,41,41,35,29,29,57,57,57,0],"gold":102,"neow_bonus":"TEN_PERCENT_HP_BONUS","is_prod":false,"is_daily":false,"chose_seed":false,"campfire_upgraded":2,"win_rate":0,"timestamp":1551463485,"path_taken":["M","?","?","M","$","E","?","M","T","E","R","E","?","M","R","BOSS","M","$","?","M","?","R","E","M","T","M","E","?","R","$","R","BOSS"],"build_version":"2019-01-23","purchased_purges":2,"victory":false,"max_hp_per_floor":[82,82,82,82,82,82,82,82,82,82,82,82,82,82,82,82,82,82,82,82,82,82,82,82,82,82,82,82,57,57,57,57,57],"card_choices":[{"not_picked":["Barrage","Stack"],"picked":"Rebound","floor":1},{"not_picked":["Leap","Streamline"],"picked":"Cold Snap","floor":4},{"not_picked":["Ball Lightning","Loop"],"picked":"Go for the Eyes","floor":6},{"not_picked":["Barrage","Redo"],"picked":"Coolheaded","floor":8},{"not_picked":["Sweeping Beam","Streamline"],"picked":"Redo","floor":10},{"not_picked":["Rainbow","Turbo"],"picked":"Gash","floor":12},{"not_picked":["Tempest","Barrage"],"picked":"White Noise","floor":14},{"not_picked":["Biased Cognition","Multi-Cast"],"picked":"All For One","floor":16},{"not_picked":["Static Discharge","Consume+1"],"picked":"Sweeping Beam","floor":18},{"not_picked":["Sweeping Beam+1","Chaos"],"picked":"Tempest+1","floor":21},{"not_picked":["Compile Driver","Conserve Battery"],"picked":"Seek","floor":24},{"not_picked":["Reinforced Body","Lockon"],"picked":"Gash+1","floor":25},{"not_picked":["Stack","Go for the Eyes"],"picked":"Beam Cell+1","floor":27},{"not_picked":["Steam","Coolheaded+1"],"picked":"Gash","floor":28}],"player_experience":192727,"relics_obtained":[{"floor":6,"key":"Pen Nib"},{"floor":10,"key":"Centennial Puzzle"},{"floor":12,"key":"Meat on the Bone"},{"floor":13,"key":"Dodecahedron"},{"floor":17,"key":"Regal Pillow"},{"floor":17,"key":"Darkstone Periapt"},{"floor":17,"key":"Nunchaku"},{"floor":22,"key":"The Courier"},{"floor":24,"key":"Lantern"},{"floor":26,"key":"Pantograph"},{"floor":28,"key":"Singing Bowl"}],"event_choices":[{"damage_healed":0,"gold_gain":75,"player_choice":"Gather Gold","damage_taken":11,"max_hp_gain":0,"max_hp_loss":0,"event_name":"World of Goop","floor":2,"gold_loss":0},{"damage_healed":0,"gold_gain":0,"player_choice":"Ignored","damage_taken":0,"max_hp_gain":0,"max_hp_loss":0,"event_name":"Shining Light","floor":3,"gold_loss":0},{"damage_healed":20,"gold_gain":0,"player_choice":"Healed","damage_taken":0,"max_hp_gain":0,"max_hp_loss":0,"event_name":"The Cleric","floor":7,"gold_loss":35},{"damage_healed":0,"gold_gain":0,"player_choice":"Fight","damage_taken":0,"max_hp_gain":0,"max_hp_loss":0,"event_name":"Colosseum","floor":20,"gold_loss":0},{"damage_healed":0,"gold_gain":0,"player_choice":"Fled From Nobs","damage_taken":0,"max_hp_gain":0,"max_hp_loss":0,"event_name":"Colosseum","floor":20,"gold_loss":0},{"damage_healed":0,"gold_gain":0,"player_choice":"Became a vampire","damage_taken":0,"max_hp_gain":0,"max_hp_loss":25,"event_name":"Vampires","floor":29,"gold_loss":0,"cards_obtained":["Bite","Bite","Bite","Bite","Bite"]}],"is_beta":false,"boss_relics":[{"not_picked":["Runic Pyramid","Inserter"],"picked":"Calling Bell"}],"items_purged_floors":[19,31],"is_endless":false,"potions_floor_spawned":[6,10,14,16,24,28],"killed_by":"Automaton","ascension_level":1}