{"gold_per_floor":[111,111,128,128,147,147,181,181,181,200,200,200,200,218,218,319,319,333,343,354,5,21,21,50,50,104,31,119,156,180,192,204,320,332,364,386,106,122,122,152,152,182,208,0,33,33,33,45,45,45,45,45,21,47,47],"floor_reached":55,"playtime":3497,"items_purged":["Defend_G"],"score":1035,"play_id":"48035dea-192f-4073-9b46-f3dfcb84c207","local_time":"20190326214756","is_ascension_mode":true,"campfire_choices":[{"data":"Neutralize","floor":6,"key":"SMITH"},{"data":"Infinite Blades","floor":8,"key":"SMITH"},{"data":"Accuracy","floor":11,"key":"SMITH"},{"data":"Survivor","floor":13,"key":"SMITH"},{"floor":15,"key":"RECALL"},{"data":"A Thousand Cuts","floor":23,"key":"SMITH"},{"data":"Choke","floor":32,"key":"SMITH"}],"neow_cost":"NONE","seed_source_timestamp":32578250182036,"circlet_count":0,"master_deck":["Defend_G","Defend_G","Defend_G","Defend_G","Strike_G","Strike_G","Strike_G","Strike_G","Strike_G","Survivor+1","Neutralize+1","Dagger Throw","Well Laid Plans","Blade Dance+1","Infinite Blades+1","Accuracy+1","Dodge and Roll+1","A Thousand Cuts+1","Cloak And Dagger+1","Blade Dance+1","PiercingWail+1","Flash of Steel","Footwork+1","Masterful Stab","Choke+1","Adrenaline+1","Escape Plan+1","Prepared+1","Impatience+1","Endless Agony","Thinking Ahead+1","Cloak And Dagger+1","Decay","Flying Knee","Acrobatics+1"],"relics":["Coffee Dripper","Toxic Egg 2","Unceasing Top","Kunai","HoveringKite","Sling","Strawberry","MawBank","Pocketwatch","Paper Crane","Bottled Flame","Fusion Hammer","Lee\u0027s Waffle","Snake Skull","Oddly Smooth Stone","Red Mask","Letter Opener","Pantograph"],"potions_floor_usage":[5,7,10,16,24,33,45,50,54,54],"damage_taken":[{"damage":0,"enemies":"2 Louse","floor":1,"turns":3},{"damage":0,"enemies":"Jaw Worm","floor":3,"turns":4},{"damage":0,"enemies":"Small Slimes","floor":5,"turns":3},{"damage":22,"enemies":"Gremlin Nob","floor":7,"turns":4},{"damage":0,"enemies":"Blue Slaver","floor":10,"turns":3},{"damage":4,"enemies":"Exordium Wildlife","floor":14,"turns":3},{"damage":0,"enemies":"Hexaghost","floor":16,"turns":9},{"damage":0,"enemies":"Chosen","floor":18,"turns":4},{"damage":0,"enemies":"Shell Parasite","floor":19,"turns":3},{"damage":0,"enemies":"Shelled Parasite and Fungi","floor":20,"turns":4},{"damage":2,"enemies":"Centurion and Healer","floor":22,"turns":4},{"damage":0,"enemies":"Book of Stabbing","floor":24,"turns":3},{"damage":0,"enemies":"Gremlin Leader","floor":29,"turns":4},{"damage":0,"enemies":"Snecko","floor":30,"turns":3},{"damage":0,"enemies":"Champ","floor":33,"turns":6},{"damage":15,"enemies":"3 Shapes","floor":35,"turns":3},{"damage":0,"enemies":"3 Darklings","floor":36,"turns":3},{"damage":3,"enemies":"Writhing Mass","floor":38,"turns":5},{"damage":5,"enemies":"Reptomancer","floor":40,"turns":3},{"damage":7,"enemies":"Giant Head","floor":42,"turns":6},{"damage":0,"enemies":"Reptomancer","floor":45,"turns":4},{"damage":10,"enemies":"4 Shapes","floor":48,"turns":2},{"damage":15,"enemies":"Awakened One","floor":50,"turns":8},{"damage":72,"enemies":"Shield and Spear","floor":54,"turns":5},{"damage":60,"enemies":"The Heart","floor":55,"turns":2}],"seed_played":"1691192007109257691","potions_obtained":[{"floor":3,"key":"Block Potion"},{"floor":5,"key":"LiquidBronze"},{"floor":7,"key":"SkillPotion"},{"floor":10,"key":"Weak Potion"},{"floor":19,"key":"Energy Potion"},{"floor":24,"key":"Ancient Potion"},{"floor":29,"key":"LiquidBronze"},{"floor":30,"key":"Ancient Potion"},{"floor":36,"key":"SneckoOil"},{"floor":42,"key":"SkillPotion"},{"floor":45,"key":"FearPotion"}],"is_trial":false,"path_per_floor":["M","$","M","?","M","R","E","R","T","M","R","?","R","M","R","B",null,"M","M","M","$","M","R","E","$","T","?","T","E","M","?","R","B",null,"M","M","$","M","?","E","R","E","T","?","E","?","R","M","R","B",null,"R","$","E","B"],"character_chosen":"THE_SILENT","items_purchased":["Flash of Steel","Sling","Impatience+1","Lee\u0027s Waffle","Flying Knee"],"campfire_rested":0,"item_purchase_floors":[21,21,37,37,53],"current_hp_per_floor":[70,70,70,58,58,58,36,36,36,36,36,36,36,32,32,32,70,70,70,70,70,68,68,75,75,75,75,75,75,75,75,75,75,77,62,62,84,81,81,76,76,69,69,69,69,69,69,59,59,44,84,84,84,12,0],"gold":47,"neow_bonus":"BOSS_RELIC","is_prod":false,"is_daily":false,"chose_seed":false,"campfire_upgraded":6,"win_rate":0,"timestamp":1553636876,"path_taken":["M","$","M","?","M","R","E","R","T","M","R","?","R","M","R","BOSS","M","M","M","$","M","R","E","$","T","?","?","E","M","?","R","BOSS","M","M","$","M","?","E","R","E","T","?","E","?","R","?","R","BOSS","R","$","E","BOSS"],"build_version":"2019-01-23","purchased_purges":1,"victory":false,"max_hp_per_floor":[70,70,70,70,70,70,70,70,70,70,70,70,70,70,70,70,70,70,70,70,70,70,70,77,77,77,77,77,77,77,77,77,77,77,77,77,84,84,84,84,84,84,84,84,84,84,84,84,84,84,84,84,84,84,84],"card_choices":[{"not_picked":["Quick Slash","Slice"],"picked":"Dagger Throw","floor":1},{"not_picked":["Dodge and Roll","A Thousand Cuts"],"picked":"Well Laid Plans","floor":3},{"not_picked":["Slice","Backflip+1"],"picked":"Blade Dance+1","floor":5},{"not_picked":["Acrobatics+1","Backflip+1"],"picked":"Infinite Blades","floor":7},{"not_picked":["Well Laid Plans","Dagger Throw"],"picked":"Accuracy","floor":10},{"not_picked":["Blur+1","Catalyst+1"],"picked":"Dodge and Roll+1","floor":14},{"not_picked":["Bullet Time+1","Malaise+1"],"picked":"A Thousand Cuts","floor":16},{"not_picked":["Deadly Poison+1","Quick Slash"],"picked":"Cloak And Dagger+1","floor":18},{"not_picked":["Dagger Throw","Bane"],"picked":"Blade Dance+1","floor":19},{"not_picked":["Masterful Stab+1","Catalyst+1"],"picked":"PiercingWail+1","floor":20},{"not_picked":["Prepared+1","Blade Dance+1"],"picked":"Footwork+1","floor":22},{"not_picked":["Dash","Unload"],"picked":"Masterful Stab","floor":24},{"not_picked":["Quick Slash+1","Acrobatics+1"],"picked":"Choke","floor":29},{"not_picked":["Dagger Spray+1","PiercingWail+1"],"picked":"Underhanded Strike","floor":30},{"not_picked":["Tools of the Trade","Wraith Form v2"],"picked":"Adrenaline+1","floor":33},{"not_picked":["Deadly Poison+1","Heel Hook"],"picked":"Escape Plan+1","floor":35},{"not_picked":["Outmaneuver+1","Deadly Poison+1"],"picked":"Prepared+1","floor":36},{"not_picked":["Outmaneuver+1","Bouncing Flask+1"],"picked":"Endless Agony","floor":38},{"not_picked":["The Bomb+1","Purity+1"],"picked":"Thinking Ahead+1","floor":39},{"not_picked":["Poisoned Stab","Bane+1","Noxious Fumes"],"picked":"SKIP","floor":40},{"not_picked":["Dagger Spray+1","Flechettes"],"picked":"Cloak And Dagger+1","floor":42},{"not_picked":["Night Terror+1","Backflip+1","Tactician+1"],"picked":"SKIP","floor":45},{"not_picked":["Dagger Throw","Well Laid Plans","Crippling Poison+1"],"picked":"SKIP","floor":48},{"not_picked":["Bouncing Flask+1","Catalyst+1"],"picked":"Acrobatics+1","floor":54}],"player_experience":219987,"relics_obtained":[{"floor":7,"key":"Unceasing Top"},{"floor":9,"key":"Kunai"},{"floor":24,"key":"Strawberry"},{"floor":26,"key":"MawBank"},{"floor":28,"key":"Paper Crane"},{"floor":29,"key":"Bottled Flame"},{"floor":40,"key":"Snake Skull"},{"floor":42,"key":"Oddly Smooth Stone"},{"floor":45,"key":"Letter Opener"},{"floor":54,"key":"Pantograph"}],"event_choices":[{"damage_healed":0,"gold_gain":0,"player_choice":"Success","damage_taken":12,"relics_obtained":["Toxic Egg 2"],"max_hp_gain":0,"max_hp_loss":0,"event_name":"Scrap Ooze","floor":4,"gold_loss":0},{"damage_healed":0,"gold_gain":0,"player_choice":"Ignored","damage_taken":0,"max_hp_gain":0,"max_hp_loss":0,"event_name":"Shining Light","floor":12,"gold_loss":0},{"damage_healed":0,"gold_gain":0,"player_choice":"Obtained Relic","damage_taken":0,"relics_obtained":["Pocketwatch"],"max_hp_gain":0,"max_hp_loss":0,"event_name":"Addict","floor":27,"gold_loss":85},{"cards_removed":["Underhanded Strike"],"damage_healed":0,"gold_gain":0,"player_choice":"Elegance","damage_taken":0,"max_hp_gain":0,"max_hp_loss":0,"event_name":"Back to Basics","floor":31,"gold_loss":0},{"damage_healed":0,"gold_gain":0,"player_choice":"Memory 1","damage_taken":0,"max_hp_gain":0,"max_hp_loss":0,"event_name":"SensoryStone","floor":39,"gold_loss":0},{"damage_healed":0,"gold_gain":0,"player_choice":"Paid","damage_taken":0,"relics_obtained":["Red Mask"],"max_hp_gain":0,"max_hp_loss":0,"event_name":"Tomb of Lord Red Mask","floor":44,"gold_loss":208},{"damage_healed":0,"gold_gain":0,"player_choice":"Cursed","damage_taken":0,"max_hp_gain":0,"max_hp_loss":0,"event_name":"Wheel of Change","floor":46,"gold_loss":0,"cards_obtained":["Decay"]}],"is_beta":false,"boss_relics":[{"not_picked":["Runic Dome","Sozu"],"picked":"HoveringKite"},{"not_picked":["Snecko Eye","Philosopher\u0027s Stone"],"picked":"Fusion Hammer"}],"items_purged_floors":[21],"is_endless":false,"potions_floor_spawned":[3,5,7,10,19,24,29,30,36,42,45],"killed_by":"The Heart","ascension_level":2}