{"gold_per_floor":[113,133,144,158,35,35,63,76,76,96,96,122,22,22,22,97,97,97,97,97,97,97,97,97,97,97,57,57,57,57,57,57,57,57,57,57,57,0,0,0],"floor_reached":40,"playtime":3135,"items_purged":["Strike_B","Strike_B"],"score":707,"play_id":"ed32923d-542a-4628-a35e-7cf1d443a436","local_time":"20181229103001","is_ascension_mode":true,"campfire_choices":[{"data":"Zap","floor":6,"key":"SMITH"},{"floor":11,"key":"REST"},{"floor":15,"key":"REST"},{"floor":23,"key":"REST"},{"data":"RitualDagger","floor":25,"key":"SMITH"},{"floor":32,"key":"REST"}],"neow_cost":"PERCENT_DAMAGE","seed_source_timestamp":713990123203864,"circlet_count":0,"master_deck":["AscendersBane","Zap+1","Dualcast","Ball Lightning","Cold Snap","BootSequence","Machine Learning","Coolheaded","Barrage","Coolheaded","Capacitor","Amplify","Go for the Eyes+1","Self Repair","RitualDagger+1","Sweeping Beam","Hologram","Loop","Leap+1","Creative AI","Conserve Battery","Fusion","Leap","FTL","Aggregate","Conserve Battery","Writhe","Reinforced Body+1"],"relics":["Cracked Core","Potion Belt","Bottled Flame","Ectoplasm","Orichalcum","Bottled Tornado","Shuriken","Pandora\u0027s Box","Red Mask"],"potions_floor_usage":[7,12,16,16,21,28,30,30,30,30,33,33,33,33,40,40,40],"damage_taken":[{"damage":0,"enemies":"Small Slimes","floor":1,"turns":3},{"damage":2,"enemies":"Jaw Worm","floor":2,"turns":3},{"damage":0,"enemies":"Cultist","floor":3,"turns":3},{"damage":8,"enemies":"2 Fungi Beasts","floor":4,"turns":3},{"damage":28,"enemies":"Gremlin Nob","floor":7,"turns":4},{"damage":0,"enemies":"Looter","floor":8,"turns":4},{"damage":0,"enemies":"Large Slime","floor":10,"turns":4},{"damage":18,"enemies":"Lagavulin","floor":12,"turns":6},{"damage":23,"enemies":"Hexaghost","floor":16,"turns":9},{"damage":6,"enemies":"Chosen","floor":18,"turns":6},{"damage":5,"enemies":"Shell Parasite","floor":19,"turns":7},{"damage":38,"enemies":"Colosseum Slavers","floor":21,"turns":6},{"damage":23,"enemies":"Cultist and Chosen","floor":28,"turns":7},{"damage":23,"enemies":"Centurion and Healer","floor":29,"turns":10},{"damage":20,"enemies":"Slavers","floor":30,"turns":9},{"damage":4,"enemies":"Chosen and Byrds","floor":31,"turns":8},{"damage":50,"enemies":"Automaton","floor":33,"turns":11},{"damage":26,"enemies":"3 Shapes","floor":35,"turns":8},{"damage":7,"enemies":"Orb Walker","floor":39,"turns":5},{"damage":77,"enemies":"Giant Head","floor":40,"turns":11}],"seed_played":"7055865106153759174","potions_obtained":[{"floor":4,"key":"AttackPotion"},{"floor":7,"key":"SkillPotion"},{"floor":8,"key":"GamblersBrew"},{"floor":10,"key":"SteroidPotion"},{"floor":16,"key":"Dexterity Potion"},{"floor":19,"key":"Weak Potion"},{"floor":27,"key":"Regen Potion"},{"floor":27,"key":"Fire Potion"},{"floor":27,"key":"Fire Potion"},{"floor":28,"key":"Weak Potion"},{"floor":31,"key":"EntropicBrew"},{"floor":33,"key":"SteroidPotion"},{"floor":35,"key":"Block Potion"},{"floor":39,"key":"SneckoOil"}],"is_trial":false,"path_per_floor":["M","M","M","M","$","R","E","M","T","M","R","E","$","?","R","B",null,"M","M","?","?","$","R","T","R","T","?","M","M","E","M","R","B",null,"M","?","?","?","M","E"],"character_chosen":"DEFECT","items_purchased":["Coolheaded"],"campfire_rested":4,"item_purchase_floors":[5],"current_hp_per_floor":[60,58,58,50,50,50,22,22,22,22,47,29,29,29,54,31,72,66,61,55,24,24,49,49,49,49,49,47,24,11,21,46,18,68,49,70,70,70,70,0],"gold":0,"neow_bonus":"TWENTY_PERCENT_HP_BONUS","is_prod":false,"is_daily":false,"chose_seed":false,"campfire_upgraded":2,"win_rate":0,"timestamp":1546101001,"path_taken":["M","M","M","M","$","R","E","M","T","M","R","E","$","?","R","BOSS","M","M","?","?","?","R","?","R","T","?","?","M","E","M","R","BOSS","M","?","?","?","M","E"],"build_version":"2018-12-20","purchased_purges":2,"victory":false,"max_hp_per_floor":[85,85,85,85,85,85,85,85,85,85,85,85,85,85,85,85,85,85,85,85,85,85,85,85,85,85,85,85,85,85,85,85,85,85,85,85,85,85,85,85],"card_choices":[{"not_picked":["Rebound","Compile Driver"],"picked":"Ball Lightning","floor":1},{"not_picked":["Steam","Ball Lightning"],"picked":"Cold Snap","floor":2},{"not_picked":["Heatsinks","Barrage"],"picked":"BootSequence","floor":3},{"not_picked":["Recycle","Gash"],"picked":"Machine Learning","floor":4},{"not_picked":["Darkness","Force Field","Beam Cell"],"picked":"SKIP","floor":7},{"not_picked":["Redo","Undo"],"picked":"Barrage","floor":8},{"not_picked":["Turbo","Redo"],"picked":"Coolheaded","floor":10},{"not_picked":["Hyperbeam","Beam Cell"],"picked":"Capacitor","floor":12},{"not_picked":["All For One","Fission"],"picked":"Amplify","floor":16},{"not_picked":["Doom and Gloom","Conserve Battery"],"picked":"Go for the Eyes+1","floor":18},{"not_picked":["Chill+1","Double Energy"],"picked":"Self Repair","floor":19},{"not_picked":["Sunder","Steam"],"picked":"Sweeping Beam","floor":28},{"not_picked":["Redo","Sweeping Beam"],"picked":"Hologram","floor":29},{"not_picked":["Rainbow","Compile Driver"],"picked":"Loop","floor":30},{"not_picked":["Redo","Hologram"],"picked":"Leap+1","floor":31},{"not_picked":["Amplify","Machine Learning"],"picked":"Creative AI","floor":33},{"not_picked":["Scrape","Beam Cell+1"],"picked":"Cold Snap","floor":35},{"not_picked":["Redo","Stack+1"],"picked":"Reinforced Body+1","floor":39}],"player_experience":334201,"relics_obtained":[{"floor":7,"key":"Potion Belt"},{"floor":12,"key":"Bottled Flame"},{"floor":24,"key":"Orichalcum"},{"floor":26,"key":"Bottled Tornado"},{"floor":30,"key":"Shuriken"}],"event_choices":[{"damage_healed":0,"gold_gain":0,"player_choice":"Leave","damage_taken":0,"max_hp_gain":0,"max_hp_loss":0,"event_name":"The Cleric","floor":14,"gold_loss":0},{"damage_healed":0,"gold_gain":0,"player_choice":"Joined the Cult","damage_taken":6,"max_hp_gain":0,"max_hp_loss":0,"event_name":"Nest","floor":20,"gold_loss":0,"cards_obtained":["RitualDagger"]},{"damage_healed":0,"gold_gain":0,"player_choice":"Fight","damage_taken":0,"max_hp_gain":0,"max_hp_loss":0,"event_name":"Colosseum","floor":21,"gold_loss":0},{"damage_healed":0,"gold_gain":0,"player_choice":"Fled From Nobs","damage_taken":0,"max_hp_gain":0,"max_hp_loss":0,"event_name":"Colosseum","floor":21,"gold_loss":0},{"damage_healed":0,"gold_gain":0,"player_choice":"Bought 3 Potions","damage_taken":0,"max_hp_gain":0,"max_hp_loss":0,"event_name":"The Woman in Blue","floor":27,"gold_loss":0},{"damage_healed":21,"gold_gain":0,"player_choice":"Writhe","damage_taken":0,"max_hp_gain":0,"max_hp_loss":0,"event_name":"Winding Halls","floor":36,"gold_loss":0,"cards_obtained":["Writhe"]},{"cards_removed":["Cold Snap"],"damage_healed":0,"gold_gain":0,"player_choice":"Removed Attack","damage_taken":0,"max_hp_gain":0,"max_hp_loss":0,"event_name":"Falling","floor":37,"gold_loss":0},{"damage_healed":0,"gold_gain":0,"player_choice":"Paid","damage_taken":0,"relics_obtained":["Red Mask"],"max_hp_gain":0,"max_hp_loss":0,"event_name":"Tomb of Lord Red Mask","floor":38,"gold_loss":57}],"is_beta":false,"boss_relics":[{"not_picked":["Busted Crown","Sozu"],"picked":"Ectoplasm"},{"not_picked":["Lizard Tail","Black Star"],"picked":"Pandora\u0027s Box"}],"items_purged_floors":[5,13],"is_endless":false,"potions_floor_spawned":[4,7,8,10,16,19,28,29,31,33,35,39],"killed_by":"Giant Head","ascension_level":14}