{"gold_per_floor":[117,137,137,312,24,24,24,24,47,47,71,109,109,130,130,250,250,273,19,19,40,54,54,87,87,111,132,132,152,173,187,187,317,380,403,736,754,754,34,34,53,53,76,96,116,116,131,144,144,144],"floor_reached":51,"playtime":2238,"items_purged":["Doubt","Strike_B","Strike_B"],"score":771,"play_id":"e99af4c5-0958-43c6-85c6-0f0c0e463b79","local_time":"20190122162043","is_ascension_mode":false,"campfire_choices":[{"data":"Defragment","floor":6,"key":"SMITH"},{"data":"Zap","floor":8,"key":"SMITH"},{"data":"Static Discharge","floor":10,"key":"SMITH"},{"data":"Electrodynamics","floor":13,"key":"SMITH"},{"data":"Dualcast","floor":15,"key":"SMITH"},{"data":"Glacier","floor":23,"key":"SMITH"},{"data":"Defend_B","floor":25,"key":"SMITH"},{"data":"Capacitor","floor":28,"key":"SMITH"},{"data":"Seek","floor":32,"key":"SMITH"},{"data":"Defragment","floor":40,"key":"SMITH"},{"data":"Reboot","floor":42,"key":"SMITH"},{"data":"Enlightenment","floor":46,"key":"SMITH"},{"floor":49,"key":"REST"}],"neow_cost":"NONE","seed_source_timestamp":135186202106005,"circlet_count":0,"master_deck":["Defend_B+1","Defend_B+1","Defend_B+1","Defend_B+1","Zap+1","Dualcast+1","Leap+1","Defragment+1","Electrodynamics+1","Seek+1","Glacier+1","Turbo+1","Barrage+1","Capacitor+1","Skim+1","White Noise+1","Reboot+1","FTL+1","Defragment+1","Enlightenment+1","Parasite"],"relics":["Busted Crown","PreservedInsect","Ancient Tea Set","Smiling Mask","Empty Cage","War Paint","Potion Belt","Bronze Scales","Tiny House","DataDisk","Orichalcum","HandDrill","Whetstone"],"potions_floor_usage":[12,16,21,24,30,33,41,41,48,48,50,50,50],"damage_taken":[{"damage":10,"enemies":"Cultist","floor":1,"turns":4},{"damage":2,"enemies":"2 Louse","floor":2,"turns":3},{"damage":5,"enemies":"Small Slimes","floor":11,"turns":3},{"damage":13,"enemies":"3 Sentries","floor":12,"turns":7},{"damage":0,"enemies":"Gremlin Gang","floor":14,"turns":3},{"damage":0,"enemies":"Slime Boss","floor":16,"turns":6},{"damage":5,"enemies":"Spheric Guardian","floor":18,"turns":4},{"damage":10,"enemies":"2 Thieves","floor":21,"turns":3},{"damage":3,"enemies":"Centurion and Healer","floor":22,"turns":25},{"damage":0,"enemies":"Gremlin Leader","floor":24,"turns":6},{"damage":0,"enemies":"Snake Plant","floor":27,"turns":4},{"damage":0,"enemies":"3 Cultists","floor":29,"turns":4},{"damage":0,"enemies":"Centurion and Healer","floor":30,"turns":4},{"damage":5,"enemies":"Sentry and Sphere","floor":31,"turns":3},{"damage":8,"enemies":"Automaton","floor":33,"turns":9},{"damage":5,"enemies":"3 Shapes","floor":35,"turns":2},{"damage":0,"enemies":"3 Darklings","floor":37,"turns":2},{"damage":0,"enemies":"Writhing Mass","floor":41,"turns":4},{"damage":0,"enemies":"Sphere and 2 Shapes","floor":44,"turns":2},{"damage":0,"enemies":"Maw","floor":45,"turns":7},{"damage":0,"enemies":"Transient","floor":47,"turns":5},{"damage":12,"enemies":"Writhing Mass","floor":48,"turns":5},{"damage":4,"enemies":"Donu and Deca","floor":50,"turns":8}],"seed_played":"-9132936140427908530","potions_obtained":[{"floor":11,"key":"Block Potion"},{"floor":12,"key":"Strength Potion"},{"floor":18,"key":"Dexterity Potion"},{"floor":21,"key":"Ancient Potion"},{"floor":24,"key":"Swift Potion"},{"floor":27,"key":"Poison Potion"},{"floor":29,"key":"Regen Potion"},{"floor":33,"key":"Explosive Potion"},{"floor":34,"key":"SteroidPotion"},{"floor":37,"key":"Poison Potion"},{"floor":45,"key":"SteroidPotion"},{"floor":47,"key":"AttackPotion"}],"is_trial":false,"path_per_floor":["M","M","?","?","$","R","?","R","T","R","M","E","R","M","R","B",null,"M","$","?","M","M","R","E","R","T","M","R","M","M","M","R","B",null,"M","?","M","?","$","R","M","R","T","M","M","R","M","M","R","B",null],"character_chosen":"DEFECT","items_purchased":["PreservedInsect","Defragment","War Paint","Poison Potion","DataDisk","Orichalcum","HandDrill","Defragment","Enlightenment"],"campfire_rested":1,"item_purchase_floors":[5,5,19,19,39,39,39,39,39],"current_hp_per_floor":[65,63,45,45,45,45,45,45,45,45,40,27,27,27,27,27,75,70,70,70,60,57,57,57,57,57,57,57,57,69,64,64,56,80,75,75,75,75,75,75,75,75,75,75,75,75,75,63,80,76],"gold":144,"neow_bonus":"BOSS_RELIC","is_prod":false,"is_daily":false,"chose_seed":false,"campfire_upgraded":12,"win_rate":0,"timestamp":1548192043,"path_taken":["M","?","?","?","$","R","?","R","T","R","M","E","R","?","R","BOSS","M","$","?","M","M","R","E","R","T","M","R","M","M","M","R","BOSS","M","?","M","?","?","R","M","R","T","M","M","R","?","M","R","BOSS"],"build_version":"2019-01-17v2","purchased_purges":3,"victory":true,"max_hp_per_floor":[75,75,75,75,75,75,75,75,75,75,75,75,75,75,75,75,75,75,75,75,75,75,75,75,75,75,75,75,75,75,75,75,75,80,80,80,80,80,80,80,80,80,80,80,80,80,80,80,80,80],"card_choices":[{"not_picked":[],"picked":"Leap","floor":1},{"not_picked":[],"picked":"Static Discharge","floor":2},{"not_picked":["Sweeping Beam"],"picked":"SKIP","floor":11},{"not_picked":[],"picked":"Electrodynamics","floor":12},{"not_picked":["Auto Shields"],"picked":"SKIP","floor":14},{"not_picked":[],"picked":"Seek","floor":16},{"not_picked":["Conserve Battery"],"picked":"SKIP","floor":18},{"not_picked":["BootSequence"],"picked":"SKIP","floor":21},{"not_picked":[],"picked":"Turbo+1","floor":22},{"not_picked":[],"picked":"Barrage+1","floor":24},{"not_picked":[],"picked":"Capacitor","floor":27},{"not_picked":[],"picked":"Skim+1","floor":29},{"not_picked":[],"picked":"White Noise+1","floor":30},{"not_picked":["Skim"],"picked":"SKIP","floor":31},{"not_picked":[],"picked":"Reboot","floor":33},{"not_picked":[],"picked":"FTL+1","floor":35},{"not_picked":["Compile Driver"],"picked":"SKIP","floor":37},{"not_picked":["Sweeping Beam+1"],"picked":"SKIP","floor":41},{"not_picked":["Stack"],"picked":"SKIP","floor":44},{"not_picked":["Cold Snap"],"picked":"SKIP","floor":45},{"not_picked":["Undo"],"picked":"SKIP","floor":47},{"not_picked":["Conserve Battery+1"],"picked":"SKIP","floor":48}],"player_experience":564251,"relics_obtained":[{"floor":9,"key":"Ancient Tea Set"},{"floor":12,"key":"Smiling Mask"},{"floor":24,"key":"Potion Belt"},{"floor":26,"key":"Bronze Scales"},{"floor":43,"key":"Whetstone"}],"event_choices":[{"damage_healed":0,"gold_gain":0,"player_choice":"Take Damage","damage_taken":18,"relics_obtained":["Golden Idol"],"max_hp_gain":0,"max_hp_loss":0,"event_name":"Golden Idol","floor":3,"gold_loss":0},{"damage_healed":0,"gold_gain":175,"player_choice":"AGREE","damage_taken":0,"max_hp_gain":0,"max_hp_loss":0,"event_name":"Liars Game","floor":4,"gold_loss":0,"cards_obtained":["Doubt"]},{"damage_healed":0,"gold_gain":0,"player_choice":"Upgraded","damage_taken":0,"max_hp_gain":0,"max_hp_loss":0,"event_name":"Upgrade Shrine","floor":7,"gold_loss":0,"cards_upgraded":["Leap"]},{"damage_healed":0,"gold_gain":0,"player_choice":"Read","damage_taken":0,"max_hp_gain":0,"max_hp_loss":0,"event_name":"The Library","floor":20,"gold_loss":0,"cards_obtained":["Glacier"]},{"damage_healed":0,"gold_gain":333,"player_choice":"Gave Idol","damage_taken":0,"max_hp_gain":0,"max_hp_loss":0,"event_name":"The Moai Head","floor":36,"relics_lost":["Golden Idol"],"gold_loss":0},{"cards_removed":["Static Discharge"],"damage_healed":0,"gold_gain":0,"player_choice":"Removed Power","damage_taken":0,"max_hp_gain":0,"max_hp_loss":0,"event_name":"Falling","floor":38,"gold_loss":0}],"is_beta":false,"boss_relics":[{"not_picked":["Inserter","Calling Bell"],"picked":"Empty Cage"},{"not_picked":["Black Star","White Beast Statue"],"picked":"Tiny House"}],"items_purged_floors":[5,19,39],"is_endless":false,"potions_floor_spawned":[11,12,18,21,24,27,29,33,37,45,47],"ascension_level":0}