{"gold_per_floor":[114,114,132,63,17,17,46,62,140,140,151,166,166,177,177,272,272,288,269,39,69,16,16,16,33,58,58,74,74,90,108,108,108],"floor_reached":33,"playtime":1938,"items_purged":["Strike_G"],"score":299,"play_id":"789a2ac7-9dc4-4d74-b817-9afb3643b38a","local_time":"20190326010320","is_ascension_mode":true,"campfire_choices":[{"data":"Footwork","floor":6,"key":"SMITH"},{"data":"Neutralize","floor":10,"key":"SMITH"},{"data":"Catalyst","floor":13,"key":"SMITH"},{"data":"Caltrops","floor":15,"key":"SMITH"},{"floor":23,"key":"REST"},{"floor":27,"key":"REST"},{"floor":32,"key":"REST"}],"neow_cost":"NONE","seed_source_timestamp":505622426885157,"circlet_count":0,"master_deck":["Defend_G","Defend_G","Defend_G","Defend_G","Defend_G","Strike_G","Strike_G","Strike_G","Strike_G","Survivor","Neutralize+1","Footwork+1","Bouncing Flask","Caltrops+1","Blur","Dodge and Roll","PiercingWail","Bouncing Flask","Catalyst+1","Backflip","After Image","Dash+1","PiercingWail","Decay","Noxious Fumes+1","Infinite Blades+1"],"relics":["Ring of the Snake","Pen Nib","Gremlin Horn","Sozu","Snake Skull","Red Mask","PreservedInsect"],"potions_floor_usage":[16,33,33],"damage_taken":[{"damage":0,"enemies":"Cultist","floor":1,"turns":3},{"damage":0,"enemies":"Small Slimes","floor":3,"turns":4},{"damage":15,"enemies":"3 Sentries","floor":7,"turns":13},{"damage":1,"enemies":"2 Louse","floor":8,"turns":4},{"damage":0,"enemies":"Exordium Wildlife","floor":11,"turns":4},{"damage":0,"enemies":"2 Fungi Beasts","floor":12,"turns":4},{"damage":2,"enemies":"Blue Slaver","floor":14,"turns":5},{"damage":27,"enemies":"Slime Boss","floor":16,"turns":5},{"damage":0,"enemies":"Chosen","floor":18,"turns":4},{"damage":17,"enemies":"2 Thieves","floor":19,"turns":5},{"damage":39,"enemies":"Masked Bandits","floor":21,"turns":6},{"damage":28,"enemies":"Cultist and Chosen","floor":25,"turns":6},{"damage":0,"enemies":"Shelled Parasite and Fungi","floor":28,"turns":6},{"damage":2,"enemies":"Snake Plant","floor":30,"turns":2},{"damage":22,"enemies":"3 Cultists","floor":31,"turns":4},{"damage":45,"enemies":"Collector","floor":33,"turns":5}],"seed_played":"6074654153192041751","potions_obtained":[{"floor":0,"key":"Strength Potion"},{"floor":0,"key":"SteroidPotion"},{"floor":0,"key":"PowerPotion"},{"floor":7,"key":"EssenceOfSteel"},{"floor":16,"key":"Dexterity Potion"}],"is_trial":false,"path_per_floor":["M","?","M","$","$","R","E","M","T","R","M","M","R","M","R","B",null,"M","M","$","?","$","R","?","M","T","R","M","?","M","M","R","B"],"character_chosen":"THE_SILENT","items_purchased":["Blur","Dodge and Roll","Snake Skull","PiercingWail"],"campfire_rested":3,"item_purchase_floors":[4,5,20,22],"current_hp_per_floor":[70,70,70,70,70,70,55,54,54,54,54,54,54,52,52,25,70,70,53,53,14,14,35,35,7,7,28,28,28,26,4,25,0],"gold":108,"neow_bonus":"THREE_SMALL_POTIONS","is_prod":false,"is_daily":false,"chose_seed":false,"campfire_upgraded":4,"win_rate":0,"timestamp":1553576600,"path_taken":["M","?","?","?","$","R","E","?","T","R","M","M","R","M","R","BOSS","M","M","$","?","$","R","?","M","T","R","M","?","?","M","R","BOSS"],"build_version":"2019-01-23","purchased_purges":1,"victory":false,"max_hp_per_floor":[70,70,70,70,70,70,70,70,70,70,70,70,70,70,70,70,70,70,70,70,70,70,70,70,70,70,70,70,70,70,70,70,70],"card_choices":[{"not_picked":["Accuracy","Quick Slash"],"picked":"Footwork","floor":1},{"not_picked":["Dodge and Roll","Bane"],"picked":"Caltrops","floor":3},{"not_picked":["Flying Knee","Blade Dance"],"picked":"PiercingWail","floor":7},{"not_picked":["Eviscerate","Setup"],"picked":"Bouncing Flask","floor":8},{"not_picked":["Prepared","Bane"],"picked":"Catalyst","floor":11},{"not_picked":["Prepared","Quick Slash","Expertise"],"picked":"SKIP","floor":12},{"not_picked":["Skewer","Outmaneuver"],"picked":"Backflip","floor":14},{"not_picked":["Glass Knife","Die Die Die"],"picked":"After Image","floor":16},{"not_picked":["Riddle With Holes","Quick Slash"],"picked":"Dash+1","floor":18},{"not_picked":["Accuracy","Finisher","Dagger Throw"],"picked":"SKIP","floor":19},{"not_picked":["Blade Dance","Riddle With Holes","Dagger Spray"],"picked":"SKIP","floor":25},{"not_picked":["Accuracy","Storm of Steel","Deflect"],"picked":"SKIP","floor":28},{"not_picked":["Calculated Gamble","Prepared+1"],"picked":"Noxious Fumes+1","floor":30},{"not_picked":["Acrobatics","Flying Knee"],"picked":"Infinite Blades+1","floor":31}],"player_experience":1275806,"relics_obtained":[{"floor":7,"key":"Pen Nib"},{"floor":9,"key":"Gremlin Horn"},{"floor":21,"key":"Red Mask"},{"floor":26,"key":"PreservedInsect"}],"event_choices":[{"damage_healed":0,"gold_gain":0,"player_choice":"1 cards matched","damage_taken":0,"max_hp_gain":0,"max_hp_loss":0,"event_name":"Match and Keep!","floor":2,"gold_loss":0,"cards_obtained":["Bouncing Flask"]},{"damage_healed":0,"gold_gain":0,"player_choice":"Fought Bandits","damage_taken":0,"max_hp_gain":0,"max_hp_loss":0,"event_name":"Masked Bandits","floor":21,"gold_loss":0},{"damage_healed":0,"gold_gain":0,"player_choice":"Smashed Altar","damage_taken":0,"max_hp_gain":0,"max_hp_loss":0,"event_name":"Forgotten Altar","floor":29,"gold_loss":0,"cards_obtained":["Decay"]}],"is_beta":false,"boss_relics":[{"not_picked":["Runic Pyramid","Pandora\u0027s Box"],"picked":"Sozu"}],"items_purged_floors":[20],"is_endless":false,"potions_floor_spawned":[7,8,14,16,21,28,31],"killed_by":"Collector","ascension_level":4}