{"gold_per_floor":[117,67,29,40,40,52,81,99,123,150,150,150,167,267,267,371,371,384,384,384,397,54,54,69,69,121,163,175,198,210,235,247,362,374,404,427,486,514,436,448,460,472,484,509,621,633,655,104,104,104,104,104,34,68,68],"floor_reached":55,"playtime":4657,"items_purged":["Strike_R","Strike_R"],"score":1185,"play_id":"982d4ba9-fb70-444e-b82b-85a6c08db459","local_time":"20190103000907","is_ascension_mode":true,"campfire_choices":[{"data":"Feed","floor":11,"key":"SMITH"},{"floor":15,"key":"REST"},{"data":"Limit Break","floor":23,"key":"SMITH"},{"floor":25,"key":"REST"},{"floor":30,"key":"REST"},{"floor":32,"key":"REST"},{"floor":40,"key":"REST"},{"floor":42,"key":"RECALL"},{"floor":46,"key":"REST"},{"floor":49,"key":"REST"},{"floor":52,"key":"REST"}],"neow_cost":"NONE","seed_source_timestamp":816515228742786,"circlet_count":0,"master_deck":["AscendersBane","Strike_R","Defend_R","Defend_R+1","Defend_R","Defend_R","Bash","Cleave","Metallicize+1","Feel No Pain","Shrug It Off","Flame Barrier","Flame Barrier+1","Feed+1","Limit Break+1","Spot Weakness","Pommel Strike","Ghostly Armor","Spot Weakness","Pummel+1","Pummel+1","Disarm+1","Whirlwind","Ghostly Armor+1","Evolve+1","Iron Wave+1","Battle Trance+1","Impervious","Clothesline","Heavy Blade+1","Seeing Red+1","Inflame","Twin Strike+1","Impervious","Reaper","Flame Barrier+1"],"relics":["Burning Blood","Boot","Happy Flower","War Paint","Pen Nib","Shuriken","Orrery","Vajra","MawBank","Blue Candle","Charon\u0027s Ashes","Fusion Hammer","Bird Faced Urn","Dodecahedron","Ice Cream","Gambling Chip","Gremlin Horn"],"potions_floor_usage":[10,13,16,24,33,37,38,50,55,55],"damage_taken":[{"damage":6,"enemies":"Cultist","floor":1,"turns":3},{"damage":0,"enemies":"2 Louse","floor":4,"turns":2},{"damage":11,"enemies":"Jaw Worm","floor":6,"turns":4},{"damage":26,"enemies":"3 Sentries","floor":7,"turns":15},{"damage":8,"enemies":"Large Slime","floor":8,"turns":8},{"damage":15,"enemies":"Lagavulin","floor":10,"turns":10},{"damage":4,"enemies":"Red Slaver","floor":13,"turns":5},{"damage":34,"enemies":"Slime Boss","floor":16,"turns":21},{"damage":10,"enemies":"Shell Parasite","floor":18,"turns":8},{"damage":0,"enemies":"3 Byrds","floor":21,"turns":1},{"damage":17,"enemies":"Snake Plant","floor":24,"turns":5},{"damage":68,"enemies":"Slavers","floor":27,"turns":5},{"damage":21,"enemies":"Centurion and Healer","floor":29,"turns":6},{"damage":27,"enemies":"Cultist and Chosen","floor":31,"turns":5},{"damage":44,"enemies":"Champ","floor":33,"turns":10},{"damage":1,"enemies":"3 Shapes","floor":35,"turns":4},{"damage":6,"enemies":"3 Darklings","floor":36,"turns":4},{"damage":13,"enemies":"2 Orb Walkers","floor":37,"turns":5},{"damage":52,"enemies":"Jaw Worm Horde","floor":38,"turns":5},{"damage":22,"enemies":"Spire Growth","floor":44,"turns":6},{"damage":0,"enemies":"Mind Bloom Boss Battle","floor":45,"turns":6},{"damage":0,"enemies":"Maw","floor":47,"turns":8},{"damage":57,"enemies":"Awakened One","floor":50,"turns":12},{"damage":93,"enemies":"Shield and Spear","floor":54,"turns":8},{"damage":52,"enemies":"The Heart","floor":55,"turns":3}],"seed_played":"-4338889969948195961","potions_obtained":[{"floor":1,"key":"Poison Potion"},{"floor":10,"key":"BloodPotion"},{"floor":13,"key":"GamblersBrew"},{"floor":18,"key":"AttackPotion"},{"floor":31,"key":"Energy Potion"},{"floor":33,"key":"PowerPotion"},{"floor":37,"key":"Regen Potion"},{"floor":44,"key":"Explosive Potion"},{"floor":54,"key":"BloodPotion"}],"is_trial":false,"path_per_floor":["M","?","$","M","?","M","E","M","T","E","R","T","M","?","R","B",null,"M","T","?","M","$","R","M","R","T","E","T","M","R","M","R","B",null,"M","M","?","M","?","R","$","R","T","M","?","R","M","$","R","B",null,"R","$","E","B"],"character_chosen":"IRONCLAD","items_purchased":["Metallicize","Whirlwind","Vajra","LiquidBronze","Gambling Chip","Impervious","Reaper"],"campfire_rested":8,"item_purchase_floors":[3,22,22,22,48,48,53],"current_hp_per_floor":[72,72,72,78,78,73,53,51,51,42,42,42,56,56,81,57,80,80,80,62,68,68,68,57,86,86,24,24,9,38,21,51,13,79,84,84,81,55,55,86,86,86,86,74,90,109,113,113,113,74,106,117,117,36,0],"gold":68,"neow_bonus":"RANDOM_COMMON_RELIC","is_prod":false,"is_daily":false,"chose_seed":false,"campfire_upgraded":2,"win_rate":0,"timestamp":1546495747,"path_taken":["M","?","$","M","?","M","E","?","T","E","R","?","M","?","R","BOSS","M","?","?","M","?","R","M","R","T","E","?","M","R","M","R","BOSS","M","M","?","M","?","R","$","R","T","?","?","R","M","$","R","BOSS","R","$","E","BOSS"],"build_version":"2018-12-20","purchased_purges":2,"victory":false,"max_hp_per_floor":[80,80,80,80,80,80,80,80,80,80,80,80,84,84,84,88,88,92,92,97,97,97,97,97,97,97,97,97,97,97,101,101,101,101,101,101,105,105,105,105,105,105,105,105,109,109,113,113,113,117,117,117,117,117,117],"card_choices":[{"not_picked":["Rupture","Fire Breathing"],"picked":"Cleave","floor":1},{"not_picked":["Heavy Blade","Rupture"],"picked":"Feel No Pain","floor":4},{"not_picked":["Intimidate","Combust"],"picked":"Shrug It Off","floor":6},{"not_picked":["Warcry","Armaments"],"picked":"Flame Barrier","floor":7},{"not_picked":["Heavy Blade","Rampage"],"picked":"Flame Barrier","floor":8},{"not_picked":["Body Slam","Iron Wave"],"picked":"Feed","floor":10},{"not_picked":["Headbutt","Cleave","Sword Boomerang"],"picked":"SKIP","floor":13},{"not_picked":["Berserk","Brutality"],"picked":"Limit Break","floor":16},{"not_picked":["Sentinel","Wild Strike"],"picked":"Spot Weakness","floor":17},{"not_picked":["Perfected Strike","Hemokinesis"],"picked":"Pommel Strike","floor":17},{"not_picked":["Flex","Pommel Strike"],"picked":"Ghostly Armor","floor":17},{"not_picked":["Havoc","Pommel Strike"],"picked":"Spot Weakness","floor":17},{"not_picked":["Pommel Strike","Shrug It Off"],"picked":"Pummel","floor":17},{"not_picked":["Body Slam+1","Dropkick+1"],"picked":"Pummel+1","floor":18},{"not_picked":["Body Slam","Flame Barrier"],"picked":"Disarm+1","floor":21},{"not_picked":["Bloodletting+1","Clash"],"picked":"Ghostly Armor+1","floor":24},{"not_picked":["Immolate","Wild Strike"],"picked":"Evolve+1","floor":27},{"not_picked":["Armaments","Sword Boomerang"],"picked":"Iron Wave+1","floor":29},{"not_picked":["Infernal Blade+1","Rage"],"picked":"Battle Trance+1","floor":31},{"not_picked":["Immolate","Bludgeon"],"picked":"Impervious","floor":33},{"not_picked":["Carnage","Warcry"],"picked":"Clothesline","floor":35},{"not_picked":["Wild Strike+1","Blood for Blood+1"],"picked":"Heavy Blade+1","floor":36},{"not_picked":["Uppercut","Clash"],"picked":"Seeing Red+1","floor":37},{"not_picked":["Rage+1","Sword Boomerang+1","Cleave"],"picked":"SKIP","floor":38},{"not_picked":["Body Slam+1","Sentinel"],"picked":"Inflame","floor":44},{"not_picked":["Body Slam","Clothesline+1"],"picked":"Twin Strike+1","floor":45},{"not_picked":["Wild Strike+1","Havoc+1","Rage+1"],"picked":"SKIP","floor":47},{"not_picked":["Wild Strike","Dark Embrace"],"picked":"Flame Barrier+1","floor":54}],"player_experience":379283,"relics_obtained":[{"floor":7,"key":"Happy Flower"},{"floor":9,"key":"War Paint"},{"floor":10,"key":"Pen Nib"},{"floor":12,"key":"Shuriken"},{"floor":26,"key":"MawBank"},{"floor":27,"key":"Blue Candle"},{"floor":28,"key":"Charon\u0027s Ashes"},{"floor":37,"key":"Bird Faced Urn"},{"floor":43,"key":"Dodecahedron"},{"floor":45,"key":"Ice Cream"},{"floor":54,"key":"Gremlin Horn"}],"event_choices":[{"cards_removed":["Strike_R"],"damage_healed":0,"gold_gain":0,"player_choice":"Card Removal","damage_taken":0,"max_hp_gain":0,"max_hp_loss":0,"event_name":"The Cleric","floor":2,"gold_loss":50},{"damage_healed":0,"gold_gain":0,"player_choice":"Upgraded","damage_taken":0,"max_hp_gain":0,"max_hp_loss":0,"event_name":"Upgrade Shrine","floor":5,"gold_loss":0,"cards_upgraded":["Metallicize"]},{"damage_healed":0,"gold_gain":100,"player_choice":"Pray","damage_taken":0,"max_hp_gain":0,"max_hp_loss":0,"event_name":"Golden Shrine","floor":14,"gold_loss":0},{"damage_healed":0,"gold_gain":0,"player_choice":"Shed Blood","damage_taken":23,"max_hp_gain":5,"max_hp_loss":0,"event_name":"Forgotten Altar","floor":20,"gold_loss":0},{"damage_healed":0,"gold_gain":0,"player_choice":"Fight","damage_taken":0,"max_hp_gain":0,"max_hp_loss":0,"event_name":"Mysterious Sphere","floor":37,"gold_loss":0},{"cards_removed":["Strike_R"],"damage_healed":0,"gold_gain":0,"player_choice":"Upgrade and Remove","damage_taken":0,"max_hp_gain":0,"max_hp_loss":0,"event_name":"Designer","floor":39,"gold_loss":90,"cards_upgraded":["Pummel"]},{"damage_healed":0,"gold_gain":0,"player_choice":"Fight","damage_taken":0,"max_hp_gain":0,"max_hp_loss":0,"event_name":"MindBloom","floor":45,"gold_loss":0}],"is_beta":false,"boss_relics":[{"not_picked":["Runic Pyramid","Runic Cube"],"picked":"Orrery"},{"not_picked":["Calling Bell","Snecko Eye"],"picked":"Fusion Hammer"}],"items_purged_floors":[22,48],"is_endless":false,"potions_floor_spawned":[1,10,13,18,31,33,35,37,44,45,54],"killed_by":"The Heart","ascension_level":11}