{"gold_per_floor":[115,115,80,98,116,116,145,145,145,145,145,145,145,174,174,277,277,290,309,324,99,110,110],"floor_reached":23,"playtime":1100,"items_purged":["Regret"],"score":229,"play_id":"2fd326a5-b2cf-40ea-8de2-f9bb71693f2e","local_time":"20180912233758","is_ascension_mode":true,"campfire_choices":[{"data":"Redo","floor":6,"key":"SMITH"},{"data":"Zap","floor":10,"key":"SMITH"},{"data":"Beam Cell","floor":12,"key":"SMITH"},{"floor":15,"key":"REST"}],"neow_cost":"NONE","seed_source_timestamp":1066337244516041,"circlet_count":0,"master_deck":["Strike_B","Strike_B","Strike_B","Strike_B","Defend_B","Defend_B+1","Defend_B","Defend_B","Zap+1","Dualcast+1","Meteor Strike","Redo+1","Beam Cell+1","Sweeping Beam","Ball Lightning","Parasite","Beam Cell","BootSequence","Rainbow","Turbo+1","Doom and Gloom+1","Defragment+1","Capacitor","Glacier"],"relics":["Cracked Core","Gremlin Horn","Oddly Smooth Stone","Letter Opener","Mummified Hand","Dream Catcher","Velvet Choker"],"potions_floor_usage":[7,16,16,22,22],"damage_taken":[{"damage":2,"enemies":"Small Slimes","floor":1,"turns":5},{"damage":2,"enemies":"Jaw Worm","floor":4,"turns":3},{"damage":3,"enemies":"2 Louse","floor":5,"turns":2},{"damage":17,"enemies":"3 Sentries","floor":7,"turns":7},{"damage":40,"enemies":"Gremlin Nob","floor":14,"turns":4},{"damage":38,"enemies":"Hexaghost","floor":16,"turns":8},{"damage":26,"enemies":"Shell Parasite","floor":18,"turns":5},{"damage":19,"enemies":"Spheric Guardian","floor":19,"turns":4},{"damage":4,"enemies":"Cultist and Chosen","floor":20,"turns":4},{"damage":22,"enemies":"Centurion and Healer","floor":22,"turns":6},{"damage":22,"enemies":"Slavers","floor":23,"turns":3}],"seed_played":"2076851802259635395","potions_obtained":[{"floor":4,"key":"Energy Potion"},{"floor":7,"key":"FearPotion"},{"floor":14,"key":"PowerPotion"},{"floor":19,"key":"FearPotion"}],"is_trial":false,"path_per_floor":["M","?","?","M","M","R","E","?","T","R","?","R","?","E","R","B",null,"M","M","M","$","M"],"character_chosen":"DEFECT","items_purchased":["Capacitor","Regen Potion"],"campfire_rested":1,"item_purchase_floors":[21,21],"current_hp_per_floor":[73,58,75,73,70,70,53,46,46,46,64,64,64,24,46,8,75,49,30,26,26,19,0],"gold":110,"neow_bonus":"ONE_RANDOM_RARE_CARD","is_prod":false,"is_daily":false,"chose_seed":false,"campfire_upgraded":3,"win_rate":0,"timestamp":1536788278,"path_taken":["M","?","?","M","?","R","E","?","T","R","?","R","?","E","R","BOSS","M","M","M","$","M","E"],"build_version":"2018-09-06","purchased_purges":1,"victory":false,"max_hp_per_floor":[75,75,75,75,75,75,75,75,75,75,75,75,75,75,75,75,75,75,75,75,75,75,75],"card_choices":[{"not_picked":["Hologram","Stack"],"picked":"Redo","floor":1},{"not_picked":["BootSequence","Hologram"],"picked":"Beam Cell","floor":4},{"not_picked":["Stack","Compile Driver"],"picked":"Sweeping Beam","floor":5},{"not_picked":["Steam","Turbo"],"picked":"Ball Lightning","floor":7},{"not_picked":["Redo","Conserve Battery"],"picked":"Beam Cell","floor":14},{"not_picked":["Fusion","Compile Driver"],"picked":"BootSequence","floor":15},{"not_picked":["Hyperbeam","Core Surge"],"picked":"Rainbow","floor":16},{"not_picked":["Ball Lightning","Sweeping Beam"],"picked":"Turbo+1","floor":18},{"not_picked":["Compile Driver","Cold Snap"],"picked":"Doom and Gloom+1","floor":19},{"not_picked":["Aggregate","Lockon"],"picked":"Defragment+1","floor":20},{"not_picked":["Rebound","Beam Cell"],"picked":"Glacier","floor":22}],"player_experience":144260,"relics_obtained":[{"floor":7,"key":"Gremlin Horn"},{"floor":9,"key":"Letter Opener"},{"floor":14,"key":"Dream Catcher"}],"event_choices":[{"event_name":"Shining Light","player_choice":"Entered Light","floor":2,"damage_taken":0},{"event_name":"The Cleric","player_choice":"Healed","floor":3,"damage_taken":0},{"event_name":"Scrap Ooze","player_choice":"success","floor":8,"damage_taken":7},{"event_name":"Mushrooms","player_choice":"Healed and dodged fight","floor":11,"damage_taken":0},{"event_name":"Big Fish","player_choice":"Box","floor":13,"damage_taken":0}],"is_beta":false,"boss_relics":[{"not_picked":["Pandora\u0027s Box","Calling Bell"],"picked":"Velvet Choker"}],"items_purged_floors":[21],"is_endless":false,"potions_floor_spawned":[4,7,14,19],"killed_by":"Slavers","ascension_level":3}