{"gold_per_floor":[141,155,155,155,165,165,193,206,206,232,244,274,286,317,329,341],"floor_reached":16,"playtime":591,"items_purged":[],"score":199,"play_id":"8e0d92d0-294b-4062-865e-935fc4f00ea5","local_time":"20181009212129","is_ascension_mode":true,"campfire_choices":[{"data":"Bash","floor":6,"key":"SMITH"},{"floor":11,"key":"REST"},{"floor":15,"key":"REST"}],"neow_cost":"NONE","seed_source_timestamp":1037337063422525,"circlet_count":0,"master_deck":["Strike_R","Strike_R","Strike_R","Strike_R","Strike_R","Defend_R","Defend_R","Defend_R","Defend_R","Bash+1","AscendersBane","Cleave","Twin Strike","Ghostly Armor","Iron Wave","Shrug It Off"],"relics":["Burning Blood","Tiny Chest","Omamori","Orichalcum","Matryoshka","MawBank","Strawberry","Pear"],"potions_floor_usage":[8,10,10,16],"damage_taken":[{"damage":0,"enemies":"Small Slimes","floor":1,"turns":3},{"damage":6,"enemies":"Cultist","floor":2,"turns":4},{"damage":14,"enemies":"Jaw Worm","floor":5,"turns":5},{"damage":50,"enemies":"3 Sentries","floor":7,"turns":10},{"damage":8,"enemies":"Blue Slaver","floor":8,"turns":3},{"damage":12,"enemies":"Gremlin Nob","floor":10,"turns":3},{"damage":13,"enemies":"Gremlin Gang","floor":12,"turns":5},{"damage":4,"enemies":"Looter","floor":14,"turns":4},{"damage":86,"enemies":"Hexaghost","floor":16,"turns":11}],"seed_played":"-7804560327535276802","potions_obtained":[{"floor":1,"key":"PowerPotion"},{"floor":7,"key":"Fire Potion"},{"floor":8,"key":"Fire Potion"},{"floor":14,"key":"SteroidPotion"}],"is_trial":false,"path_per_floor":["M","M","?","T","M","R","E","M","T","E","R","M","T","M","R"],"character_chosen":"IRONCLAD","items_purchased":[],"campfire_rested":2,"item_purchase_floors":[],"current_hp_per_floor":[78,78,80,80,72,72,28,26,26,20,44,37,54,56,85,0],"gold":341,"neow_bonus":"RANDOM_COMMON_RELIC","is_prod":false,"is_daily":false,"chose_seed":false,"campfire_upgraded":1,"win_rate":0,"timestamp":1539145289,"path_taken":["M","M","?","?","M","R","E","?","T","E","R","M","?","?","R","BOSS"],"build_version":"2018-10-04v2","purchased_purges":0,"victory":false,"max_hp_per_floor":[80,80,80,80,80,80,80,80,80,80,80,80,97,97,97,97],"card_choices":[{"not_picked":["Fire Breathing","Warcry"],"picked":"Cleave","floor":1},{"not_picked":["Dropkick","Flex"],"picked":"Armaments","floor":2},{"not_picked":["Evolve","Rampage","Anger"],"picked":"SKIP","floor":5},{"not_picked":["Shockwave","Wild Strike"],"picked":"Twin Strike","floor":7},{"not_picked":["Searing Blow","Carnage"],"picked":"Ghostly Armor","floor":8},{"not_picked":["Whirlwind","Warcry"],"picked":"Iron Wave","floor":10},{"not_picked":["Immolate","Twin Strike"],"picked":"Shrug It Off","floor":12},{"not_picked":["Flex","Wild Strike","True Grit"],"picked":"SKIP","floor":14}],"player_experience":496080,"relics_obtained":[{"floor":4,"key":"Omamori"},{"floor":7,"key":"Orichalcum"},{"floor":9,"key":"Matryoshka"},{"floor":10,"key":"MawBank"},{"floor":13,"key":"Strawberry"},{"floor":13,"key":"Pear"}],"event_choices":[{"event_name":"Bonfire Elementals","player_choice":"COMMON","floor":3,"damage_taken":0}],"is_beta":false,"boss_relics":[],"items_purged_floors":[],"is_endless":false,"potions_floor_spawned":[1,7,8,14],"killed_by":"Hexaghost","ascension_level":11}