{"gold_per_floor":[109,284,57,57,57,57,7,36,63,75,90,103,135,155,155,257,257,269,194,194,194,51,83,93,93,117,117,132,132,145,164,164,265,265,281,294,314,324,43,43,75,75,75,100,110,110,120,135,135,135],"floor_reached":51,"playtime":2406,"items_purged":["Doubt"],"score":1100,"play_id":"f6cf77bc-36af-4de4-93ba-a3dd79b2b854","local_time":"20180825130730","is_ascension_mode":true,"campfire_choices":[{"floor":6,"key":"REST"},{"floor":15,"key":"REST"},{"floor":25,"key":"REST"},{"floor":27,"key":"REST"},{"floor":32,"key":"REST"},{"floor":40,"key":"REST"},{"floor":42,"key":"REST"},{"floor":46,"key":"REST"},{"floor":49,"key":"REST"}],"neow_cost":"PERCENT_DAMAGE","seed_source_timestamp":926127261796193,"circlet_count":0,"master_deck":["Strike_R","Strike_R","Strike_R","Defend_R","Defend_R+1","Defend_R","Defend_R+1","Bash+1","Thunderclap","Inflame","Dropkick","Cleave","Armaments","Metallicize","Flex","Dual Wield","Clothesline","Demon Form","Shrug It Off","RitualDagger","Thunderclap+1","Flex+1","Flame Barrier+1","Demon Form","Iron Wave","Clothesline+1","Pummel+1","Dropkick","RitualDagger","Heavy Blade+1","Flex+1","Battle Trance+1","Armaments+1"],"relics":["Burning Blood","Du-Vu Doll","Red Skull","Fusion Hammer","Enchiridion","Bag of Marbles","The Courier","Blood Vial","Nloth\u0027s Gift","Sozu","DollysMirror","Ancient Tea Set","Dream Catcher","Turnip","Happy Flower"],"potions_floor_usage":[13,16,28,33,47],"damage_taken":[{"damage":6,"enemies":"Cultist","floor":1,"turns":4},{"damage":31,"enemies":"3 Sentries","floor":8,"turns":7},{"damage":2,"enemies":"Jaw Worm","floor":10,"turns":3},{"damage":5,"enemies":"Small Slimes","floor":11,"turns":3},{"damage":0,"enemies":"Exordium Thugs","floor":12,"turns":3},{"damage":18,"enemies":"Gremlin Nob","floor":13,"turns":4},{"damage":6,"enemies":"2 Fungi Beasts","floor":14,"turns":3},{"damage":32,"enemies":"Hexaghost","floor":16,"turns":11},{"damage":17,"enemies":"Spheric Guardian","floor":18,"turns":5},{"damage":40,"enemies":"Slavers","floor":23,"turns":5},{"damage":3,"enemies":"Shell Parasite","floor":24,"turns":3},{"damage":0,"enemies":"Sentry and Sphere","floor":28,"turns":3},{"damage":6,"enemies":"Snecko","floor":30,"turns":4},{"damage":12,"enemies":"3 Cultists","floor":31,"turns":4},{"damage":60,"enemies":"Collector","floor":33,"turns":7},{"damage":8,"enemies":"3 Darklings","floor":35,"turns":7},{"damage":7,"enemies":"Orb Walker","floor":36,"turns":4},{"damage":41,"enemies":"3 Darklings","floor":37,"turns":4},{"damage":26,"enemies":"Sphere and 2 Shapes","floor":38,"turns":4},{"damage":46,"enemies":"Giant Head","floor":41,"turns":6},{"damage":19,"enemies":"2 Orb Walkers","floor":44,"turns":4},{"damage":25,"enemies":"4 Shapes","floor":45,"turns":3},{"damage":6,"enemies":"Transient","floor":47,"turns":5},{"damage":17,"enemies":"Flame Bruiser 2 Orb","floor":48,"turns":5},{"damage":49,"enemies":"Donu and Deca","floor":50,"turns":5}],"seed_played":"-5082568483417734076","potions_obtained":[{"floor":8,"key":"SneckoOil"},{"floor":10,"key":"Fire Potion"},{"floor":13,"key":"Block Potion"},{"floor":24,"key":"FearPotion"},{"floor":30,"key":"PowerPotion"}],"is_trial":false,"path_per_floor":["M","?","$","?","?","R","?","E","T","M","M","M","E","M","R","B",null,"M","?","?","?","$","E","M","R","T","R","M","?","M","M","R","B",null,"M","M","M","M","$","R","E","R","T","E","M","R","M","M","R","B"],"character_chosen":"IRONCLAD","items_purchased":["Inflame","Dropkick","Bag of Marbles","DollysMirror","Ancient Tea Set"],"campfire_rested":9,"item_purchase_floors":[3,3,22,39,39],"current_hp_per_floor":[64,64,64,64,45,73,73,48,48,52,53,59,47,47,75,49,84,73,73,67,51,51,17,20,48,48,76,84,84,86,82,96,42,83,83,84,51,33,33,61,23,51,51,40,23,51,53,44,72,31],"gold":135,"neow_bonus":"TWENTY_PERCENT_HP_BONUS","is_prod":false,"is_daily":false,"chose_seed":false,"campfire_upgraded":0,"win_rate":0,"timestamp":1535227650,"path_taken":["M","?","$","?","?","R","?","E","T","M","M","M","E","M","R","BOSS","M","?","?","?","?","E","?","R","T","R","M","?","?","M","R","BOSS","M","M","M","?","?","R","E","R","T","E","M","R","?","?","R","BOSS"],"build_version":"2018-08-23v2","purchased_purges":1,"victory":true,"max_hp_per_floor":[96,96,96,96,96,96,96,96,96,96,96,96,96,96,96,96,96,96,96,96,96,96,96,96,96,96,96,96,96,96,96,96,96,96,96,96,96,96,96,96,96,96,96,96,96,96,96,96,96,96],"card_choices":[{"not_picked":["Heavy Blade","Entrench"],"picked":"Thunderclap","floor":1},{"not_picked":["Perfected Strike","Wild Strike"],"picked":"Cleave","floor":8},{"not_picked":["Blood for Blood","Clash"],"picked":"Armaments","floor":10},{"not_picked":["Intimidate","Heavy Blade"],"picked":"Metallicize","floor":11},{"not_picked":["Combust","Berserk"],"picked":"Flex","floor":12},{"not_picked":["Infernal Blade","Fire Breathing"],"picked":"Dual Wield","floor":13},{"not_picked":["Anger","True Grit"],"picked":"Clothesline","floor":14},{"not_picked":["Exhume","Dark Embrace"],"picked":"Demon Form","floor":16},{"not_picked":["Heavy Blade","Warcry"],"picked":"Shrug It Off","floor":18},{"not_picked":["Warcry","Ghostly Armor"],"picked":"Thunderclap+1","floor":23},{"not_picked":["Body Slam","Spot Weakness"],"picked":"Flex+1","floor":24},{"not_picked":["Wild Strike","Body Slam","Headbutt"],"picked":"SKIP","floor":28},{"not_picked":["Rampage","Thunderclap"],"picked":"Flame Barrier+1","floor":30},{"not_picked":["Clash","Second Wind+1","Searing Blow"],"picked":"SKIP","floor":31},{"not_picked":["Berserk","Barricade"],"picked":"Demon Form","floor":33},{"not_picked":["Thunderclap+1","Warcry"],"picked":"Iron Wave","floor":35},{"not_picked":["Entrench+1","Cleave"],"picked":"Clothesline+1","floor":36},{"not_picked":["Burning Pact+1","Shrug It Off+1"],"picked":"Pummel+1","floor":37},{"not_picked":["Flex","Searing Blow+1"],"picked":"Dropkick","floor":38},{"not_picked":["Juggernaut","True Grit+1"],"picked":"Heavy Blade+1","floor":41},{"not_picked":["Dropkick","Sentinel+1"],"picked":"Flex+1","floor":42},{"not_picked":["Clothesline","Dark Embrace","Anger+1"],"picked":"SKIP","floor":44},{"not_picked":["Havoc","Thunderclap","Warcry+1"],"picked":"SKIP","floor":45},{"not_picked":["Blood for Blood","Anger+1","Cleave+1"],"picked":"SKIP","floor":47},{"not_picked":["Sword Boomerang+1","Power Through"],"picked":"Battle Trance+1","floor":48},{"not_picked":["Body Slam+1","True Grit+1"],"picked":"Armaments+1","floor":49}],"player_experience":437522,"relics_obtained":[{"floor":8,"key":"Du-Vu Doll"},{"floor":9,"key":"Omamori"},{"floor":13,"key":"Red Skull"},{"floor":21,"key":"Enchiridion"},{"floor":23,"key":"The Courier"},{"floor":26,"key":"Blood Vial"},{"floor":41,"key":"Dream Catcher"},{"floor":43,"key":"Turnip"},{"floor":44,"key":"Happy Flower"}],"event_choices":[{"event_name":"Liars Game","player_choice":"agreed","floor":2,"damage_taken":0},{"event_name":"Living Wall","player_choice":"Grow","floor":4,"damage_taken":0},{"event_name":"Shining Light","player_choice":"Entered Light","floor":5,"damage_taken":0},{"event_name":"The Cleric","player_choice":"Card Removal","floor":7,"damage_taken":0},{"event_name":"Beggar","player_choice":"Gave Gold","floor":19,"damage_taken":0},{"event_name":"Nest","player_choice":"Joined the Cult","floor":20,"damage_taken":0},{"event_name":"Cursed Tome","player_choice":"Obtained Book","floor":21,"damage_taken":0},{"event_name":"N\u0027loth","player_choice":"Traded a Omamori","floor":29,"damage_taken":0}],"is_beta":false,"boss_relics":[{"not_picked":["Coffee Dripper","Orrery"],"picked":"Fusion Hammer"},{"not_picked":["Runic Cube","Runic Dome"],"picked":"Sozu"}],"items_purged_floors":[3],"is_endless":false,"potions_floor_spawned":[8,10,13,24,30,35,37,38,47],"ascension_level":8}