{"gold_per_floor":[110,120,70,70,83,83,102,133,133,133,171,207,232,246,246,339,339,358,358,383,401,401,401,422,422],"floor_reached":25,"playtime":1515,"items_purged":[],"score":366,"play_id":"a0b3057b-5ba1-4423-8cec-1a6f8b00a6d8","local_time":"20190216071647","is_ascension_mode":true,"campfire_choices":[{"data":"Clothesline","floor":6.0,"key":"SMITH"},{"data":"Armaments","floor":10.0,"key":"SMITH"},{"data":"Feed","floor":15.0,"key":"SMITH"},{"floor":23,"key":"REST"}],"neow_cost":"PERCENT_DAMAGE","seed_source_timestamp":0,"circlet_count":0,"master_deck":["AscendersBane","Strike_R","Strike_R","Strike_R","Strike_R","Defend_R","Defend_R","Defend_R","Defend_R","Bash","Immolate","Clothesline+1","Bludgeon","Anger","Corruption","Armaments+1","Feed+1","Ghostly Armor","Demon Form","Rampage","True Grit","Headbutt","Uppercut+1"],"special_seed":0,"relics":["Burning Blood","Golden Idol","Dream Catcher","Omamori","Odd Mushroom","Singing Bowl","Cursed Key","Nilry\u0027s Codex"],"potions_floor_usage":[25],"damage_taken":[{"damage":2.0,"enemies":"Jaw Worm","floor":1.0,"turns":3.0},{"damage":3.0,"enemies":"Small Slimes","floor":2.0,"turns":2.0},{"damage":0.0,"enemies":"2 Louse","floor":5.0,"turns":1.0},{"damage":10.0,"enemies":"Red Slaver","floor":7.0,"turns":3.0},{"damage":24.0,"enemies":"Gremlin Nob","floor":8.0,"turns":4.0},{"damage":18.0,"enemies":"The Mushroom Lair","floor":11.0,"turns":3.0},{"damage":12.0,"enemies":"Lagavulin","floor":12.0,"turns":6.0},{"damage":16.0,"enemies":"Large Slime","floor":13.0,"turns":6.0},{"damage":0.0,"enemies":"2 Fungi Beasts","floor":14.0,"turns":2.0},{"damage":29.0,"enemies":"The Guardian","floor":16.0,"turns":15.0},{"damage":16.0,"enemies":"Spheric Guardian","floor":18.0,"turns":4.0},{"damage":12.0,"enemies":"3 Byrds","floor":20.0,"turns":3.0},{"damage":11.0,"enemies":"Cultist and Chosen","floor":21.0,"turns":6.0},{"damage":10,"enemies":"3 Cultists","floor":24,"turns":4},{"damage":60,"enemies":"Gremlin Leader","floor":25,"turns":7}],"seed_played":"-3419886100639070725","potions_obtained":[{"floor":7.0,"key":"Regen Potion"},{"floor":8.0,"key":"Strength Potion"},{"floor":14.0,"key":"Block Potion"},{"floor":16.0,"key":"LiquidBronze"},{"floor":21.0,"key":"Explosive Potion"}],"is_trial":false,"path_per_floor":["M","M","?","?","M","R","M","E","T","R","?","E","M","M","R","B",null,"M","?","M","M","?","R","M","E"],"character_chosen":"IRONCLAD","items_purchased":[],"campfire_rested":1,"item_purchase_floors":[],"current_hp_per_floor":[54,57,57,57,63,63,59,41,41,41,29,40,30,36,36,13,57,47,47,45,40,24,46,48,0],"gold":422,"neow_bonus":"THREE_RARE_CARDS","is_prod":false,"is_daily":false,"chose_seed":false,"campfire_upgraded":3,"win_rate":0,"timestamp":1550323007,"path_taken":["M","M","?","?","M","R","M","E","T","R","?","E","M","M","R","BOSS","M","?","?","M","?","R","M","E"],"build_version":"2019-01-23","purchased_purges":0,"victory":false,"max_hp_per_floor":[75,75,75,69,69,69,69,69,69,69,69,71,71,71,71,71,71,71,71,75,75,75,75,81,81],"card_choices":[{"not_picked":["Demon Form","Juggernaut"],"picked":"Immolate","floor":0.0},{"not_picked":["Armaments","Thunderclap"],"picked":"Clothesline","floor":1.0},{"not_picked":["Thunderclap","Havoc"],"picked":"Bludgeon","floor":2.0},{"not_picked":["Anger","Havoc","Perfected Strike"],"picked":"SKIP","floor":5.0},{"not_picked":["Havoc","Perfected Strike"],"picked":"Anger","floor":5.0},{"not_picked":["Blood for Blood","Cleave"],"picked":"Corruption","floor":7.0},{"not_picked":["Havoc","Heavy Blade"],"picked":"Armaments","floor":8.0},{"not_picked":["Iron Wave","Cleave","Twin Strike"],"picked":"Singing Bowl","floor":12.0},{"not_picked":["Corruption","Cleave"],"picked":"Feed","floor":13.0},{"not_picked":["Whirlwind","Perfected Strike"],"picked":"Ghostly Armor","floor":14.0},{"not_picked":["Brutality","Bludgeon"],"picked":"Demon Form","floor":16.0},{"not_picked":["Warcry+1","Pommel Strike"],"picked":"Rampage","floor":18.0},{"not_picked":["Clothesline+1","Dual Wield"],"picked":"True Grit","floor":20.0},{"not_picked":["Carnage","Flex"],"picked":"Headbutt","floor":21.0},{"not_picked":["Evolve","Sword Boomerang"],"picked":"Uppercut+1","floor":23},{"not_picked":["Dual Wield+1","Havoc","Body Slam"],"picked":"Singing Bowl","floor":24}],"player_experience":503229,"relics_obtained":[{"floor":8.0,"key":"Dream Catcher"},{"floor":9.0,"key":"Omamori"},{"floor":11.0,"key":"Odd Mushroom"},{"floor":12.0,"key":"Singing Bowl"},{"floor":22,"key":"Nilry\u0027s Codex"}],"event_choices":[{"cards_removed":["Strike_R"],"damage_healed":0.0,"max_hp_gain":0.0,"max_hp_loss":0.0,"gold_gain":0.0,"event_name":"The Cleric","player_choice":"Card Removal","floor":3.0,"gold_loss":50.0,"damage_taken":0.0},{"damage_healed":0.0,"max_hp_gain":0.0,"max_hp_loss":6.0,"gold_gain":0.0,"event_name":"Golden Idol","player_choice":"Lose Max HP","floor":4.0,"gold_loss":0.0,"damage_taken":0.0,"relics_obtained":["Golden Idol"]},{"damage_healed":0.0,"max_hp_gain":0.0,"max_hp_loss":0.0,"gold_gain":0.0,"event_name":"Mushrooms","player_choice":"Fought Mushrooms","floor":11.0,"gold_loss":0.0,"damage_taken":0.0},{"damage_healed":0.0,"max_hp_gain":0.0,"max_hp_loss":0.0,"gold_gain":0.0,"event_name":"FaceTrader","player_choice":"Leave","floor":19.0,"gold_loss":0.0,"damage_taken":0.0},{"damage_healed":0,"gold_gain":0,"player_choice":"Obtained Book","damage_taken":16,"max_hp_gain":0,"max_hp_loss":0,"event_name":"Cursed Tome","floor":22,"gold_loss":0}],"is_beta":false,"boss_relics":[{"not_picked":["White Beast Statue","Runic Cube"],"picked":"Cursed Key"}],"items_purged_floors":[],"is_endless":false,"potions_floor_spawned":[7,8,14,16,21],"killed_by":"Gremlin Leader","ascension_level":14}