{"gold_per_floor":[115,132,132,61,124,155,155,194,194,212,212,231,270,294,294,418,418,396,12,12,12,12,46,46,81,81,81],"floor_reached":27,"playtime":852,"items_purged":["Regret"],"score":350,"play_id":"2e3797ce-801e-4e98-8247-53f6fb6ba98f","local_time":"20181120000953","is_ascension_mode":true,"campfire_choices":[{"data":"Streamline","floor":7,"key":"SMITH"},{"data":"BootSequence","floor":11,"key":"SMITH"},{"floor":15,"key":"REST"},{"floor":24,"key":"REST"}],"neow_cost":"NONE","seed_source_timestamp":288148868913217,"circlet_count":0,"master_deck":["Strike_B","Strike_B","Strike_B","Strike_B","Defend_B","Defend_B","Defend_B","Defend_B","Zap","Dualcast","Streamline+1","Sweeping Beam","Glacier","Aggregate","Conserve Battery","BootSequence+1","Steam","Capacitor","Amplify","Regret","Parasite","Force Field+1","Self Repair","Panache","Melter","Shame"],"relics":["Cracked Core","NeowsBlessing","Golden Idol","Shuriken","Mummified Hand","Sundial","Singing Bowl","Calling Bell","Juzu Bracelet","Pantograph","Turnip","Bronze Scales","Symbiotic Virus","Torii","Cables","Bottled Tornado"],"potions_floor_usage":[12,13,13,23,23,23,25,27],"damage_taken":[{"damage":0,"enemies":"Cultist","floor":1,"turns":1},{"damage":0,"enemies":"2 Louse","floor":2,"turns":1},{"damage":0,"enemies":"Lagavulin","floor":6,"turns":1},{"damage":15,"enemies":"3 Sentries","floor":8,"turns":9},{"damage":7,"enemies":"Jaw Worm","floor":10,"turns":4},{"damage":0,"enemies":"2 Fungi Beasts","floor":12,"turns":2},{"damage":15,"enemies":"Lagavulin","floor":13,"turns":7},{"damage":0,"enemies":"Looter","floor":14,"turns":3},{"damage":21,"enemies":"The Guardian","floor":16,"turns":13},{"damage":49,"enemies":"2 Thieves","floor":18,"turns":5},{"damage":17,"enemies":"Gremlin Leader","floor":23,"turns":6},{"damage":39,"enemies":"Slavers","floor":25,"turns":6},{"damage":11,"enemies":"Book of Stabbing","floor":27,"turns":4}],"seed_played":"2325214014516806047","potions_obtained":[{"floor":1,"key":"Strength Potion"},{"floor":2,"key":"AttackPotion"},{"floor":12,"key":"FocusPotion"},{"floor":14,"key":"SkillPotion"},{"floor":16,"key":"LiquidBronze"},{"floor":18,"key":"Swift Potion"},{"floor":23,"key":"Energy Potion"},{"floor":25,"key":"SpeedPotion"}],"is_trial":false,"path_per_floor":["M","M","?","$","?","E","R","E","T","M","R","M","E","M","R","B",null,"M","$","?","$","?","E","R","E","T","E"],"character_chosen":"DEFECT","items_purchased":["Glacier","Self Repair","Panache","Melter"],"campfire_rested":2,"item_purchase_floors":[4,19,19,19],"current_hp_per_floor":[75,75,57,57,57,57,57,42,42,35,35,35,22,22,45,24,77,28,28,28,28,28,20,43,13,13,2],"gold":81,"neow_bonus":"THREE_ENEMY_KILL","is_prod":false,"is_daily":false,"chose_seed":false,"campfire_upgraded":2,"win_rate":0,"timestamp":1542668993,"path_taken":["M","?","?","?","?","E","R","E","T","M","R","M","E","M","R","BOSS","M","$","?","$","?","E","R","E","T","E"],"build_version":"2018-11-15","purchased_purges":1,"victory":false,"max_hp_per_floor":[75,75,75,75,75,75,75,75,75,75,75,75,77,77,77,77,77,77,77,77,77,77,79,79,81,81,81],"card_choices":[{"not_picked":["Consume","Rip and Tear"],"picked":"Streamline","floor":1},{"not_picked":["Redo","Streamline"],"picked":"Sweeping Beam","floor":2},{"not_picked":["Meteor Strike","Reinforced Body"],"picked":"Aggregate","floor":6},{"not_picked":["Go for the Eyes","Hologram"],"picked":"Conserve Battery","floor":8},{"not_picked":["Lockon","Scrape"],"picked":"BootSequence","floor":10},{"not_picked":["Stack","Go for the Eyes"],"picked":"Steam","floor":12},{"not_picked":["Machine Learning","Coolheaded","Barrage"],"picked":"Singing Bowl","floor":13},{"not_picked":["Barrage","Conserve Battery"],"picked":"Capacitor","floor":14},{"not_picked":["Buffer","Reboot"],"picked":"Amplify","floor":16},{"not_picked":["Beam Cell","Coolheaded"],"picked":"Force Field+1","floor":18},{"not_picked":["Glacier","Hologram","Reprogram+1"],"picked":"Singing Bowl","floor":23},{"not_picked":["Redo","Rebound","Amplify"],"picked":"Singing Bowl","floor":25}],"player_experience":353699,"relics_obtained":[{"floor":6,"key":"Shuriken"},{"floor":8,"key":"Mummified Hand"},{"floor":9,"key":"Sundial"},{"floor":13,"key":"Singing Bowl"},{"floor":17,"key":"Juzu Bracelet"},{"floor":17,"key":"Pantograph"},{"floor":17,"key":"Turnip"},{"floor":23,"key":"Torii"},{"floor":25,"key":"Cables"},{"floor":26,"key":"Bottled Tornado"}],"event_choices":[{"damage_healed":0,"gold_gain":0,"player_choice":"Take Damage","damage_taken":18,"relics_obtained":["Golden Idol"],"max_hp_gain":0,"max_hp_loss":0,"event_name":"Golden Idol","floor":3,"gold_loss":0},{"damage_healed":0,"gold_gain":63,"player_choice":"Gained Gold","damage_taken":0,"max_hp_gain":0,"max_hp_loss":0,"event_name":"Golden Wing","floor":5,"gold_loss":0},{"damage_healed":0,"gold_gain":0,"player_choice":"Opened","damage_taken":0,"relics_obtained":["Bronze Scales"],"max_hp_gain":0,"max_hp_loss":0,"event_name":"The Mausoleum","floor":20,"gold_loss":0},{"damage_healed":0,"gold_gain":0,"player_choice":"Stole Relic","damage_taken":0,"relics_obtained":["Symbiotic Virus"],"max_hp_gain":0,"max_hp_loss":0,"event_name":"Addict","floor":22,"gold_loss":0,"cards_obtained":["Shame"]}],"is_beta":false,"boss_relics":[{"not_picked":["Fusion Hammer","Velvet Choker"],"picked":"Calling Bell"}],"items_purged_floors":[19],"is_endless":false,"potions_floor_spawned":[1,2,12,14,16,18,23,25],"killed_by":"Book of Stabbing","ascension_level":4}