{"gold_per_floor":[111,61,23,38,38,38,38,102,102,116,38,38,38,48,48,145,145,160,160,177,177,177,189],"floor_reached":23,"playtime":673,"items_purged":[],"score":252,"play_id":"ff3a7570-ee63-47f0-b55e-4ee643ed7d2b","local_time":"20180821215931","is_ascension_mode":true,"campfire_choices":[{"data":"Bash","floor":6,"key":"SMITH"},{"data":"Metallicize","floor":12,"key":"SMITH"},{"data":"Flex","floor":15,"key":"SMITH"}],"neow_cost":"","seed_source_timestamp":614189127311054,"circlet_count":0,"master_deck":["Strike_R","Strike_R","Defend_R","Defend_R","Defend_R","Defend_R","Bash+1","Twin Strike","Metallicize+1","Flex+1","Thunderclap","Cleave","Metallicize","Pommel Strike","Berserk","Thunderclap","Flame Barrier+1","Decay"],"relics":["Burning Blood","Tiny Chest","Bottled Tornado","Dodecahedron","Empty Cage","Enchiridion","MawBank"],"potions_floor_usage":[8,16,18],"damage_taken":[{"damage":0,"enemies":"2 Louse","floor":1,"turns":3},{"damage":0,"enemies":"Small Slimes","floor":4,"turns":3},{"damage":17,"enemies":"Gremlin Nob","floor":8,"turns":4},{"damage":0,"enemies":"Cultist","floor":10,"turns":4},{"damage":4,"enemies":"Large Slime","floor":14,"turns":6},{"damage":58,"enemies":"Hexaghost","floor":16,"turns":12},{"damage":19,"enemies":"Spheric Guardian","floor":18,"turns":4},{"damage":34,"enemies":"3 Byrds","floor":20,"turns":6},{"damage":17,"enemies":"Slavers","floor":23,"turns":2}],"seed_played":"6494599804205502319","potions_obtained":[{"floor":1,"key":"AttackPotion"},{"floor":14,"key":"PowerPotion"},{"floor":16,"key":"Block Potion"},{"floor":20,"key":"Swift Potion"}],"is_trial":false,"path_per_floor":["M","?","$","M","?","R","$","E","T","M","$","R","T","M","R","B",null,"M","?","M","?","T"],"character_chosen":"IRONCLAD","items_purchased":["Metallicize","Metallicize"],"campfire_rested":0,"item_purchase_floors":[3,11],"current_hp_per_floor":[78,78,78,80,85,85,85,74,74,80,80,80,80,82,82,30,71,58,42,14,14,14,0],"gold":189,"neow_bonus":"","is_prod":false,"is_daily":false,"chose_seed":false,"campfire_upgraded":3,"win_rate":0,"timestamp":1534913971,"path_taken":["M","?","$","?","?","R","?","E","T","M","$","R","?","M","R","BOSS","M","?","M","?","?","E"],"build_version":"2018-08-16","purchased_purges":0,"victory":false,"max_hp_per_floor":[80,80,80,80,85,85,85,85,85,85,85,85,85,85,85,85,85,85,85,85,85,85,85],"card_choices":[{"not_picked":["Infernal Blade","Heavy Blade"],"picked":"Twin Strike","floor":1},{"not_picked":["Rage","Twin Strike"],"picked":"Flex","floor":4},{"not_picked":["Anger","Clash"],"picked":"Thunderclap","floor":8},{"not_picked":["Headbutt","Body Slam"],"picked":"Cleave","floor":10},{"not_picked":["Thunderclap","Sword Boomerang"],"picked":"Pommel Strike","floor":14},{"not_picked":["Bludgeon","Demon Form"],"picked":"Berserk","floor":16},{"not_picked":["Headbutt","Infernal Blade"],"picked":"Thunderclap","floor":18},{"not_picked":["Cleave+1","Clash"],"picked":"Flame Barrier+1","floor":20}],"player_experience":429998,"relics_obtained":[{"floor":8,"key":"Tiny Chest"},{"floor":9,"key":"Bottled Tornado"},{"floor":13,"key":"Dodecahedron"},{"floor":19,"key":"Enchiridion"},{"floor":22,"key":"MawBank"}],"event_choices":[{"event_name":"The Cleric","player_choice":"Card Removal","floor":2,"damage_taken":0},{"event_name":"Big Fish","player_choice":"Donut","floor":5,"damage_taken":0},{"event_name":"Cursed Tome","player_choice":"Obtained Book","floor":19,"damage_taken":0},{"event_name":"Forgotten Altar","player_choice":"Smashed Altar","floor":21,"damage_taken":0}],"is_beta":false,"boss_relics":[{"not_picked":["Runic Pyramid","White Beast Statue"],"picked":"Empty Cage"}],"items_purged_floors":[],"is_endless":false,"potions_floor_spawned":[1,14,16,20],"killed_by":"Slavers","ascension_level":7}