{"path_per_floor":["M","?","$","M","M","?","E","R","T","$","E","?","R","$","R","B",null,"M","?","M","M","M","E","R","?","T","?","$","?","R","M","R","B",null,"M","$","?","M","M","R","$","?","T","M","M","R","M","?","R"],"character_chosen":"IRONCLAD","items_purchased":["Pummel","Limit Break","Ornamental Fan"],"gold_per_floor":[113,113,32,47,66,66,93,93,93,93,126,188,188,108,108,204,204,214,214,197,217,232,265,265,265,265,265,24,24,24,35,35,138,138,148,148,148,161,172,172,97,97,97,115,126,126,143,0,0],"floor_reached":50,"campfire_rested":4,"playtime":2638,"current_hp_per_floor":[68,68,68,74,69,69,44,68,68,68,52,48,72,72,72,74,80,80,64,53,56,58,42,66,56,70,70,70,70,70,70,70,64,70,70,70,70,61,61,61,61,61,61,45,55,55,47,47,68],"items_purged":["Normality"],"gold":0,"score":547,"play_id":"a88521ca-bf38-4be5-8152-e213d9a24323","local_time":"20180318014320","is_prod":false,"is_daily":false,"is_ascension_mode":false,"campfire_upgraded":5,"timestamp":1521337400,"path_taken":["M","?","$","M","M","?","E","R","T","$","E","?","R","?","R","BOSS","M","?","M","M","?","E","R","?","T","?","$","?","R","?","R","BOSS","M","$","?","M","?","R","?","?","T","M","M","R","?","?","R","BOSS"],"build_version":"2018-03-15v2","purchased_purges":1,"victory":false,"master_deck":["Defend_R","Defend_R","Defend_R","Defend_R","Bash","Demon Form+1","Carnage","Pummel","Limit Break","Warcry+1","Seeing Red","Flame Barrier+1","Pommel Strike","Limit Break+1","Berserk","Carnage","Pummel+1","Anger+1","Anger+1","Warcry+1","Bite","Bite","Bite","Bite","Bite","Fire Breathing+1","Bludgeon","Anger+1","Iron Wave","Twin Strike+1","Warcry+1","Twin Strike+1","Clothesline","Juggernaut","Warcry+1","Decay","Writhe","Twin Strike+1","Anger+1","Twin Strike+1"],"max_hp_per_floor":[80,80,80,80,80,80,80,80,80,80,80,80,80,80,80,80,80,80,80,80,80,80,80,80,56,70,70,70,70,70,70,70,70,70,70,70,70,70,70,70,70,70,70,70,70,70,70,70,70],"relics":["Burning Blood","Champion Belt","Thread and Needle","Prayer Wheel","Meat on the Bone","Cursed Key","Enchiridion","Toolbox","Mango","Ornamental Fan","Orrery","Oddly Smooth Stone","Charon\u0027s Ashes","Red Mask"],"card_choices":[{"not_picked":["Iron Wave","Intimidate"],"picked":"Carnage"},{"not_picked":["Shrug It Off","Wild Strike"],"picked":"Limit Break"},{"not_picked":["True Grit","Armaments"],"picked":"Warcry"},{"not_picked":["Pommel Strike","Reaper"],"picked":"Seeing Red"},{"not_picked":["Metallicize","Intimidate"],"picked":"Flame Barrier"},{"not_picked":["True Grit","Shrug It Off"],"picked":"Pommel Strike"},{"not_picked":["Fiend Fire","Barricade"],"picked":"Berserk"},{"not_picked":["Pommel Strike","Infernal Blade"],"picked":"Carnage"},{"not_picked":["Twin Strike","Heavy Blade"],"picked":"Pummel"},{"not_picked":["Rage","Clothesline"],"picked":"Anger"},{"not_picked":["Headbutt","Demon Form"],"picked":"Anger"},{"not_picked":["Heavy Blade","Battle Trance"],"picked":"Warcry"},{"not_picked":["Iron Wave","Flex"],"picked":"Fire Breathing"},{"not_picked":["Berserk","Impervious"],"picked":"Bludgeon"},{"not_picked":["Evolve","Cleave"],"picked":"Anger"},{"not_picked":["Reckless Charge","Metallicize"],"picked":"Iron Wave"},{"not_picked":["Reckless Charge","Cleave"],"picked":"Twin Strike"},{"not_picked":["Armaments","Intimidate"],"picked":"Warcry"},{"not_picked":["Pommel Strike","Evolve"],"picked":"Twin Strike"},{"not_picked":["Body Slam","Evolve"],"picked":"Clothesline"},{"not_picked":["Clash","Armaments"],"picked":"Juggernaut"},{"not_picked":["Clothesline","Dropkick"],"picked":"Warcry"},{"not_picked":["Sword Boomerang","Bloodletting"],"picked":"Twin Strike"},{"not_picked":["Intimidate","Corruption"],"picked":"Anger"},{"not_picked":["Heavy Blade","Feel No Pain"],"picked":"Twin Strike"}],"player_experience":17428,"potions_floor_usage":[12,22,23,39,45,47,50,50,50],"damage_taken":[{"damage":18,"enemies":"2 Louse","floor":1,"turns":3},{"damage":0,"enemies":"Small Slimes","floor":4,"turns":3},{"damage":11,"enemies":"Jaw Worm","floor":5,"turns":3},{"damage":31,"enemies":"3 Sentries","floor":7,"turns":7},{"damage":22,"enemies":"Lagavulin","floor":11,"turns":5},{"damage":22,"enemies":"3 Sentries","floor":12,"turns":6},{"damage":4,"enemies":"Slime Boss","floor":16,"turns":5},{"damage":5,"enemies":"Spheric Guardian","floor":18,"turns":3},{"damage":17,"enemies":"2 Thieves","floor":20,"turns":4},{"damage":15,"enemies":"3 Cultists","floor":21,"turns":4},{"damage":16,"enemies":"Snake Plant","floor":22,"turns":3},{"damage":34,"enemies":"Book of Stabbing","floor":23,"turns":5},{"damage":0,"enemies":"Chosen and Byrds","floor":31,"turns":3},{"damage":18,"enemies":"Automaton","floor":33,"turns":5},{"damage":5,"enemies":"Orb Walker","floor":35,"turns":3},{"damage":15,"enemies":"3 Darklings","floor":38,"turns":3},{"damage":10,"enemies":"Maw","floor":39,"turns":5},{"damage":26,"enemies":"4 Shapes","floor":44,"turns":4},{"damage":0,"enemies":"3 Darklings","floor":45,"turns":4},{"damage":16,"enemies":"Maw","floor":47,"turns":5},{"damage":81,"enemies":"Donu and Deca","floor":50,"turns":5}],"event_choices":[{"event_name":"Living Wall","player_choice":"Grow","floor":2,"damage_taken":0},{"event_name":"Liars Game","player_choice":"disagreed","floor":6,"damage_taken":0},{"event_name":"Dead Adventurer","player_choice":"Searched \u00273\u0027 times","floor":12,"damage_taken":0},{"event_name":"Cursed Tome","player_choice":"Obtained Book","floor":19,"damage_taken":0},{"event_name":"Vampires","player_choice":"Became a vampire","floor":25,"damage_taken":0},{"event_name":"Purifier","player_choice":"One Purge","floor":27,"damage_taken":0},{"event_name":"Drug Dealer","player_choice":"Ignored","floor":29,"damage_taken":0},{"event_name":"Accursed Blacksmith","player_choice":"Rummage","floor":37,"damage_taken":0},{"event_name":"Wheel of Change","player_choice":"Curse","floor":42,"damage_taken":0},{"event_name":"Tomb of Lord Red Mask","player_choice":"Paid","floor":48,"damage_taken":0}],"boss_relics":[{"not_picked":["Calling Bell","Runic Dome"],"picked":"Cursed Key"},{"not_picked":["Runic Pyramid","White Beast Statue"],"picked":"Orrery"}],"potions_floor_spawned":[4,11,16,21,31,33,44,45,47],"seed_played":"-7442966610874214080","killed_by":"Donu and Deca","ascension_level":0,"is_trial":false}