{"path_per_floor":["M","?","M","M","?","R","E","R","T","M","?","R","E","M","R","B",null,"M","?","M","$","M","R","E","R","T"],"character_chosen":"THE_SILENT","items_purchased":["Sadistic Nature","Shuriken","Poison Potion","Poisoned Stab"],"gold_per_floor":[111,111,121,138,313,313,345,345,416,435,435,435,467,484,484,585,585,597,512,532,36,55,55,86,86,386,386],"floor_reached":27,"campfire_rested":4,"playtime":1048,"current_hp_per_floor":[62,55,55,55,55,55,48,48,48,48,48,71,56,44,67,24,64,52,52,52,52,34,57,11,34,34,0],"items_purged":["Strike_G"],"gold":386,"score":337,"play_id":"2b262569-13ba-4d94-85e0-68ed7b0d74cb","local_time":"20180407110435","is_prod":false,"is_daily":false,"is_ascension_mode":true,"campfire_upgraded":2,"timestamp":1523091875,"path_taken":["M","?","M","?","?","R","E","R","T","?","?","R","E","M","R","BOSS","M","?","M","$","M","R","E","R","T","M"],"build_version":"2018-04-05v2","purchased_purges":1,"victory":false,"master_deck":["Defend_G","Defend_G","Defend_G","Defend_G","Defend_G","Strike_G","Strike_G","Strike_G","Strike_G","Survivor","Neutralize+1","Dagger Spray","Glass Knife+1","Sucker Punch","Well Laid Plans","Malaise","Poisoned Stab","Sucker Punch","Envenom","Bane","Bane","Malaise","Cloak And Dagger","Escape Plan","Cloak And Dagger","Sadistic Nature","Poisoned Stab","Sucker Punch+1","Deflect"],"max_hp_per_floor":[70,70,70,70,70,70,77,77,77,77,77,77,77,77,77,77,77,77,77,77,77,77,77,77,77,77,77],"relics":["Runic Dome","Ancient Tea Set","Strawberry","Bottled Tornado","The Courier","Orrery","Vajra","Shuriken","Shovel","Old Coin"],"card_choices":[{"not_picked":["Prepared","Catalyst"],"picked":"Dagger Spray","floor":1},{"not_picked":["Quick Slash","Heel Hook"],"picked":"Glass Knife","floor":3},{"not_picked":["Dagger Spray","Expertise"],"picked":"Sucker Punch","floor":4},{"not_picked":["Outmaneuver","Blade Dance"],"picked":"Well Laid Plans","floor":7},{"not_picked":["Crippling Poison","Backstab"],"picked":"Malaise","floor":10},{"not_picked":["Dagger Spray","Bane"],"picked":"Poisoned Stab","floor":13},{"not_picked":["Outmaneuver","Slice"],"picked":"Sucker Punch","floor":14},{"not_picked":["A Thousand Cuts","Phantasmal Killer"],"picked":"Envenom","floor":16},{"not_picked":["Skewer","Predator"],"picked":"Bane","floor":17},{"not_picked":["All Out Attack","Eviscerate"],"picked":"Bane","floor":17},{"not_picked":["PiercingWail","Caltrops"],"picked":"Malaise","floor":17},{"not_picked":["Leg Sweep","Slice"],"picked":"Cloak And Dagger","floor":17},{"not_picked":["Flechettes","Distraction"],"picked":"Escape Plan","floor":18},{"not_picked":["Distraction","Blur"],"picked":"Cloak And Dagger","floor":20},{"not_picked":["All Out Attack","Phantasmal Killer"],"picked":"Sucker Punch","floor":22},{"not_picked":["Skewer","Acrobatics"],"picked":"Deflect","floor":24}],"player_experience":253295,"potions_floor_usage":[10,16,20,24,24],"damage_taken":[{"damage":1,"enemies":"Small Slimes","floor":1,"turns":5},{"damage":0,"enemies":"2 Louse","floor":3,"turns":2},{"damage":0,"enemies":"Jaw Worm","floor":4,"turns":3},{"damage":14,"enemies":"3 Sentries","floor":7,"turns":7},{"damage":0,"enemies":"Gremlin Gang","floor":10,"turns":3},{"damage":15,"enemies":"Lagavulin","floor":13,"turns":6},{"damage":12,"enemies":"Exordium Wildlife","floor":14,"turns":5},{"damage":43,"enemies":"Slime Boss","floor":16,"turns":12},{"damage":12,"enemies":"3 Byrds","floor":18,"turns":5},{"damage":0,"enemies":"Spheric Guardian","floor":20,"turns":3},{"damage":18,"enemies":"Snake Plant","floor":22,"turns":3},{"damage":46,"enemies":"Gremlin Leader","floor":24,"turns":4},{"damage":35,"enemies":"Sentry and Sphere","floor":27,"turns":5}],"event_choices":[{"event_name":"Scrap Ooze","player_choice":"success","floor":2,"damage_taken":7},{"event_name":"Liars Game","player_choice":"agreed","floor":5,"damage_taken":0},{"event_name":"Purifier","player_choice":"One Purge","floor":11,"damage_taken":0},{"event_name":"Addict","player_choice":"Obtained Relic","floor":19,"damage_taken":0}],"boss_relics":[{"not_picked":["Cursed Key","White Beast Statue"],"picked":"Orrery"}],"potions_floor_spawned":[3,7,14,16,18,22],"seed_played":"-5289797708436141683","killed_by":"Sentry and Sphere","ascension_level":8,"is_trial":false}