{"path_per_floor":["M","?","?","?","M","R","E","M","T","R","E","M","E","M","R"],"character_chosen":"THE_SILENT","items_purchased":[],"gold_per_floor":[114,114,114,64,84,84,116,134,208,208,234,246,271,289,289,289],"floor_reached":16,"campfire_rested":1,"playtime":488,"item_purchase_floors":[],"current_hp_per_floor":[69,69,69,69,69,69,43,37,37,37,21,16,9,9,30,30],"items_purged":[],"gold":289,"score":150,"play_id":"8099f0bf-a3d4-41b5-a656-861197cef66a","local_time":"20180603183420","is_prod":false,"is_daily":false,"chose_seed":false,"is_ascension_mode":true,"campfire_upgraded":2,"win_rate":0,"timestamp":1528065260,"campfire_choices":[{"data":"Neutralize","floor":6,"key":"SMITH"},{"data":"Terror","floor":10,"key":"SMITH"},{"floor":15,"key":"REST"}],"path_taken":["M","?","?","?","M","R","E","M","T","R","E","M","E","M","R","BOSS"],"build_version":"2018-05-30v2","seed_source_timestamp":117314428773372,"purchased_purges":0,"victory":false,"master_deck":["Defend_G","Defend_G","Defend_G","Defend_G","Defend_G","Strike_G","Strike_G","Strike_G","Strike_G","Survivor","Neutralize+1","Neutralize+1","Dagger Spray","Infinite Blades","Terror+1","Crippling Poison","Backstab","Slice"],"max_hp_per_floor":[70,70,70,70,70,70,70,70,70,70,70,70,70,70,70,70],"relics":["Ring of the Snake","Bag of Preparation","Bottled Lightning","Snake Skull","The Courier"],"card_choices":[{"not_picked":["Prepared","Deflect","Sucker Punch"],"picked":"SKIP","floor":1},{"not_picked":["Terror","Dagger Throw"],"picked":"Dagger Spray","floor":5},{"not_picked":["Acrobatics","Outmaneuver"],"picked":"Infinite Blades","floor":7},{"not_picked":["Well Laid Plans","Quick Slash"],"picked":"Terror","floor":8},{"not_picked":["Outmaneuver","Concentrate"],"picked":"Crippling Poison","floor":11},{"not_picked":["Dagger Throw","Underhanded Strike"],"picked":"Backstab","floor":12},{"not_picked":["Sucker Punch","Leg Sweep"],"picked":"Slice","floor":13},{"not_picked":["Noxious Fumes","Underhanded Strike","Corpse Explosion"],"picked":"SKIP","floor":14}],"player_experience":275103,"potions_floor_usage":[13,16],"damage_taken":[{"damage":1,"enemies":"Small Slimes","floor":1,"turns":3},{"damage":0,"enemies":"Cultist","floor":5,"turns":5},{"damage":26,"enemies":"3 Sentries","floor":7,"turns":12},{"damage":6,"enemies":"2 Louse","floor":8,"turns":2},{"damage":16,"enemies":"Gremlin Nob","floor":11,"turns":4},{"damage":5,"enemies":"Blue Slaver","floor":12,"turns":3},{"damage":7,"enemies":"3 Sentries","floor":13,"turns":4},{"damage":0,"enemies":"Looter","floor":14,"turns":3},{"damage":0,"enemies":"Hexaghost","floor":16,"turns":2}],"relics_obtained":[{"floor":7,"key":"Bag of Preparation"},{"floor":9,"key":"Bottled Lightning"},{"floor":11,"key":"Snake Skull"},{"floor":13,"key":"The Courier"}],"event_choices":[{"event_name":"Match and Keep!","player_choice":"1 cards matched","floor":2,"damage_taken":0},{"event_name":"Living Wall","player_choice":"Grow","floor":3,"damage_taken":0},{"event_name":"The Cleric","player_choice":"Card Removal","floor":4,"damage_taken":0}],"boss_relics":[],"items_purged_floors":[],"potions_floor_spawned":[7,8,11],"seed_played":"-7514278764993962616","killed_by":"Hexaghost","ascension_level":5,"potions_obtained":[{"floor":7,"key":"SkillPotion"},{"floor":8,"key":"Weak Potion"},{"floor":11,"key":"Fire Potion"}],"is_trial":false}