{"gold_per_floor":[110,122,142,142,142,142,175,54,54,54,72,87,167,92,92,213,213,234,234,159,178,203,203],"floor_reached":23,"playtime":1424,"items_purged":["Strike_B"],"score":191,"play_id":"6952f2d4-070e-42c3-920f-5ef9817cc827","local_time":"20190323094433","is_ascension_mode":false,"campfire_choices":[{"data":"Consume","floor":6,"key":"SMITH"},{"floor":10,"key":"REST"},{"floor":15,"key":"REST"}],"neow_cost":"NONE","seed_source_timestamp":161981480203065,"circlet_count":0,"master_deck":["Defend_B","Defend_B","Defend_B","Defend_B","Zap+1","Dualcast","FTL","Consume+1","Defragment","Sunder","Conserve Battery","Ball Lightning","Fusion","Seek","Fusion+1","Skim","Barrage","Lockon+1","Force Field"],"relics":["White Beast Statue","Golden Idol","Gremlin Horn","Symbiotic Virus","Bag of Preparation","Snecko Eye"],"potions_floor_usage":[7,12,13,18,22,23],"damage_taken":[{"damage":0,"enemies":"2 Louse","floor":1,"turns":3},{"damage":4,"enemies":"Cultist","floor":2,"turns":4},{"damage":0,"enemies":"Small Slimes","floor":3,"turns":2},{"damage":49,"enemies":"Gremlin Nob","floor":7,"turns":6},{"damage":7,"enemies":"Blue Slaver","floor":11,"turns":3},{"damage":0,"enemies":"3 Louse","floor":12,"turns":2},{"damage":11,"enemies":"3 Sentries","floor":13,"turns":4},{"damage":18,"enemies":"Slime Boss","floor":16,"turns":5},{"damage":18,"enemies":"2 Thieves","floor":18,"turns":3},{"damage":15,"enemies":"3 Byrds","floor":21,"turns":11},{"damage":11,"enemies":"Centurion and Healer","floor":22,"turns":4},{"damage":32,"enemies":"Gremlin Leader","floor":23,"turns":3}],"seed_played":"2063408869135581599","potions_obtained":[{"floor":1,"key":"SmokeBomb"},{"floor":2,"key":"Weak Potion"},{"floor":3,"key":"SpeedPotion"},{"floor":7,"key":"Swift Potion"},{"floor":11,"key":"Fire Potion"},{"floor":12,"key":"AttackPotion"},{"floor":13,"key":"Swift Potion"},{"floor":18,"key":"EssenceOfSteel"},{"floor":22,"key":"PowerPotion"}],"is_trial":false,"path_per_floor":["M","M","M","?","?","R","E","$","T","R","M","M","?","$","R","B",null,"M","?","?","M","M","E"],"character_chosen":"DEFECT","items_purchased":["Sunder","Conserve Battery"],"campfire_rested":2,"item_purchase_floors":[8,8],"current_hp_per_floor":[75,71,71,53,53,53,4,4,4,26,19,19,8,8,30,12,75,57,57,57,42,31,0],"gold":203,"neow_bonus":"BOSS_RELIC","is_prod":false,"is_daily":false,"chose_seed":false,"campfire_upgraded":1,"win_rate":0,"timestamp":1553348673,"path_taken":["M","M","M","?","?","R","E","$","T","R","M","?","?","$","R","BOSS","M","?","?","M","M","E"],"build_version":"2019-01-23","purchased_purges":1,"victory":false,"max_hp_per_floor":[75,75,75,75,75,75,75,75,75,75,75,75,75,75,75,75,75,75,75,75,75,75,75],"card_choices":[{"not_picked":["Gash","Beam Cell"],"picked":"FTL","floor":1},{"not_picked":["Steam","Streamline"],"picked":"Consume","floor":2},{"not_picked":["Beam Cell","FTL","Hologram"],"picked":"SKIP","floor":3},{"not_picked":["Cold Snap","Capacitor"],"picked":"Defragment","floor":7},{"not_picked":["Redo","Chaos","Double Energy"],"picked":"SKIP","floor":11},{"not_picked":["Leap","Beam Cell"],"picked":"Ball Lightning","floor":12},{"not_picked":["Turbo","Coolheaded"],"picked":"Fusion","floor":13},{"not_picked":["Multi-Cast","Hyperbeam"],"picked":"Seek","floor":16},{"not_picked":["Ball Lightning+1","Consume"],"picked":"Fusion+1","floor":18},{"not_picked":["Conserve Battery","Turbo"],"picked":"Lockon+1","floor":21},{"not_picked":["Storm","Blizzard"],"picked":"Force Field","floor":22}],"player_experience":635076,"relics_obtained":[{"floor":7,"key":"Gremlin Horn"},{"floor":9,"key":"Symbiotic Virus"},{"floor":13,"key":"Bag of Preparation"}],"event_choices":[{"damage_healed":0,"gold_gain":0,"player_choice":"Take Damage","damage_taken":18,"relics_obtained":["Golden Idol"],"max_hp_gain":0,"max_hp_loss":0,"event_name":"Golden Idol","floor":4,"gold_loss":0},{"damage_healed":0,"gold_gain":0,"player_choice":"Forge","damage_taken":0,"max_hp_gain":0,"max_hp_loss":0,"event_name":"Accursed Blacksmith","floor":5,"gold_loss":0,"cards_upgraded":["Zap"]},{"damage_healed":0,"gold_gain":0,"player_choice":"Searched \u00271\u0027 times","damage_taken":0,"max_hp_gain":0,"max_hp_loss":0,"event_name":"Dead Adventurer","floor":13,"gold_loss":0},{"damage_healed":0,"gold_gain":0,"cards_transformed":["Strike_B","Strike_B"],"player_choice":"Became Test Subject","damage_taken":0,"max_hp_gain":0,"max_hp_loss":0,"event_name":"Drug Dealer","floor":19,"gold_loss":0,"cards_obtained":["Skim","Barrage"]},{"cards_removed":["Strike_B"],"damage_healed":0,"gold_gain":0,"player_choice":"Gave Gold","damage_taken":0,"max_hp_gain":0,"max_hp_loss":0,"event_name":"Beggar","floor":20,"gold_loss":75}],"is_beta":false,"boss_relics":[{"not_picked":["Tiny House","Runic Pyramid"],"picked":"Snecko Eye"}],"items_purged_floors":[14],"is_endless":false,"potions_floor_spawned":[1,2,3,7,11,12,13,16,18,21,22],"killed_by":"Gremlin Leader","ascension_level":0}