{"gold_per_floor":[117,117,117,137,137,168,168,199,222,222,222,266,226,246,246,369,369,389,389,409,409,311,311],"floor_reached":23,"playtime":2235,"items_purged":["Strike_R"],"score":236,"play_id":"8dac9c21-00fc-441b-a486-d07fe4b32d12","local_time":"20190325212451","is_ascension_mode":true,"campfire_choices":[{"floor":7.0,"key":"REST"},{"floor":11.0,"key":"REST"},{"floor":15.0,"key":"REST"}],"neow_cost":"NONE","seed_source_timestamp":0,"circlet_count":0,"master_deck":["Strike_R+1","Strike_R","Strike_R+1","Defend_R","Defend_R+1","Defend_R+1","Defend_R","Bash","Seeing Red+1","Metallicize","Feed","Rage","Armaments","Disarm","Inflame","Pommel Strike+1","Shrug It Off"],"special_seed":0,"relics":["Burning Blood","Whetstone","War Paint","Golden Idol","Peace Pipe","Shuriken","Centennial Puzzle","Bottled Lightning","Cursed Key"],"potions_floor_usage":[],"damage_taken":[{"damage":15.0,"enemies":"Small Slimes","floor":1.0,"turns":4.0},{"damage":1.0,"enemies":"2 Louse","floor":4.0,"turns":3.0},{"damage":26.0,"enemies":"Gremlin Nob","floor":6.0,"turns":5.0},{"damage":47.0,"enemies":"Lagavulin","floor":8.0,"turns":8.0},{"damage":16.0,"enemies":"Gremlin Nob","floor":12.0,"turns":3.0},{"damage":3.0,"enemies":"Cultist","floor":14.0,"turns":3.0},{"damage":19.0,"enemies":"Hexaghost","floor":16.0,"turns":13.0},{"damage":14.0,"enemies":"3 Byrds","floor":18.0,"turns":5.0},{"damage":30.0,"enemies":"Shell Parasite","floor":20.0,"turns":6.0},{"damage":62,"enemies":"Book of Stabbing","floor":23,"turns":8}],"seed_played":"3715545002858585518","potions_obtained":[{"floor":8.0,"key":"FearPotion"},{"floor":13.0,"key":"Fire Potion"},{"floor":13.0,"key":"SneckoOil"},{"floor":13.0,"key":"FairyPotion"},{"floor":14.0,"key":"Explosive Potion"},{"floor":16.0,"key":"SkillPotion"}],"is_trial":false,"path_per_floor":["M","?","?","M","?","E","R","E","T","?","R","E","?","M","R","B",null,"M","?","M","?","$","E"],"character_chosen":"IRONCLAD","items_purchased":["Shrug It Off"],"campfire_rested":3,"item_purchase_floors":[22],"current_hp_per_floor":[71,64,64,69,49,29,53,12,12,12,36,26,26,29,53,40,80,75,75,51,51,51,0],"gold":311,"neow_bonus":"RANDOM_COMMON_RELIC","is_prod":false,"is_daily":false,"chose_seed":false,"campfire_upgraded":0,"win_rate":0,"timestamp":1553545491,"path_taken":["M","?","?","?","?","E","R","E","T","?","R","E","?","?","R","BOSS","M","?","M","?","$","E"],"build_version":"2019-01-23","purchased_purges":1,"victory":false,"max_hp_per_floor":[80,80,80,80,80,80,80,80,80,80,80,80,80,80,80,80,80,83,83,83,83,83,83],"card_choices":[{"not_picked":["True Grit","Pommel Strike"],"picked":"Seeing Red","floor":1.0},{"not_picked":["Body Slam","Clash"],"picked":"Metallicize","floor":4.0},{"not_picked":["Clash","True Grit"],"picked":"Feed","floor":6.0},{"not_picked":["Evolve","Rampage"],"picked":"Rage","floor":8.0},{"not_picked":["Twin Strike","Seeing Red"],"picked":"Armaments","floor":12.0},{"not_picked":["True Grit","Sword Boomerang"],"picked":"Disarm","floor":14.0},{"not_picked":["Seeing Red","Blood for Blood","Flame Barrier"],"picked":"SKIP","floor":18.0},{"not_picked":["Wild Strike","Shrug It Off"],"picked":"Pommel Strike+1","floor":20}],"player_experience":783025,"relics_obtained":[{"floor":6.0,"key":"Peace Pipe"},{"floor":8.0,"key":"Shuriken"},{"floor":9.0,"key":"Centennial Puzzle"},{"floor":12.0,"key":"Bottled Lightning"}],"event_choices":[{"damage_healed":0.0,"max_hp_gain":0.0,"max_hp_loss":0.0,"gold_gain":0.0,"event_name":"Scrap Ooze","player_choice":"Success","floor":2.0,"gold_loss":0.0,"damage_taken":7.0,"relics_obtained":["War Paint"]},{"damage_healed":0.0,"max_hp_gain":0.0,"max_hp_loss":0.0,"gold_gain":0.0,"event_name":"Accursed Blacksmith","player_choice":"Forge","floor":3.0,"gold_loss":0.0,"damage_taken":0.0,"cards_upgraded":["Seeing Red"]},{"damage_healed":0.0,"max_hp_gain":0.0,"max_hp_loss":0.0,"gold_gain":0.0,"event_name":"Golden Idol","player_choice":"Take Damage","floor":5.0,"gold_loss":0.0,"damage_taken":20.0,"relics_obtained":["Golden Idol"]},{"damage_healed":0.0,"max_hp_gain":0.0,"max_hp_loss":0.0,"gold_gain":0.0,"event_name":"Dead Adventurer","player_choice":"Searched \u00270\u0027 times","floor":10.0,"gold_loss":0.0,"damage_taken":0.0},{"damage_healed":0.0,"max_hp_gain":0.0,"max_hp_loss":0.0,"gold_gain":0.0,"event_name":"The Woman in Blue","player_choice":"Bought 3 Potions","floor":13.0,"gold_loss":0.0,"damage_taken":0.0},{"damage_healed":0.0,"max_hp_gain":0.0,"max_hp_loss":0.0,"gold_gain":0.0,"event_name":"The Library","player_choice":"Read","floor":19.0,"gold_loss":0.0,"damage_taken":0.0,"cards_obtained":["Inflame"]},{"cards_removed":["Strike_R"],"damage_healed":0,"gold_gain":0,"player_choice":"Elegance","damage_taken":0,"max_hp_gain":0,"max_hp_loss":0,"event_name":"Back to Basics","floor":21,"gold_loss":0}],"is_beta":false,"boss_relics":[{"not_picked":["Sozu","Busted Crown"],"picked":"Cursed Key"}],"items_purged_floors":[22],"is_endless":false,"potions_floor_spawned":[8,14,16],"killed_by":"Book of Stabbing","ascension_level":3}