{"gold_per_floor":[109,122,122,136,211,237,237,266,266,266,283,283,312,312,312,408,408,423,437,352,225,324,324,358,358,358,369,369,369,369,382,382,484,484,496,99,109,37,37,37,55,55,55,87,139,152,152,152,152,152],"floor_reached":51,"playtime":2143,"items_purged":["Strike_R","Iron Wave"],"score":998,"play_id":"aa48b89c-af3c-44bf-9fcf-17773d0bb140","local_time":"20181010232528","is_ascension_mode":true,"campfire_choices":[{"data":"Body Slam","floor":7,"key":"SMITH"},{"data":"Clothesline","floor":10,"key":"SMITH"},{"data":"Shrug It Off","floor":12,"key":"SMITH"},{"data":"Uppercut","floor":15,"key":"SMITH"},{"data":"Feed","floor":23,"key":"SMITH"},{"data":"Feel No Pain","floor":25,"key":"SMITH"},{"data":"Shrug It Off","floor":30,"key":"SMITH"},{"data":"Shrug It Off","floor":32,"key":"SMITH"},{"data":"Feel No Pain","floor":40,"key":"SMITH"},{"data":"Offering","floor":42,"key":"SMITH"},{"floor":49,"key":"REST"}],"neow_cost":"NONE","seed_source_timestamp":315882341361,"circlet_count":0,"master_deck":["Defend_R+1","Defend_R+1","Defend_R+1","Defend_R+1","Bash+1","Shrug It Off+1","Shrug It Off+1","Body Slam+1","Shrug It Off+1","Clothesline+1","Feed+1","Uppercut+1","Offering+1","Burning Pact+1","Feel No Pain+1","Spot Weakness+1","Body Slam+1","Juggernaut+1","Metallicize+1","Pummel+1","Feel No Pain+1","Shockwave+1","Regret","Pain","Body Slam+1","Mayhem"],"relics":["Burning Blood","Meat on the Bone","Paper Frog","Mummified Hand","Juzu Bracelet","Cursed Key","Champion Belt","Happy Flower","Self Forming Clay","Astrolabe","Pocketwatch","Molten Egg 2","Du-Vu Doll","Red Skull"],"potions_floor_usage":[6,24,50,50],"damage_taken":[{"damage":2,"enemies":"Cultist","floor":1,"turns":4},{"damage":0,"enemies":"Small Slimes","floor":2,"turns":3},{"damage":10,"enemies":"Jaw Worm","floor":4,"turns":4},{"damage":50,"enemies":"Gremlin Nob","floor":6,"turns":6},{"damage":9,"enemies":"3 Sentries","floor":8,"turns":10},{"damage":0,"enemies":"Exordium Wildlife","floor":11,"turns":3},{"damage":11,"enemies":"Lagavulin","floor":13,"turns":6},{"damage":8,"enemies":"The Guardian","floor":16,"turns":12},{"damage":6,"enemies":"3 Byrds","floor":18,"turns":6},{"damage":6,"enemies":"Chosen","floor":19,"turns":3},{"damage":15,"enemies":"Book of Stabbing","floor":24,"turns":7},{"damage":6,"enemies":"Snecko","floor":27,"turns":4},{"damage":6,"enemies":"Cultist and Chosen","floor":31,"turns":3},{"damage":36,"enemies":"Automaton","floor":33,"turns":9},{"damage":7,"enemies":"Orb Walker","floor":35,"turns":3},{"damage":17,"enemies":"3 Darklings","floor":37,"turns":5},{"damage":13,"enemies":"Sphere and 2 Shapes","floor":41,"turns":4},{"damage":14,"enemies":"2 Orb Walkers","floor":44,"turns":5},{"damage":18,"enemies":"Jaw Worm Horde","floor":46,"turns":4},{"damage":49,"enemies":"Donu and Deca","floor":50,"turns":5}],"seed_played":"-6529336759957717040","potions_obtained":[{"floor":4,"key":"SkillPotion"},{"floor":11,"key":"BloodPotion"},{"floor":18,"key":"SteroidPotion"},{"floor":31,"key":"Dexterity Potion"},{"floor":37,"key":"GamblersBrew"},{"floor":44,"key":"AttackPotion"}],"is_trial":false,"path_per_floor":["M","M","?","M","?","E","R","E","T","R","M","R","E","?","R","B",null,"M","M","?","$","?","R","E","R","T","M","?","?","R","M","R","B",null,"M","$","M","$","$","R","M","R","T","E","T","M","?","?","R","B"],"character_chosen":"IRONCLAD","items_purchased":["Fire Potion","Pocketwatch","Feel No Pain"],"campfire_rested":1,"item_purchase_floors":[21,36,38],"current_hp_per_floor":[76,80,80,76,65,21,21,30,30,30,48,48,55,55,55,56,76,79,82,82,82,82,82,73,73,73,73,73,73,73,77,77,63,89,92,92,85,85,85,85,82,82,82,74,74,62,62,62,94,63],"gold":152,"neow_bonus":"THREE_CARDS","is_prod":false,"is_daily":false,"chose_seed":false,"campfire_upgraded":10,"win_rate":0,"timestamp":1539206728,"path_taken":["M","M","?","M","?","E","R","E","T","R","M","R","E","?","R","BOSS","M","M","?","$","?","R","E","R","T","M","?","?","R","M","R","BOSS","M","$","M","?","$","R","M","R","T","E","?","M","?","?","R","BOSS"],"build_version":"2018-10-09","purchased_purges":2,"victory":true,"max_hp_per_floor":[80,80,80,80,80,80,80,80,80,80,80,80,80,80,80,83,83,86,89,89,89,89,89,89,89,89,89,89,89,89,93,93,97,97,101,101,105,105,105,105,109,109,109,109,109,109,109,109,109,109],"card_choices":[{"not_picked":["Wild Strike","Power Through"],"picked":"Shrug It Off","floor":0},{"not_picked":["Pommel Strike","Infernal Blade"],"picked":"Iron Wave","floor":1},{"not_picked":["Power Through","Iron Wave"],"picked":"Shrug It Off","floor":2},{"not_picked":["Shrug It Off","Flex"],"picked":"Body Slam","floor":4},{"not_picked":["Rupture","Perfected Strike"],"picked":"Shrug It Off","floor":6},{"not_picked":["Twin Strike","True Grit"],"picked":"Clothesline","floor":8},{"not_picked":["Havoc","Iron Wave","Blood for Blood"],"picked":"SKIP","floor":11},{"not_picked":["Burning Pact","Twin Strike"],"picked":"Feed","floor":13},{"not_picked":["Brutality","Dark Embrace"],"picked":"Offering","floor":16},{"not_picked":["Carnage","Twin Strike"],"picked":"Burning Pact+1","floor":18},{"not_picked":["Clothesline","Havoc","Clash"],"picked":"SKIP","floor":19},{"not_picked":["Rupture","Blood for Blood"],"picked":"Feel No Pain","floor":24},{"not_picked":["Second Wind","Fire Breathing","Spot Weakness+1"],"picked":"SKIP","floor":27},{"not_picked":["Second Wind","Fire Breathing"],"picked":"Spot Weakness+1","floor":27},{"not_picked":["Anger+1","Clash"],"picked":"Body Slam+1","floor":31},{"not_picked":["Warcry+1","Clash+1","Sword Boomerang"],"picked":"SKIP","floor":35},{"not_picked":["Armaments","Blood for Blood+1","Clash"],"picked":"SKIP","floor":37},{"not_picked":["Disarm+1","Dropkick+1"],"picked":"Shockwave+1","floor":41},{"not_picked":["Searing Blow+1","Infernal Blade+1","Wild Strike+1"],"picked":"SKIP","floor":44},{"not_picked":["Battle Trance+1","Warcry+1"],"picked":"Body Slam+1","floor":46},{"not_picked":["The Bomb","Trip"],"picked":"Mayhem","floor":48}],"player_experience":212659,"relics_obtained":[{"floor":6,"key":"Meat on the Bone"},{"floor":8,"key":"Paper Frog"},{"floor":9,"key":"Mummified Hand"},{"floor":13,"key":"Juzu Bracelet"},{"floor":24,"key":"Happy Flower"},{"floor":26,"key":"Self Forming Clay"},{"floor":43,"key":"Molten Egg 2"},{"floor":44,"key":"Du-Vu Doll"},{"floor":45,"key":"Red Skull"}],"event_choices":[{"event_name":"Living Wall","player_choice":"Grow","floor":3,"damage_taken":0},{"event_name":"World of Goop","player_choice":"Gather Gold","floor":5,"damage_taken":0},{"event_name":"Transmorgrifier","player_choice":"Transform","floor":14,"damage_taken":0},{"event_name":"Addict","player_choice":"Obtained Relic","floor":20,"damage_taken":0},{"event_name":"Nest","player_choice":"Stole From Cult","floor":22,"damage_taken":0},{"event_name":"Back to Basics","player_choice":"Simplicity","floor":28,"damage_taken":0},{"event_name":"Fountain of Cleansing","player_choice":"Removed Curse","floor":29,"damage_taken":0},{"event_name":"Mysterious Sphere","player_choice":"Ignore","floor":47,"damage_taken":0},{"event_name":"SensoryStone","player_choice":"Memory 1","floor":48,"damage_taken":0}],"is_beta":true,"boss_relics":[{"not_picked":["Orrery","Runic Pyramid"],"picked":"Cursed Key"},{"not_picked":["Lizard Tail","Calling Bell"],"picked":"Astrolabe"}],"items_purged_floors":[21,36],"is_endless":false,"potions_floor_spawned":[4,11,18,31,37,44,46],"ascension_level":7}