{"path_per_floor":["M","M","?","M","?","R","E","R","T","M","M","$","E","?","R","B",null,"M","$","M","$","M","E","R","E","T","M","M","R","$","M","R"],"character_chosen":"THE_SILENT","items_purchased":["Deflect","Flying Knee","Deflect","Poisoned Stab","Slice","Caltrops"],"gold_per_floor":[15,27,27,42,42,42,72,72,72,85,104,25,51,51,51,151,151,166,121,132,105,125,158,158,191,191,206,222,222,136,155,155,155],"floor_reached":33,"campfire_rested":5,"playtime":7548,"current_hp_per_floor":[70,62,62,62,67,67,45,67,67,61,61,61,46,46,68,50,75,60,60,59,59,43,43,65,41,41,39,39,61,61,56,75,0],"items_purged":[],"gold":155,"score":347,"play_id":"231c045a-44bf-4baf-9c80-fd2c58aa243a","local_time":"20180512010716","is_prod":false,"is_daily":false,"chose_seed":false,"is_ascension_mode":false,"campfire_upgraded":1,"timestamp":1526080036,"path_taken":["M","M","?","M","?","R","E","R","T","M","M","$","E","?","R","BOSS","M","$","M","$","M","E","R","E","T","?","M","R","$","M","R","BOSS"],"build_version":"2018-05-10","seed_source_timestamp":115257231854842,"purchased_purges":0,"victory":false,"master_deck":["Defend_G","Defend_G","Defend_G","Defend_G","Defend_G","Strike_G","Strike_G","Strike_G","Strike_G","Strike_G","Survivor","Neutralize+1","Unload","Sucker Punch+1","Quick Slash","Dagger Throw","Infinite Blades","Slice","Poisoned Stab","Deflect","Flying Knee","Predator","Glass Knife","Leg Sweep","Deflect","Quick Slash+1","Poisoned Stab","Quick Slash","Adrenaline","All Out Attack+1","Parasite","Backstab+1","Slice","Caltrops","Sucker Punch+1"],"max_hp_per_floor":[70,70,70,70,75,75,75,75,75,75,75,75,75,75,75,75,75,75,75,75,75,75,75,75,75,75,75,75,75,75,75,75,75],"relics":["Ring of the Snake","Letter Opener","Gremlin Horn","Dodecahedron","Cursed Key","Bag of Marbles","Ancient Tea Set","Bottled Lightning"],"card_choices":[{"not_picked":["Venomology","A Thousand Cuts"],"picked":"Unload","floor":0},{"not_picked":["Prepared","Poisoned Stab"],"picked":"Sucker Punch","floor":1},{"not_picked":["Masterful Stab","Poisoned Stab"],"picked":"Quick Slash","floor":2},{"not_picked":["Poisoned Stab","Underhanded Strike"],"picked":"Dagger Throw","floor":4},{"not_picked":["Noxious Fumes","Crippling Poison"],"picked":"Infinite Blades","floor":7},{"not_picked":["Catalyst","Dagger Spray"],"picked":"Slice","floor":10},{"not_picked":["Eviscerate","Corpse Explosion"],"picked":"Poisoned Stab","floor":11},{"not_picked":["Burst","PiercingWail"],"picked":"Predator","floor":13},{"not_picked":["Night Terror","Venomology"],"picked":"Glass Knife","floor":16},{"not_picked":["Quick Slash","Acrobatics"],"picked":"Leg Sweep","floor":18},{"not_picked":["Flechettes","Poisoned Stab"],"picked":"Quick Slash","floor":20},{"not_picked":["Flying Knee","Deflect"],"picked":"Quick Slash","floor":22},{"not_picked":["Deflect","Deadly Poison"],"picked":"Adrenaline","floor":23},{"not_picked":["Expertise","Caltrops"],"picked":"All Out Attack","floor":25},{"not_picked":["Slice","Endless Agony"],"picked":"Backstab","floor":27},{"not_picked":["Underhanded Strike","Bane"],"picked":"Sucker Punch","floor":31}],"player_experience":9859,"potions_floor_usage":[16,16,28,33,33,33],"damage_taken":[{"damage":0,"enemies":"Small Slimes","floor":1,"turns":5},{"damage":8,"enemies":"2 Louse","floor":2,"turns":3},{"damage":0,"enemies":"Jaw Worm","floor":4,"turns":3},{"damage":22,"enemies":"Gremlin Nob","floor":7,"turns":5},{"damage":6,"enemies":"Large Slime","floor":10,"turns":4},{"damage":0,"enemies":"Exordium Wildlife","floor":11,"turns":2},{"damage":15,"enemies":"Lagavulin","floor":13,"turns":6},{"damage":18,"enemies":"Hexaghost","floor":16,"turns":9},{"damage":15,"enemies":"2 Thieves","floor":18,"turns":4},{"damage":1,"enemies":"Chosen","floor":20,"turns":4},{"damage":16,"enemies":"Centurion and Healer","floor":22,"turns":5},{"damage":0,"enemies":"Gremlin Leader","floor":23,"turns":8},{"damage":24,"enemies":"Book of Stabbing","floor":25,"turns":6},{"damage":2,"enemies":"Cultist and Chosen","floor":27,"turns":3},{"damage":0,"enemies":"Snecko","floor":28,"turns":1},{"damage":5,"enemies":"3 Cultists","floor":31,"turns":3},{"damage":92,"enemies":"Champ","floor":33,"turns":9}],"event_choices":[{"event_name":"Living Wall","player_choice":"Grow","floor":3,"damage_taken":0},{"event_name":"Big Fish","player_choice":"Donut","floor":5,"damage_taken":0},{"event_name":"Shining Light","player_choice":"Ignored","floor":14,"damage_taken":0}],"boss_relics":[{"not_picked":["Runic Dome","Philosopher\u0027s Stone"],"picked":"Cursed Key"}],"potions_floor_spawned":[4,11,13,16,20,25,27,28],"seed_played":"-5329330142671948103","killed_by":"Champ","ascension_level":0,"is_trial":false}