{"gold_per_floor":[114,114,289,289,308,337,337,351,351,351,53,73,73,86,86,187,187,205,218,141,141,161,190,201,201,224,24,35,54,74,105,105,204,204,221,221,237,237,237,237],"floor_reached":40,"playtime":1821,"items_purged":[],"score":553,"play_id":"a6c6c779-ea6f-48b2-a35e-dc7c6df37b9b","local_time":"20180719224924","is_ascension_mode":false,"campfire_choices":[{"data":"Impervious","floor":15,"key":"SMITH"},{"data":"Demon Form","floor":32,"key":"SMITH"}],"neow_cost":"NONE","seed_source_timestamp":771182435402594,"circlet_count":0,"master_deck":["Strike_R","Strike_R","Strike_R","Strike_R","Strike_R","Defend_R","Defend_R","Defend_R","Bash","Perfected Strike+1","Pommel Strike","Infernal Blade+1","Shockwave","Impervious+1","Perfected Strike+1","Pommel Strike+1","Inflame","Perfected Strike+1","Perfected Strike+1","Inflame","Shrug It Off","Demon Form","Perfected Strike+1","Fire Breathing","Clothesline+1","Pommel Strike+1","J.A.X.","Pummel+1","Wild Strike+1","Cleave+1","Wild Strike+1","Demon Form+1","Pummel+1","Armaments","Wild Strike+1","Dropkick+1","Shrug It Off","Rampage+1","Searing Blow+1","Demon Form","Rage","Inflame","Clash+1","Disarm+1","Twin Strike+1","Dark Embrace","Madness","Jack Of All Trades"],"relics":["Black Blood","Centennial Puzzle","Incense Burner","Prayer Wheel","Molten Egg 2","Anchor","Runic Pyramid","Smiling Mask","Pantograph","Blood Vial","Ancient Tea Set","Toolbox","Bag of Preparation"],"potions_floor_usage":[23,23,33,33,40,40,40,40,40,40],"damage_taken":[{"damage":11,"enemies":"Jaw Worm","floor":1,"turns":3},{"damage":1,"enemies":"Cultist","floor":5,"turns":3},{"damage":14,"enemies":"Lagavulin","floor":6,"turns":5},{"damage":0,"enemies":"2 Louse","floor":8,"turns":1},{"damage":0,"enemies":"2 Fungi Beasts","floor":12,"turns":2},{"damage":17,"enemies":"Exordium Wildlife","floor":14,"turns":3},{"damage":0,"enemies":"Slime Boss","floor":16,"turns":3},{"damage":12,"enemies":"Shell Parasite","floor":18,"turns":3},{"damage":2,"enemies":"Spheric Guardian","floor":19,"turns":3},{"damage":2,"enemies":"Slaver and Parasite","floor":22,"turns":3},{"damage":16,"enemies":"Slavers","floor":23,"turns":5},{"damage":9,"enemies":"Centurion and Healer","floor":24,"turns":3},{"damage":12,"enemies":"Snake Plant","floor":28,"turns":3},{"damage":8,"enemies":"3 Cultists","floor":29,"turns":4},{"damage":0,"enemies":"Snecko","floor":30,"turns":2},{"damage":27,"enemies":"Book of Stabbing","floor":31,"turns":5},{"damage":34,"enemies":"Champ","floor":33,"turns":7},{"damage":11,"enemies":"3 Shapes","floor":35,"turns":3},{"damage":0,"enemies":"Orb Walker","floor":37,"turns":2},{"damage":119,"enemies":"Giant Head","floor":40,"turns":9}],"seed_played":"-3609779958988818875","potions_obtained":[{"floor":1,"key":"Block Potion"},{"floor":12,"key":"Weak Potion"},{"floor":16,"key":"Swift Potion"},{"floor":22,"key":"BloodPotion"},{"floor":23,"key":"FearPotion"},{"floor":28,"key":"FearPotion"},{"floor":29,"key":"PowerPotion"},{"floor":33,"key":"EntropicBrew"},{"floor":35,"key":"Block Potion"}],"is_trial":false,"path_per_floor":["M","?","?","?","M","E","?","M","T","?","$","M","$","M","R","B",null,"M","M","?","T","M","E","M","?","T","$","M","M","M","E","R","B",null,"M","?","M","?","?"],"character_chosen":"IRONCLAD","items_purchased":["Perfected Strike+1","Pommel Strike+1","Inflame","Anchor","Toolbox"],"campfire_rested":0,"item_purchase_floors":[11,11,11,11,27],"current_hp_per_floor":[75,75,75,72,77,69,62,68,68,68,68,74,74,63,63,69,80,74,78,78,78,80,70,67,67,67,67,63,63,71,52,52,51,80,79,79,80,80,75,0],"gold":237,"neow_bonus":"RANDOM_COMMON_RELIC","is_prod":false,"is_daily":false,"chose_seed":false,"campfire_upgraded":2,"win_rate":0.0,"timestamp":1532033364,"path_taken":["M","?","?","?","M","E","?","M","T","?","$","M","?","M","R","BOSS","M","?","?","?","M","E","M","?","T","?","M","M","?","E","R","BOSS","M","?","M","?","?","E"],"build_version":"2018-07-12","purchased_purges":0,"victory":false,"max_hp_per_floor":[80,80,80,80,80,80,80,80,80,80,80,80,80,80,80,80,80,80,80,80,80,80,80,80,80,80,80,80,80,80,80,80,80,80,80,80,80,80,80,80],"card_choices":[{"not_picked":["Wild Strike","Flex"],"picked":"Perfected Strike","floor":1},{"not_picked":["Evolve","Thunderclap"],"picked":"Pommel Strike","floor":5},{"not_picked":["Iron Wave","Twin Strike"],"picked":"Infernal Blade","floor":6},{"not_picked":["Thunderclap","Havoc"],"picked":"Shockwave","floor":8},{"not_picked":["True Grit","Cleave"],"picked":"Impervious","floor":8},{"not_picked":["Armaments","Twin Strike+1"],"picked":"Perfected Strike+1","floor":12},{"not_picked":["Infernal Blade","Sever Soul+1"],"picked":"Perfected Strike+1","floor":12},{"not_picked":["Ghostly Armor","Fire Breathing"],"picked":"Inflame","floor":14},{"not_picked":["Headbutt+1","Juggernaut"],"picked":"Shrug It Off","floor":14},{"not_picked":["Reaper+1","Offering"],"picked":"Demon Form","floor":16},{"not_picked":["Feel No Pain","Body Slam+1"],"picked":"Perfected Strike+1","floor":18},{"not_picked":["Intimidate","Battle Trance+1"],"picked":"Fire Breathing","floor":18},{"not_picked":["Sever Soul+1","Sentinel"],"picked":"Clothesline+1","floor":19},{"not_picked":["Clash+1","Headbutt+1"],"picked":"Pommel Strike+1","floor":19},{"not_picked":["Feel No Pain","Rupture+1"],"picked":"Pummel+1","floor":22},{"not_picked":["Feel No Pain","Sentinel"],"picked":"Wild Strike+1","floor":22},{"not_picked":["Clothesline+1","Sentinel"],"picked":"Cleave+1","floor":23},{"not_picked":["Clash+1","Clothesline+1"],"picked":"Wild Strike+1","floor":24},{"not_picked":["Clash+1","Heavy Blade+1"],"picked":"Demon Form","floor":24},{"not_picked":["Whirlwind+1","Uppercut+1"],"picked":"Pummel+1","floor":28},{"not_picked":["Burning Pact+1","Heavy Blade+1"],"picked":"Armaments","floor":28},{"not_picked":["Twin Strike+1","True Grit"],"picked":"Wild Strike+1","floor":29},{"not_picked":["Thunderclap+1","Rampage+1"],"picked":"Dropkick+1","floor":29},{"not_picked":["Intimidate","Clothesline+1"],"picked":"Shrug It Off","floor":30},{"not_picked":["Armaments","Flex"],"picked":"Rampage+1","floor":30},{"not_picked":["Armaments","Clash+1"],"picked":"Searing Blow+1","floor":31},{"not_picked":["Dark Embrace","Feed+1"],"picked":"Demon Form","floor":33},{"not_picked":["True Grit+1","Clash+1"],"picked":"Rage","floor":35},{"not_picked":["Body Slam+1","Heavy Blade+1"],"picked":"Inflame","floor":35},{"not_picked":["Thunderclap+1","Shrug It Off+1"],"picked":"Disarm+1","floor":37},{"not_picked":["Pummel+1","Fire Breathing+1"],"picked":"Twin Strike+1","floor":37},{"not_picked":["Purity","Trip"],"picked":"Madness","floor":39},{"not_picked":["Good Instincts","Panacea"],"picked":"Jack Of All Trades","floor":39}],"player_experience":62938,"relics_obtained":[{"floor":6,"key":"Prayer Wheel"},{"floor":9,"key":"Molten Egg 2"},{"floor":21,"key":"Smiling Mask"},{"floor":23,"key":"Pantograph"},{"floor":26,"key":"Ancient Tea Set"},{"floor":31,"key":"Bag of Preparation"}],"event_choices":[{"event_name":"Upgrade Shrine","player_choice":"Upgraded","floor":2,"damage_taken":0},{"event_name":"Liars Game","player_choice":"agreed","floor":3,"damage_taken":0},{"event_name":"Scrap Ooze","player_choice":"success","floor":4,"damage_taken":3},{"event_name":"Golden Wing","player_choice":"Card Removal","floor":7,"damage_taken":0},{"event_name":"Living Wall","player_choice":"Grow","floor":10,"damage_taken":0},{"event_name":"Drug Dealer","player_choice":"Got JAXXED","floor":20,"damage_taken":0},{"event_name":"The Mausoleum","player_choice":"Yes","floor":25,"damage_taken":0},{"event_name":"Match and Keep!","player_choice":"1 cards matched","floor":36,"damage_taken":0},{"event_name":"Transmorgrifier","player_choice":"Transform","floor":38,"damage_taken":0},{"event_name":"SensoryStone","player_choice":"Memory 2","floor":39,"damage_taken":0}],"boss_relics":[{"not_picked":["Cursed Key","Black Star"],"picked":"Runic Pyramid"},{"not_picked":["Calling Bell","Astrolabe"],"picked":"Black Blood"}],"items_purged_floors":[],"is_endless":false,"potions_floor_spawned":[1,12,16,22,23,28,29,33,35,37],"killed_by":"Giant Head","ascension_level":0}