{"gold_per_floor":[19,19,194,84,84,84,111,111,135,160,179,197,197,226,226,322,322,338,338,355,13,23,42,68,68,68,103,103,136,148,225,225,325,325,343,343,343,442,193,227,227,253,332,343,376,426,112,207,207,207],"floor_reached":51,"playtime":3377,"items_purged":["Doubt","Strike_B","Strike_B"],"score":1419,"play_id":"7dd932d8-3aaa-40a7-8a61-59066c73ee90","local_time":"20180722134211","is_ascension_mode":true,"campfire_choices":[{"data":"Electrodynamics","floor":6,"key":"SMITH"},{"data":"Capacitor","floor":8,"key":"SMITH"},{"data":"Chaos","floor":13,"key":"SMITH"},{"floor":15,"key":"REST"},{"data":"Apotheosis","floor":28,"key":"SMITH"},{"data":"Coolheaded","floor":32,"key":"SMITH"},{"floor":41,"key":"DIG"},{"floor":49,"key":"REST"}],"neow_cost":"NO_GOLD","seed_source_timestamp":843906361642840,"circlet_count":0,"master_deck":["Strike_B","Defend_B","Defend_B","Defend_B","Defend_B","Zap","Dualcast","Electrodynamics+1","Leap","Capacitor+1","Chill+1","Coolheaded+1","Chaos+1","Reinforced Body","Coolheaded+1","Multi-Cast","Glacier","Apotheosis+1","Defragment+1","Chaos","Ball Lightning","Amplify","Chaos+1","Darkness+1","Defragment+1","Consume+1","Consume","Master of Strategy"],"relics":["Cracked Core","DataDisk","Mercury Hourglass","Happy Flower","Centennial Puzzle","Singing Bowl","Nuclear Battery","War Paint","Strawberry","Symbiotic Virus","Nunchaku","Regal Pillow","Frozen Egg 2","Inserter","SsserpentHead","Ice Cream","Lee\u0027s Waffle","Shovel","Bottled Lightning","Potion Belt","Smiling Mask","Emotion Chip","Bird Faced Urn","Blood Vial"],"potions_floor_usage":[14,27,33,40,50,50],"damage_taken":[{"damage":0,"enemies":"Small Slimes","floor":1,"turns":2},{"damage":16,"enemies":"Lagavulin","floor":7,"turns":6},{"damage":9,"enemies":"3 Sentries","floor":10,"turns":2},{"damage":0,"enemies":"Cultist","floor":11,"turns":3},{"damage":0,"enemies":"Jaw Worm","floor":12,"turns":3},{"damage":16,"enemies":"Gremlin Nob","floor":14,"turns":3},{"damage":19,"enemies":"The Guardian","floor":16,"turns":15},{"damage":4,"enemies":"Chosen","floor":18,"turns":3},{"damage":0,"enemies":"2 Thieves","floor":20,"turns":2},{"damage":0,"enemies":"Snake Plant","floor":22,"turns":3},{"damage":0,"enemies":"Snecko","floor":23,"turns":5},{"damage":3,"enemies":"Gremlin Leader","floor":24,"turns":7},{"damage":0,"enemies":"Book of Stabbing","floor":27,"turns":5},{"damage":0,"enemies":"Gremlin Leader","floor":29,"turns":6},{"damage":0,"enemies":"Centurion and Healer","floor":30,"turns":6},{"damage":40,"enemies":"Champ","floor":33,"turns":10},{"damage":11,"enemies":"3 Shapes","floor":35,"turns":5},{"damage":5,"floor":38,"turns":4},{"damage":20,"enemies":"Giant Head","floor":40,"turns":9},{"damage":8,"enemies":"Nemesis","floor":42,"turns":6},{"damage":2,"enemies":"Flame Bruiser 1 Orb","floor":44,"turns":5},{"damage":19,"enemies":"2 Orb Walkers","floor":45,"turns":5},{"damage":0,"floor":46,"turns":5},{"damage":31,"enemies":"Awakened One","floor":50,"turns":7}],"seed_played":"-4356958357872011124","potions_obtained":[{"floor":10,"key":"Fire Potion"},{"floor":11,"key":"FairyPotion"},{"floor":14,"key":"Explosive Potion"},{"floor":18,"key":"Swift Potion"},{"floor":22,"key":"Energy Potion"},{"floor":23,"key":"Block Potion"},{"floor":35,"key":"Weak Potion"},{"floor":40,"key":"Explosive Potion"},{"floor":45,"key":"Energy Potion"}],"is_trial":false,"path_per_floor":["M","?","?","$","?","R","E","R","T","E","M","M","R","E","R","B",null,"M","$","M","$","M","M","E","?","T","E","R","E","M","T","R","B",null,"M","?","?","?","$","E","R","E","T","M","E","?","$","T","R","B"],"character_chosen":"DEFECT","items_purchased":["Capacitor","Apotheosis","War Paint","Lee\u0027s Waffle","Consume","Master of Strategy"],"campfire_rested":2,"item_purchase_floors":[4,21,21,39,47,47],"current_hp_per_floor":[75,75,75,75,68,68,52,52,52,43,43,43,43,27,49,30,64,60,60,62,62,62,64,68,68,68,70,70,72,74,74,74,34,78,69,69,69,64,101,83,83,75,75,75,56,56,56,56,102,76],"gold":207,"neow_bonus":"THREE_RARE_CARDS","is_prod":false,"is_daily":false,"chose_seed":false,"campfire_upgraded":5,"win_rate":0,"timestamp":1532292131,"path_taken":["M","?","?","$","?","R","E","R","T","E","M","?","R","E","R","BOSS","M","$","M","$","M","M","E","?","T","E","R","E","?","?","R","BOSS","M","?","?","?","?","E","R","E","T","M","E","?","$","?","R","BOSS"],"build_version":"2018-07-19v2","purchased_purges":3,"victory":true,"max_hp_per_floor":[75,75,75,75,75,75,75,75,75,75,75,75,75,75,75,75,75,75,75,77,77,77,79,86,86,86,88,88,90,92,92,92,92,92,94,94,94,94,101,103,103,103,103,105,105,105,105,105,105,105],"card_choices":[{"not_picked":["Meteor Strike","Reboot"],"picked":"Electrodynamics","floor":0},{"not_picked":["Conserve Battery","Barrage"],"picked":"Leap","floor":1},{"not_picked":["Beam Cell","Rebound"],"picked":"Chill","floor":7},{"not_picked":["Barrage","Echo Form"],"picked":"Coolheaded","floor":10},{"not_picked":["Heatsinks","Streamline"],"picked":"Chaos","floor":11},{"not_picked":["Hologram","Redo"],"picked":"Reinforced Body","floor":12},{"not_picked":["Loop","Storm"],"picked":"Coolheaded","floor":14},{"not_picked":["Electrodynamics","Biased Cognition"],"picked":"Multi-Cast","floor":16},{"not_picked":["Turbo","Gash"],"picked":"Glacier","floor":18},{"not_picked":["Rebound","Steam Power","Gash"],"picked":"Singing Bowl","floor":20},{"not_picked":["Hologram","Beam Cell"],"picked":"Defragment+1","floor":22},{"not_picked":["FTL","Steam+1","Conserve Battery"],"picked":"Singing Bowl","floor":23},{"not_picked":["Cold Snap","Coolheaded"],"picked":"Chaos","floor":24},{"not_picked":["Steam","Sweeping Beam","Heatsinks"],"picked":"Singing Bowl","floor":27},{"not_picked":["Streamline","Turbo+1","Cold Snap"],"picked":"Singing Bowl","floor":29},{"not_picked":["Hello World","Beam Cell","Consume"],"picked":"Singing Bowl","floor":30},{"not_picked":["All For One","Electrodynamics+1"],"picked":"Amplify","floor":33},{"not_picked":["Double Energy+1","Rebound+1","Beam Cell+1"],"picked":"Singing Bowl","floor":35},{"not_picked":["Ball Lightning","Coolheaded+1"],"picked":"Chaos+1","floor":38},{"not_picked":["Streamline","Loop+1","Genetic Algorithm"],"picked":"Singing Bowl","floor":40},{"not_picked":["Rebound+1","Gash+1"],"picked":"Darkness+1","floor":42},{"not_picked":["Leap","Streamline+1","Compile Driver"],"picked":"Singing Bowl","floor":44},{"not_picked":["Creative AI+1","Beam Cell"],"picked":"Defragment+1","floor":45},{"not_picked":["Hologram","BootSequence+1"],"picked":"Consume+1","floor":46}],"player_experience":370232,"relics_obtained":[{"floor":7,"key":"Mercury Hourglass"},{"floor":9,"key":"Happy Flower"},{"floor":10,"key":"Centennial Puzzle"},{"floor":14,"key":"Singing Bowl"},{"floor":24,"key":"Strawberry"},{"floor":26,"key":"Symbiotic Virus"},{"floor":27,"key":"Nunchaku"},{"floor":29,"key":"Regal Pillow"},{"floor":31,"key":"Frozen Egg 2"},{"floor":38,"key":"Ice Cream"},{"floor":40,"key":"Shovel"},{"floor":41,"key":"Bottled Lightning"},{"floor":42,"key":"Potion Belt"},{"floor":43,"key":"Smiling Mask"},{"floor":45,"key":"Emotion Chip"},{"floor":46,"key":"Bird Faced Urn"},{"floor":48,"key":"Blood Vial"}],"event_choices":[{"event_name":"Wheel of Change","player_choice":"Relic","floor":2,"damage_taken":0},{"event_name":"Liars Game","player_choice":"agreed","floor":3,"damage_taken":0},{"event_name":"Golden Wing","player_choice":"Card Removal","floor":5,"damage_taken":0},{"event_name":"The Library","player_choice":"Read","floor":25,"damage_taken":0},{"event_name":"Tomb of Lord Red Mask","player_choice":"Ignored","floor":36,"damage_taken":0},{"event_name":"FaceTrader","player_choice":"Trade","floor":37,"damage_taken":0},{"event_name":"Mysterious Sphere","player_choice":"Fight","floor":38,"damage_taken":0},{"event_name":"MindBloom","player_choice":"Fight","floor":46,"damage_taken":0}],"is_beta":false,"boss_relics":[{"not_picked":["Philosopher\u0027s Stone","Velvet Choker"],"picked":"Nuclear Battery"},{"not_picked":["Pandora\u0027s Box","Runic Dome"],"picked":"Inserter"}],"items_purged_floors":[4,39,47],"is_endless":false,"potions_floor_spawned":[10,11,14,18,22,23,35,40,45],"ascension_level":5}