{"gold_per_floor":[209,224,199,217,235,235,255,255,255,255,269,289,312,325,325,325],"floor_reached":16,"playtime":680,"items_purged":[],"score":144,"play_id":"c2aeea19-11b2-4d9b-813d-5422b8123cdd","local_time":"20180917231006","is_ascension_mode":true,"campfire_choices":[{"data":"Static Discharge","floor":6,"key":"SMITH"},{"floor":8,"key":"REST"},{"floor":15,"key":"REST"}],"neow_cost":"NONE","seed_source_timestamp":210233974456154,"circlet_count":0,"master_deck":["Strike_B","Strike_B+1","Strike_B","Strike_B","Defend_B","Defend_B+1","Defend_B","Defend_B","Zap","Dualcast","AscendersBane","Conserve Battery","Static Discharge+1","Consume","Undo","Static Discharge","FTL"],"relics":["Cracked Core","The Courier","Odd Mushroom"],"potions_floor_usage":[5,12,16,16,16],"damage_taken":[{"damage":3,"enemies":"2 Louse","floor":1,"turns":3},{"damage":1,"enemies":"Cultist","floor":2,"turns":4},{"damage":6,"enemies":"Small Slimes","floor":4,"turns":4},{"damage":8,"enemies":"Exordium Thugs","floor":5,"turns":4},{"damage":11,"enemies":"3 Louse","floor":7,"turns":4},{"damage":3,"enemies":"Large Slime","floor":11,"turns":5},{"damage":3,"enemies":"Red Slaver","floor":12,"turns":4},{"damage":11,"enemies":"The Mushroom Lair","floor":13,"turns":3},{"damage":14,"enemies":"Blue Slaver","floor":14,"turns":4},{"damage":40,"enemies":"The Guardian","floor":16,"turns":5}],"seed_played":"4456430149085241254","potions_obtained":[{"floor":1,"key":"EssenceOfSteel"},{"floor":5,"key":"FocusPotion"},{"floor":7,"key":"GamblersBrew"},{"floor":11,"key":"Dexterity Potion"},{"floor":14,"key":"Dexterity Potion"}],"is_trial":false,"path_per_floor":["M","M","?","M","M","R","M","R","T","?","M","M","?","M","R"],"character_chosen":"DEFECT","items_purchased":[],"campfire_rested":2,"item_purchase_floors":[],"current_hp_per_floor":[65,64,64,58,50,50,39,61,61,46,43,40,29,15,37,0],"gold":325,"neow_bonus":"HUNDRED_GOLD","is_prod":false,"is_daily":false,"chose_seed":false,"campfire_upgraded":1,"win_rate":0,"timestamp":1537218606,"path_taken":["M","M","?","M","?","R","M","R","T","?","M","M","?","M","R","BOSS"],"build_version":"2018-09-06","purchased_purges":0,"victory":false,"max_hp_per_floor":[75,75,75,75,75,75,75,75,75,75,75,75,75,75,75,75],"card_choices":[{"not_picked":["Gash","Turbo"],"picked":"Conserve Battery","floor":1},{"not_picked":["Conserve Battery","Rebound"],"picked":"Static Discharge","floor":2},{"not_picked":["Go for the Eyes","Ball Lightning"],"picked":"Consume","floor":4},{"not_picked":["Recycle","Gash"],"picked":"Undo","floor":5},{"not_picked":["Heatsinks","Coolheaded","Barrage"],"picked":"SKIP","floor":7},{"not_picked":["Machine Learning","Recycle"],"picked":"Static Discharge","floor":11},{"not_picked":["Stack","Cold Snap"],"picked":"FTL","floor":12},{"not_picked":["Multi-Cast","Beam Cell","Rip and Tear"],"picked":"SKIP","floor":14}],"player_experience":311049,"relics_obtained":[{"floor":9,"key":"The Courier"},{"floor":13,"key":"Odd Mushroom"}],"event_choices":[{"event_name":"World of Goop","player_choice":"Left","floor":3,"damage_taken":0},{"event_name":"Shining Light","player_choice":"Entered Light","floor":10,"damage_taken":0},{"event_name":"Mushrooms","player_choice":"Fought Mushrooms","floor":13,"damage_taken":0}],"is_beta":false,"boss_relics":[],"items_purged_floors":[],"is_endless":false,"potions_floor_spawned":[1,5,7,11,14],"killed_by":"The Guardian","ascension_level":10}