{"gold_per_floor":[211,211,230,46,121,151,169,169,169,185,185,185,185,214,214,293,293,303,126,143,143],"floor_reached":21,"playtime":1534,"items_purged":["Strike_R","Anger"],"score":309,"play_id":"5734ad45-0c52-464c-a0e0-326ebd838e40","local_time":"20190106134009","is_ascension_mode":true,"campfire_choices":[{"floor":8,"key":"REST"},{"floor":12,"key":"REST"},{"floor":15,"key":"REST"}],"neow_cost":"NONE","seed_source_timestamp":914131543390927,"circlet_count":0,"master_deck":["AscendersBane","Strike_R","Strike_R","Strike_R","Strike_R","Defend_R","Defend_R","Defend_R","Defend_R","Bash","Spot Weakness","Burning Pact","Ghostly Armor","Carnage","Seeing Red","Armaments","Shrug It Off","True Grit","Feed","Shockwave","Inflame"],"relics":["Burning Blood","Kunai","Mummified Hand","Dream Catcher","Du-Vu Doll","Snecko Eye"],"potions_floor_usage":[14,21,21],"damage_taken":[{"damage":1,"enemies":"Cultist","floor":1,"turns":3},{"damage":10,"enemies":"Small Slimes","floor":3,"turns":4},{"damage":48,"enemies":"Lagavulin","floor":6,"turns":7},{"damage":4,"enemies":"2 Louse","floor":7,"turns":3},{"damage":7,"enemies":"2 Fungi Beasts","floor":10,"turns":4},{"damage":32,"enemies":"3 Sentries","floor":14,"turns":11},{"damage":55,"enemies":"Slime Boss","floor":16,"turns":13},{"damage":19,"enemies":"3 Byrds","floor":18,"turns":7},{"damage":15,"enemies":"2 Thieves","floor":20,"turns":4},{"damage":65,"enemies":"Snake Plant","floor":21,"turns":9}],"seed_played":"-5892114643931472960","potions_obtained":[{"floor":6,"key":"Poison Potion"},{"floor":10,"key":"Swift Potion"},{"floor":16,"key":"BloodPotion"}],"is_trial":false,"path_per_floor":["M","T","M","$","?","E","M","R","T","M","?","R","?","E","R","B",null,"M","$","M","M"],"character_chosen":"IRONCLAD","items_purchased":["Ghostly Armor","Carnage","Shockwave"],"campfire_rested":3,"item_purchase_floors":[4,4,19],"current_hp_per_floor":[77,77,73,73,62,20,22,46,46,45,33,57,62,36,61,12,67,57,57,51,0],"gold":143,"neow_bonus":"HUNDRED_GOLD","is_prod":false,"is_daily":false,"chose_seed":false,"campfire_upgraded":0,"win_rate":0,"timestamp":1546803609,"path_taken":["M","?","M","$","?","E","M","R","T","M","?","R","?","E","R","BOSS","M","$","M","M"],"build_version":"2019-01-03v4","purchased_purges":2,"victory":false,"max_hp_per_floor":[80,80,80,80,80,80,80,80,80,80,80,80,85,85,85,85,85,88,88,91,91],"card_choices":[{"not_picked":["Sword Boomerang","Heavy Blade"],"picked":"Spot Weakness","floor":1},{"not_picked":["Sentinel","Flex"],"picked":"Burning Pact","floor":3},{"not_picked":["Havoc","Infernal Blade"],"picked":"Anger","floor":6},{"not_picked":["Sword Boomerang","Blood for Blood"],"picked":"Seeing Red","floor":7},{"not_picked":["Wild Strike","Clothesline"],"picked":"Armaments","floor":10},{"not_picked":["Havoc","Headbutt"],"picked":"Shrug It Off","floor":12},{"not_picked":["Berserk","Wild Strike","Sentinel"],"picked":"SKIP","floor":14},{"not_picked":["Headbutt","Twin Strike"],"picked":"True Grit","floor":15},{"not_picked":["Offering","Juggernaut"],"picked":"Feed","floor":16},{"not_picked":["Bloodletting","Anger","Thunderclap"],"picked":"SKIP","floor":18},{"not_picked":["Flex","Carnage"],"picked":"Inflame","floor":20}],"player_experience":415031,"relics_obtained":[{"floor":2,"key":"Kunai"},{"floor":6,"key":"Mummified Hand"},{"floor":14,"key":"Du-Vu Doll"}],"event_choices":[{"damage_healed":0,"gold_gain":75,"player_choice":"Gather Gold","damage_taken":11,"max_hp_gain":0,"max_hp_loss":0,"event_name":"World of Goop","floor":5,"gold_loss":0},{"damage_healed":0,"gold_gain":0,"player_choice":"Success","damage_taken":12,"relics_obtained":["Dream Catcher"],"max_hp_gain":0,"max_hp_loss":0,"event_name":"Scrap Ooze","floor":11,"gold_loss":0},{"damage_healed":0,"gold_gain":0,"player_choice":"Donut","damage_taken":0,"max_hp_gain":5,"max_hp_loss":0,"event_name":"Big Fish","floor":13,"gold_loss":0}],"is_beta":false,"boss_relics":[{"not_picked":["White Beast Statue","Empty Cage"],"picked":"Snecko Eye"}],"items_purged_floors":[4,19],"is_endless":false,"potions_floor_spawned":[6,10,16,18],"killed_by":"Snake Plant","ascension_level":13}