{"gold_per_floor":[113,113,132,132,158,158,158,158,182,182,182,197,197,215,215,341,341,359,380,133,38,61,61,99,122,122,122,138,138,138,138],"floor_reached":31,"playtime":1510,"items_purged":[],"score":243,"play_id":"f976e62c-7db6-4815-ac52-607e7b6ecbd4","local_time":"20180624031110","is_ascension_mode":false,"campfire_choices":[{"data":"Cold Snap","floor":6,"key":"SMITH"},{"data":"Dualcast","floor":8,"key":"SMITH"},{"floor":11,"key":"REST"},{"data":"Hologram","floor":13,"key":"SMITH"},{"data":"Chaos","floor":15,"key":"SMITH"},{"floor":23,"key":"REST"},{"floor":27,"key":"REST"}],"neow_cost":"NONE","seed_source_timestamp":851892603826871,"circlet_count":0,"master_deck":["Strike_B+1","Strike_B","Strike_B+1","Strike_B","Defend_B","Defend_B","Defend_B","Defend_B","Zap+1","Dualcast+1","Thunder Strike","Cold Snap+1","Hologram+1","Injury","Chaos+1","Chill","Fission+1","Force Field+1","Chill","Stack","Coolheaded","Sweeping Beam","Streamline","Capacitor","Barrage","Static Discharge","Go for the Eyes+1","Fission","Compile Driver+1","BootSequence+1"],"relics":["Cracked Core","Golden Idol","Bag of Preparation","Pen Nib","Fusion Hammer","Potion Belt","Molten Egg 2"],"potions_floor_usage":[22,22,25,25,25],"damage_taken":[{"damage":5,"enemies":"Jaw Worm","floor":1,"turns":4},{"damage":8,"enemies":"2 Louse","floor":3,"turns":2},{"damage":0,"enemies":"Cultist","floor":12,"turns":2},{"damage":0,"enemies":"Looter","floor":14,"turns":3},{"damage":48,"enemies":"The Guardian","floor":16,"turns":8},{"damage":0,"enemies":"Spheric Guardian","floor":18,"turns":3},{"damage":0,"enemies":"Chosen","floor":19,"turns":5},{"damage":27,"enemies":"Centurion and Healer","floor":22,"turns":5},{"damage":23,"enemies":"Gremlin Leader","floor":24,"turns":8},{"damage":20,"enemies":"Cultist and Chosen","floor":25,"turns":10},{"damage":18,"enemies":"Sentry and Sphere","floor":28,"turns":6},{"damage":28,"enemies":"Chosen and Byrds","floor":31,"turns":5}],"seed_played":"6503229866320194716","potions_obtained":[{"floor":12,"key":"SkillPotion"},{"floor":14,"key":"Strength Potion"},{"floor":19,"key":"LiquidBronze"},{"floor":22,"key":"Dexterity Potion"},{"floor":24,"key":"Weak Potion"}],"is_trial":false,"path_per_floor":["M","?","M","?","T","R","?","R","T","?","R","M","R","M","R","B",null,"M","M","$","$","M","R","E","M","T","R","M","?","?"],"character_chosen":"DEFECT","items_purchased":["Stack","Coolheaded","Sweeping Beam","Streamline","Capacitor","Barrage","Static Discharge"],"campfire_rested":3,"item_purchase_floors":[20,20,20,20,20,21,21],"current_hp_per_floor":[70,70,62,62,62,62,62,62,62,47,69,69,69,69,69,21,75,75,75,75,75,48,70,47,27,27,49,31,22,22,0],"gold":138,"neow_bonus":"ONE_RANDOM_RARE_CARD","is_prod":false,"is_daily":false,"chose_seed":false,"campfire_upgraded":4,"win_rate":0.0,"timestamp":1529802670,"path_taken":["M","?","?","?","?","R","?","R","T","?","R","M","R","?","R","BOSS","M","M","?","$","M","R","E","?","T","R","M","?","?","M"],"build_version":"2018-06-21v2","purchased_purges":0,"victory":false,"max_hp_per_floor":[75,75,75,75,75,75,75,75,75,75,75,75,75,75,75,75,75,75,75,75,75,75,75,75,75,75,75,75,75,75,75],"card_choices":[{"not_picked":["Hologram","Steam"],"picked":"Cold Snap","floor":1},{"not_picked":["Compile Driver","Streamline"],"picked":"Hologram","floor":3},{"not_picked":["Leap","Conserve Battery"],"picked":"Chaos","floor":12},{"not_picked":["Hologram","Skim"],"picked":"Chill","floor":14},{"not_picked":["Seek","Machine Learning"],"picked":"Fission","floor":16},{"not_picked":["Beam Cell","Coolheaded+1"],"picked":"Force Field+1","floor":18},{"not_picked":["Auto Shields","Sweeping Beam"],"picked":"Chill","floor":19},{"not_picked":["Leap","Doom and Gloom"],"picked":"Go for the Eyes+1","floor":22},{"not_picked":["Melter","Steam"],"picked":"Fission","floor":24},{"not_picked":["Steam+1","Redo"],"picked":"Compile Driver+1","floor":25},{"not_picked":["Doom and Gloom+1","Coolheaded"],"picked":"BootSequence+1","floor":28}],"player_experience":15492,"relics_obtained":[{"floor":5,"key":"Bag of Preparation"},{"floor":9,"key":"Pen Nib"},{"floor":24,"key":"Potion Belt"},{"floor":26,"key":"Molten Egg 2"}],"event_choices":[{"event_name":"The Cleric","player_choice":"Leave","floor":2,"damage_taken":0},{"event_name":"Golden Idol","player_choice":"Take Wound","floor":4,"damage_taken":0},{"event_name":"Upgrade Shrine","player_choice":"Upgraded","floor":7,"damage_taken":0},{"event_name":"Shining Light","player_choice":"Entered Light","floor":10,"damage_taken":0},{"event_name":"Cursed Tome","player_choice":"Stopped","floor":29,"damage_taken":0},{"event_name":"Upgrade Shrine","player_choice":"Upgraded","floor":30,"damage_taken":0}],"boss_relics":[{"not_picked":["Coffee Dripper","Runic Dome"],"picked":"Fusion Hammer"}],"items_purged_floors":[],"is_endless":false,"potions_floor_spawned":[12,14,19,22,24],"killed_by":"Chosen and Byrds","ascension_level":0}