{"gold_per_floor":[411,80,100,112,126,156,156,185,185,185,219,219,238,257,257,362,362,379,15,15,114,114,114,143,160,160,160,179,179,204,204,204,307,307,317,317,277,292,31,64,64,64,64,82,101,101,101,127,127,127],"floor_reached":50,"playtime":2264,"items_purged":["Strike_G","Distraction"],"score":834,"play_id":"c097ea44-9c8c-452d-ae35-5da609b87d2f","local_time":"20181208205742","is_ascension_mode":true,"campfire_choices":[{"data":"Neutralize","floor":7.0,"key":"SMITH"},{"floor":10.0,"key":"REST"},{"data":"Noxious Fumes","floor":12.0,"key":"SMITH"},{"data":"Noxious Fumes","floor":15.0,"key":"SMITH"},{"data":"Footwork","floor":23,"key":"SMITH"},{"data":"Footwork","floor":27,"key":"SMITH"},{"data":"Tools of the Trade","floor":29,"key":"SMITH"},{"floor":32,"key":"REST"},{"floor":41,"key":"REST"},{"floor":47,"key":"REST"},{"floor":49,"key":"REST"}],"neow_cost":"PERCENT_DAMAGE","seed_source_timestamp":99216600544036,"circlet_count":0,"master_deck":["Survivor","Neutralize+1","Choke","Backstab","Noxious Fumes+1","Footwork+1","Glass Knife","Noxious Fumes+1","Tools of the Trade+1","Underhanded Strike+1","Backflip","Underhanded Strike","Footwork+1","Quick Slash","Dash+1","Dagger Spray+1","PiercingWail","Leg Sweep","Setup","Blade Dance","Underhanded Strike","Infinite Blades","Quick Slash","Reflex+1","Reflex","Backflip","Caltrops","Dash","Infinite Blades"],"special_seed":0,"relics":["Ring of the Snake","Old Coin","Vajra","Gambling Chip","Boot","Oddly Smooth Stone","Mercury Hourglass","HoveringKite","Shuriken","Sundial","Ginger","Snake Skull","Bag of Marbles","Pandora\u0027s Box","PreservedInsect","Potion Belt","Dodecahedron"],"potions_floor_usage":[30,30,33,40,40,40,40,46,50,50,50],"damage_taken":[{"damage":0.0,"enemies":"Jaw Worm","floor":1.0,"turns":5.0},{"damage":0.0,"enemies":"2 Louse","floor":3.0,"turns":2.0},{"damage":0.0,"enemies":"Small Slimes","floor":4.0,"turns":3.0},{"damage":0.0,"enemies":"Gremlin Gang","floor":5.0,"turns":5.0},{"damage":18.0,"enemies":"Gremlin Nob","floor":6.0,"turns":4.0},{"damage":15.0,"enemies":"3 Sentries","floor":8.0,"turns":6.0},{"damage":8.0,"enemies":"Lagavulin","floor":11.0,"turns":5.0},{"damage":0.0,"enemies":"Exordium Thugs","floor":13.0,"turns":3.0},{"damage":0.0,"enemies":"Large Slime","floor":14.0,"turns":4.0},{"damage":18.0,"enemies":"Hexaghost","floor":16.0,"turns":8.0},{"damage":0,"enemies":"3 Byrds","floor":18,"turns":4},{"damage":12,"enemies":"Book of Stabbing","floor":24,"turns":7},{"damage":0,"enemies":"Chosen","floor":25,"turns":3},{"damage":10,"enemies":"Shelled Parasite and Fungi","floor":28,"turns":5},{"damage":2,"enemies":"Slavers","floor":30,"turns":5},{"damage":31,"enemies":"Automaton","floor":33,"turns":10},{"damage":0,"enemies":"3 Shapes","floor":35,"turns":2},{"damage":0,"enemies":"3 Darklings","floor":38,"turns":4},{"damage":36,"enemies":"Nemesis","floor":40,"turns":7},{"damage":18,"enemies":"Transient","floor":44,"turns":5},{"damage":10,"enemies":"4 Shapes","floor":45,"turns":3},{"damage":0,"enemies":"Sphere and 2 Shapes","floor":46,"turns":3},{"damage":18,"enemies":"Giant Head","floor":48,"turns":7},{"damage":45,"enemies":"Donu and Deca","floor":50,"turns":6}],"seed_played":"-1071900938274876787","potions_obtained":[{"floor":3.0,"key":"LiquidBronze"},{"floor":4.0,"key":"LiquidBronze"},{"floor":5.0,"key":"Regen Potion"},{"floor":14.0,"key":"Energy Potion"},{"floor":18,"key":"Block Potion"},{"floor":30,"key":"Explosive Potion"},{"floor":37,"key":"EntropicBrew"},{"floor":37,"key":"Weak Potion"},{"floor":37,"key":"Energy Potion"},{"floor":44,"key":"Swift Potion"},{"floor":45,"key":"LiquidBronze"}],"is_trial":false,"path_per_floor":["M","$","M","M","M","E","R","E","T","R","E","R","M","M","R","B",null,"M","$","?","?","?","R","E","M","T","R","M","R","E","T","R","B",null,"M","?","?","M","$","E","R","?","T","M","M","M","R","E","R","B"],"character_chosen":"THE_SILENT","items_purchased":["Backstab","Vajra","Noxious Fumes","Backflip","Shuriken","Underhanded Strike","Reflex","Backflip","Caltrops"],"campfire_rested":5,"item_purchase_floors":[2,2,2,19,19,19,39,39,39],"current_hp_per_floor":[45,45,45,45,45,39,39,24,24,45,37,37,37,37,37,19,57,57,57,57,57,57,57,45,45,45,45,35,35,33,33,54,23,58,58,58,58,58,58,22,43,43,43,25,15,15,36,18,39,0],"gold":127,"neow_bonus":"ONE_RARE_RELIC","is_prod":false,"is_daily":false,"chose_seed":false,"campfire_upgraded":6,"win_rate":0,"timestamp":1544320662,"path_taken":["M","$","M","M","M","E","R","E","T","R","E","R","M","M","R","BOSS","M","$","?","?","?","R","E","M","T","R","?","R","E","?","R","BOSS","M","?","?","?","$","E","R","?","T","M","?","M","R","E","R","BOSS"],"build_version":"2018-12-06","purchased_purges":2,"victory":false,"max_hp_per_floor":[70,70,70,70,70,70,70,70,70,70,70,70,70,70,70,70,70,70,70,70,70,70,70,70,70,70,70,70,70,70,70,70,70,70,70,70,70,70,70,70,70,70,70,70,70,70,70,70,70,70],"card_choices":[{"not_picked":["Deflect","Flechettes"],"picked":"Choke","floor":1.0},{"not_picked":["Prepared","Quick Slash","Poisoned Stab"],"picked":"SKIP","floor":3.0},{"not_picked":["Crippling Poison","Deflect"],"picked":"Footwork","floor":4.0},{"not_picked":["Heel Hook","Deadly Poison","Dodge and Roll"],"picked":"SKIP","floor":5.0},{"not_picked":["Dagger Spray","Endless Agony"],"picked":"Glass Knife","floor":6.0},{"not_picked":["Flechettes","Prepared","PiercingWail"],"picked":"SKIP","floor":8.0},{"not_picked":["Flechettes","Dagger Spray","Deflect"],"picked":"SKIP","floor":11.0},{"not_picked":["Outmaneuver","Predator"],"picked":"Noxious Fumes","floor":13.0},{"not_picked":["Flying Knee","Unload","Poisoned Stab"],"picked":"SKIP","floor":14.0},{"not_picked":["Unload","Phantasmal Killer"],"picked":"Tools of the Trade","floor":16.0},{"not_picked":["Accuracy+1","Bouncing Flask"],"picked":"Underhanded Strike+1","floor":18},{"not_picked":["Poisoned Stab","Footwork"],"picked":"Quick Slash","floor":24},{"not_picked":["Skewer","Blur"],"picked":"Dash+1","floor":25},{"not_picked":["Flying Knee","Outmaneuver","Bouncing Flask"],"picked":"SKIP","floor":28},{"not_picked":["Corpse Explosion","Dodge and Roll"],"picked":"Dagger Spray+1","floor":30},{"not_picked":["PiercingWail+1","Sucker Punch+1"],"picked":"Reflex+1","floor":35},{"not_picked":["Slice+1","Masterful Stab","Deadly Poison"],"picked":"SKIP","floor":38},{"not_picked":["Noxious Fumes","Setup","Masterful Stab"],"picked":"SKIP","floor":40},{"not_picked":["Well Laid Plans+1","Deadly Poison"],"picked":"Infinite Blades","floor":44},{"not_picked":["Flechettes","Deflect","Dagger Spray+1"],"picked":"SKIP","floor":45},{"not_picked":["Dagger Throw+1","Flying Knee","Malaise"],"picked":"SKIP","floor":48}],"player_experience":534532,"relics_obtained":[{"floor":6.0,"key":"Gambling Chip"},{"floor":8.0,"key":"Boot"},{"floor":9.0,"key":"Oddly Smooth Stone"},{"floor":11.0,"key":"Mercury Hourglass"},{"floor":24,"key":"Sundial"},{"floor":26,"key":"Ginger"},{"floor":30,"key":"Snake Skull"},{"floor":31,"key":"Bag of Marbles"},{"floor":40,"key":"PreservedInsect"},{"floor":43,"key":"Potion Belt"},{"floor":48,"key":"Dodecahedron"}],"event_choices":[{"damage_healed":0,"gold_gain":0,"player_choice":"Ignored","damage_taken":0,"max_hp_gain":0,"max_hp_loss":0,"event_name":"Beggar","floor":20,"gold_loss":0},{"damage_healed":0,"gold_gain":99,"player_choice":"Stole From Cult","damage_taken":0,"max_hp_gain":0,"max_hp_loss":0,"event_name":"Nest","floor":21,"gold_loss":0},{"damage_healed":0,"gold_gain":0,"player_choice":"Copied","damage_taken":0,"max_hp_gain":0,"max_hp_loss":0,"event_name":"Duplicator","floor":22,"gold_loss":0,"cards_obtained":["Footwork"]},{"damage_healed":0,"gold_gain":0,"player_choice":"Ignored","damage_taken":0,"max_hp_gain":0,"max_hp_loss":0,"event_name":"Mysterious Sphere","floor":36,"gold_loss":0},{"damage_healed":0,"gold_gain":0,"player_choice":"Bought 3 Potions","damage_taken":0,"max_hp_gain":0,"max_hp_loss":0,"event_name":"The Woman in Blue","floor":37,"gold_loss":0},{"damage_healed":0,"gold_gain":0,"cards_transformed":["Sucker Punch"],"player_choice":"Transformed","damage_taken":0,"max_hp_gain":0,"max_hp_loss":0,"event_name":"Transmorgrifier","floor":42,"gold_loss":0,"cards_obtained":["Dash"]}],"is_beta":true,"boss_relics":[{"not_picked":["Orrery","Runic Dome"],"picked":"HoveringKite"},{"not_picked":["Sozu","Runic Pyramid"],"picked":"Pandora\u0027s Box"}],"items_purged_floors":[2,39],"is_endless":false,"potions_floor_spawned":[3,4,5,14,18,30,44,45],"killed_by":"Donu and Deca","ascension_level":9}