{"path_per_floor":["M","M","M","$","M","R","E","M","T","R","?","R","M","E","R","B",null,"M","M","M","M","?","R","?","R","T","R","M","M","T","M","R","B",null,"M","?","$","M","$","R","E","T","T","M","M","R","?","M","R"],"character_chosen":"THE_SILENT","items_purchased":["Well Laid Plans","Noxious Fumes","Unceasing Top","Paper Crane"],"gold_per_floor":[214,224,238,124,137,137,164,181,206,206,206,206,226,254,254,355,355,368,380,400,411,326,326,526,526,526,526,541,557,557,569,569,671,671,682,682,610,627,70,70,97,97,97,113,129,129,129,149,149,149],"floor_reached":50,"campfire_rested":4,"playtime":5480,"current_hp_per_floor":[63,63,61,61,54,54,32,24,24,45,68,68,67,65,65,48,65,56,56,47,34,34,34,34,34,34,55,44,43,43,36,57,7,54,51,51,51,50,50,62,58,58,58,38,25,60,60,57,70,0],"items_purged":["Strike_G"],"gold":149,"score":722,"play_id":"9d7e4205-a13a-4afd-ab13-4d95c428f096","local_time":"20180411202006","is_prod":false,"is_daily":false,"is_ascension_mode":true,"campfire_upgraded":7,"timestamp":1523503206,"path_taken":["M","M","M","$","M","R","E","M","T","R","?","R","M","E","R","BOSS","M","M","M","M","?","R","?","R","T","R","M","?","?","M","R","BOSS","M","?","$","M","$","R","E","?","T","M","?","R","?","?","R","BOSS"],"build_version":"2018-04-05v2","purchased_purges":1,"victory":false,"master_deck":["Defend_G","Defend_G","Defend_G","Defend_G","Defend_G","Strike_G","Strike_G","Strike_G","Strike_G","Survivor+1","Neutralize+1","Sucker Punch+1","Dagger Spray","Venomology","Well Laid Plans+1","Cloak And Dagger","Flying Knee","Bouncing Flask+1","Deflect","PiercingWail","Burst+1","Prepared+1","Tools of the Trade","Pain","Backflip","Catalyst","Injury","Backflip","A Thousand Cuts+1","Dash+1","Noxious Fumes+1","Catalyst+1","Deflect+1","Parasite","Injury","Slice+1","Dash+1"],"max_hp_per_floor":[70,70,70,70,70,70,70,70,70,70,70,70,70,70,70,70,70,70,70,70,70,70,70,70,70,70,70,70,70,70,70,70,70,70,70,70,70,70,70,70,70,70,70,70,70,70,70,70,70,70],"relics":["Ring of the Snake","Bottled Lightning","Pen Nib","Bottled Flame","Cursed Key","Art of War","Ice Cream","Dead Branch","Eternal Feather","Unceasing Top","Paper Crane","Bronze Scales","Frozen Egg 2","Vajra"],"card_choices":[{"not_picked":["Expertise","Dagger Throw"],"picked":"Sucker Punch","floor":1.0},{"not_picked":["PiercingWail","Acrobatics"],"picked":"Dagger Spray","floor":2.0},{"not_picked":["Dodge and Roll","Poisoned Stab"],"picked":"Venomology","floor":3.0},{"not_picked":["Prepared","Underhanded Strike"],"picked":"Cloak And Dagger","floor":5.0},{"not_picked":["Bane","Skewer"],"picked":"Flying Knee","floor":7.0},{"not_picked":["Dodge and Roll","Slice"],"picked":"Bouncing Flask","floor":8.0},{"not_picked":["Dagger Spray","Wraith Form"],"picked":"Deflect","floor":13.0},{"not_picked":["Blade Dance","Deflect"],"picked":"PiercingWail","floor":14.0},{"not_picked":["Phantasmal Killer","Die Die Die"],"picked":"Burst","floor":16.0},{"not_picked":["Cloak And Dagger","Poisoned Stab"],"picked":"Prepared","floor":18.0},{"not_picked":["Deadly Poison","Outmaneuver"],"picked":"Slice","floor":19.0},{"not_picked":["Underhanded Strike","PiercingWail"],"picked":"Tools of the Trade","floor":21.0},{"not_picked":["Sucker Punch","Acrobatics"],"picked":"Backflip","floor":28.0},{"not_picked":["Deflect","PiercingWail"],"picked":"Catalyst","floor":29.0},{"not_picked":["Quick Slash","Sucker Punch"],"picked":"Backflip","floor":31.0},{"not_picked":["Storm of Steel","Wraith Form"],"picked":"A Thousand Cuts","floor":33.0},{"not_picked":["Infinite Blades","Prepared"],"picked":"Dash","floor":35},{"not_picked":["Predator","Bane"],"picked":"Catalyst","floor":38},{"not_picked":["Sucker Punch","Underhanded Strike"],"picked":"Deflect","floor":41},{"not_picked":["Bouncing Flask","Flechettes"],"picked":"Slice","floor":44},{"not_picked":["Expertise","Dagger Throw"],"picked":"Dash","floor":45}],"player_experience":149529,"potions_floor_usage":[38,41,41,41,44,45,48,48,50,50,50],"damage_taken":[{"damage":0.0,"enemies":"Jaw Worm","floor":1.0,"turns":6.0},{"damage":0.0,"enemies":"Small Slimes","floor":2.0,"turns":3.0},{"damage":2.0,"enemies":"2 Louse","floor":3.0,"turns":3.0},{"damage":7.0,"enemies":"Gremlin Gang","floor":5.0,"turns":6.0},{"damage":22.0,"enemies":"Gremlin Nob","floor":7.0,"turns":4.0},{"damage":8.0,"enemies":"3 Louse","floor":8.0,"turns":3.0},{"damage":1.0,"enemies":"Exordium Thugs","floor":13.0,"turns":4.0},{"damage":2.0,"enemies":"3 Sentries","floor":14.0,"turns":7.0},{"damage":17.0,"enemies":"Slime Boss","floor":16.0,"turns":13.0},{"damage":9.0,"enemies":"Shell Parasite","floor":18.0,"turns":6.0},{"damage":0.0,"enemies":"Spheric Guardian","floor":19.0,"turns":7.0},{"damage":9.0,"enemies":"Cultist and Chosen","floor":20.0,"turns":5.0},{"damage":13.0,"enemies":"3 Cultists","floor":21.0,"turns":5.0},{"damage":11.0,"enemies":"Centurion and Healer","floor":28.0,"turns":8.0},{"damage":1.0,"enemies":"Snecko","floor":29.0,"turns":5.0},{"damage":7.0,"enemies":"Snake Plant","floor":31.0,"turns":5.0},{"damage":50.0,"enemies":"Automaton","floor":33.0,"turns":9.0},{"damage":3,"enemies":"3 Shapes","floor":35,"turns":5},{"damage":1,"enemies":"Orb Walker","floor":38,"turns":4},{"damage":4,"enemies":"Giant Head","floor":41,"turns":7},{"damage":20,"enemies":"3 Darklings","floor":44,"turns":7},{"damage":28,"enemies":"Maw","floor":45,"turns":8},{"damage":18,"enemies":"4 Shapes","floor":48,"turns":7},{"damage":73,"enemies":"Awakened One","floor":50,"turns":11}],"event_choices":[{"event_name":"Big Fish","player_choice":"Banana","floor":11.0,"damage_taken":0.0},{"event_name":"Addict","player_choice":"Obtained Relic","floor":22.0,"damage_taken":0.0},{"event_name":"The Joust","player_choice":"Bet on Owner","floor":24.0,"damage_taken":0.0},{"event_name":"Upgrade Shrine","player_choice":"Upgraded","floor":47,"damage_taken":0}],"boss_relics":[{"not_picked":["Velvet Choker","Snecko Eye"],"picked":"Eternal Feather"}],"potions_floor_spawned":[1,5,13,16,18,29,33,35,38,41,48],"seed_played":"-8793551931424556426","killed_by":"Awakened One","ascension_level":6,"is_trial":false}