{"path_per_floor":["M","?","M","M","?","E","M","R","T","E","R","$","M","M","R","B",null,"M","?","?","?","$","E","R","E","T","R","M","R","M","M","R"],"character_chosen":"IRONCLAD","items_purchased":["Master of Strategy","Thunderclap","Cleave","Battle Trance"],"gold_per_floor":[117,117,131,144,144,173,187,187,212,240,240,65,77,96,96,200,200,214,314,314,314,134,161,161,186,239,239,256,256,267,285,285],"floor_reached":33,"campfire_rested":6,"playtime":2289,"current_hp_per_floor":[72,72,63,59,64,50,42,65,65,48,71,71,65,63,63,37,77,77,77,77,63,63,26,50,22,22,46,42,66,43,31,55],"items_purged":[],"gold":285,"score":321,"play_id":"34c8799b-910b-4c73-97ce-b649ecfc0fe7","local_time":"20180317222906","is_prod":false,"is_daily":false,"is_ascension_mode":false,"campfire_upgraded":1,"timestamp":1521325746,"path_taken":["M","?","M","M","?","E","M","R","T","E","R","$","?","M","R","BOSS","M","?","?","?","?","E","R","E","T","R","M","R","M","M","R","BOSS"],"build_version":"2018-03-15v2","purchased_purges":0,"victory":false,"master_deck":["Strike_R","Strike_R","Strike_R","Strike_R","Strike_R","Defend_R","Defend_R","Defend_R","Defend_R","Bash","Thunderclap","Pommel Strike","Perfected Strike+1","Armaments","Second Wind","Cleave","Master of Strategy","Cleave","Reaper","Sword Boomerang","Thunderclap","Cleave","Battle Trance","Cleave","Whirlwind+1","Twin Strike+1","Dropkick","Perfected Strike"],"max_hp_per_floor":[72,72,72,72,77,77,77,77,77,77,77,77,77,77,77,77,77,77,77,77,82,82,82,82,82,82,82,82,82,82,82,82],"relics":["Burning Blood","Calipers","Paper Frog","Bronze Scales","Bird Faced Urn","Sozu","Pantograph","Magic Flower","Juzu Bracelet"],"card_choices":[{"not_picked":["Hemokinesis","Flex"],"picked":"Thunderclap"},{"not_picked":["Seeing Red","Sword Boomerang"],"picked":"Pommel Strike"},{"not_picked":["Twin Strike","Spot Weakness"],"picked":"Perfected Strike"},{"not_picked":["Juggernaut","Body Slam"],"picked":"Armaments"},{"not_picked":["Flex","Blood for Blood"],"picked":"Second Wind"},{"not_picked":["Feel No Pain","Armaments"],"picked":"Cleave"},{"not_picked":["Headbutt","Body Slam"],"picked":"Cleave"},{"not_picked":["Double Tap","Bludgeon"],"picked":"Reaper"},{"not_picked":["Flex","Body Slam"],"picked":"Sword Boomerang"},{"not_picked":["Clothesline","Sword Boomerang"],"picked":"Cleave"},{"not_picked":["Flame Barrier","Dual Wield"],"picked":"Whirlwind"},{"not_picked":["Perfected Strike","True Grit"],"picked":"Twin Strike"},{"not_picked":["Sever Soul","Searing Blow"],"picked":"Dropkick"},{"not_picked":["Shrug It Off","Headbutt"],"picked":"Perfected Strike"}],"player_experience":6285,"potions_floor_usage":[16,16,16],"damage_taken":[{"damage":1,"enemies":"Cultist","floor":1,"turns":3},{"damage":15,"enemies":"Jaw Worm","floor":3,"turns":5},{"damage":10,"enemies":"Small Slimes","floor":4,"turns":2},{"damage":20,"enemies":"Gremlin Nob","floor":6,"turns":4},{"damage":14,"enemies":"Blue Slaver","floor":7,"turns":3},{"damage":23,"enemies":"3 Sentries","floor":10,"turns":8},{"damage":12,"enemies":"3 Louse","floor":13,"turns":3},{"damage":8,"enemies":"Gremlin Gang","floor":14,"turns":3},{"damage":47,"enemies":"Hexaghost","floor":16,"turns":8},{"damage":5,"enemies":"3 Byrds","floor":18,"turns":3},{"damage":43,"enemies":"Slavers","floor":23,"turns":4},{"damage":34,"enemies":"Gremlin Leader","floor":25,"turns":6},{"damage":25,"enemies":"2 Thieves","floor":28,"turns":3},{"damage":38,"enemies":"Sentry and Sphere","floor":30,"turns":5},{"damage":21,"enemies":"Snake Plant","floor":31,"turns":2},{"damage":91,"enemies":"Automaton","floor":33,"turns":6}],"event_choices":[{"event_name":"Golden Wing","player_choice":"Ignored","floor":2,"damage_taken":0},{"event_name":"Big Fish","player_choice":"Donut","floor":5,"damage_taken":0},{"event_name":"Golden Shrine","player_choice":"Pray","floor":19,"damage_taken":0},{"event_name":"Drug Dealer","player_choice":"Ignored","floor":20,"damage_taken":0},{"event_name":"Forgotten Altar","player_choice":"Shed Blood","floor":21,"damage_taken":0}],"boss_relics":[{"not_picked":["Snecko Eye","Calling Bell"],"picked":"Sozu"}],"potions_floor_spawned":[1,4,13,18,28,30],"seed_played":"5243045031798779186","killed_by":"Automaton","ascension_level":0,"is_trial":false}