{"gold_per_floor":[113,263,276,166,181,208,219,244,270,16,16,16,16,35,35,110,110,121,121,121,121,121,121,149,74,98,18,45,45,55,75,75,75],"floor_reached":33,"playtime":1448,"items_purged":["Doubt","Strike_B"],"score":474,"play_id":"e5dab73b-8690-4e66-bc88-6b1a0da7d827","local_time":"20180922202537","is_ascension_mode":true,"campfire_choices":[{"floor":13,"key":"REST"},{"floor":15,"key":"REST"},{"floor":23,"key":"REST"},{"floor":29,"key":"REST"},{"floor":32,"key":"REST"}],"neow_cost":"NONE","seed_source_timestamp":631601420775923,"circlet_count":0,"master_deck":["Strike_B","Defend_B","Defend_B","Defend_B","Defend_B","Zap","Dualcast","AscendersBane","Compile Driver","Static Discharge","Ball Lightning","Thunder Strike+1","Coolheaded","Chill","Zap","Self Repair","Echo Form","Melter+1","Reinforced Body","Ball Lightning+1"],"relics":["Cracked Core","NeowsBlessing","Ancient Tea Set","Art of War","Omamori","Orichalcum","Cursed Key","Whetstone","Dream Catcher","Bronze Scales"],"potions_floor_usage":[6,8,16,30],"damage_taken":[{"damage":0,"enemies":"2 Louse","floor":1,"turns":1},{"damage":0,"enemies":"Jaw Worm","floor":3,"turns":1},{"damage":0,"enemies":"Cultist","floor":5,"turns":1},{"damage":40,"enemies":"3 Sentries","floor":6,"turns":8},{"damage":0,"enemies":"Exordium Wildlife","floor":7,"turns":3},{"damage":12,"enemies":"Gremlin Nob","floor":8,"turns":4},{"damage":0,"enemies":"Large Slime","floor":14,"turns":4},{"damage":34,"enemies":"Hexaghost","floor":16,"turns":9},{"damage":27,"enemies":"Shell Parasite","floor":18,"turns":5},{"damage":35,"enemies":"Colosseum Slavers","floor":22,"turns":5},{"damage":53,"enemies":"Book of Stabbing","floor":24,"turns":6},{"damage":3,"enemies":"3 Byrds","floor":30,"turns":2},{"damage":10,"enemies":"Centurion and Healer","floor":31,"turns":5},{"damage":88,"enemies":"Collector","floor":33,"turns":8}],"seed_played":"7928015313825826205","potions_obtained":[{"floor":5,"key":"FearPotion"},{"floor":6,"key":"Block Potion"},{"floor":14,"key":"PowerPotion"},{"floor":24,"key":"Strength Potion"}],"is_trial":false,"path_per_floor":["M","?","M","$","M","E","M","E","T","$","?","?","R","M","R","B",null,"M","?","?","$","?","R","E","?","T","$","T","R","M","M","R"],"character_chosen":"DEFECT","items_purchased":["Static Discharge","Orichalcum","Reinforced Body"],"campfire_rested":5,"item_purchase_floors":[4,10,27],"current_hp_per_floor":[64,64,64,64,64,24,24,12,12,12,12,5,26,26,47,20,58,38,81,73,73,52,76,37,37,37,37,37,61,58,62,81,0],"gold":75,"neow_bonus":"THREE_ENEMY_KILL","is_prod":false,"is_daily":false,"chose_seed":false,"campfire_upgraded":0,"win_rate":0,"timestamp":1537640737,"path_taken":["M","?","M","$","M","E","M","E","T","$","?","?","R","M","R","BOSS","M","?","?","$","?","R","E","?","T","$","?","R","M","M","R","BOSS"],"build_version":"2018-09-20","purchased_purges":2,"victory":false,"max_hp_per_floor":[71,71,71,71,71,71,71,71,71,71,71,71,71,71,71,71,71,71,81,81,81,81,81,81,81,81,81,81,81,81,81,81,81],"card_choices":[{"not_picked":["Leap","Turbo"],"picked":"Compile Driver","floor":1},{"not_picked":["Compile Driver","Sweeping Beam","Steam Power"],"picked":"SKIP","floor":3},{"not_picked":["Hyperbeam","Redo","Leap"],"picked":"SKIP","floor":5},{"not_picked":["Lockon","Reinforced Body"],"picked":"Ball Lightning","floor":6},{"not_picked":["Beam Cell","Sweeping Beam"],"picked":"Thunder Strike","floor":7},{"not_picked":["Go for the Eyes","Hello World"],"picked":"Coolheaded","floor":8},{"not_picked":["Leap","Rebound"],"picked":"Self Repair","floor":14},{"not_picked":["Biased Cognition","Amplify"],"picked":"Echo Form","floor":16},{"not_picked":["Turbo","Barrage+1"],"picked":"Melter","floor":18},{"not_picked":["Redo","Turbo","Beam Cell"],"picked":"SKIP","floor":24},{"not_picked":["Steam Power","Hello World","Sweeping Beam"],"picked":"SKIP","floor":30},{"not_picked":["Force Field","Aggregate"],"picked":"Ball Lightning+1","floor":31}],"player_experience":544693,"relics_obtained":[{"floor":6,"key":"Ancient Tea Set"},{"floor":8,"key":"Art of War"},{"floor":9,"key":"Omamori"},{"floor":24,"key":"Whetstone"},{"floor":26,"key":"Dream Catcher"},{"floor":28,"key":"Bronze Scales"}],"event_choices":[{"event_name":"Liars Game","player_choice":"agreed","floor":2,"damage_taken":0},{"event_name":"Match and Keep!","player_choice":"3 cards matched","floor":11,"damage_taken":0},{"event_name":"Golden Wing","player_choice":"Card Removal","floor":12,"damage_taken":0},{"event_name":"Bonfire Elementals","player_choice":"RARE","floor":19,"damage_taken":0},{"event_name":"Knowing Skull","player_choice":"","floor":20,"damage_taken":0},{"event_name":"Colosseum","player_choice":"Fight","floor":22,"damage_taken":0},{"event_name":"Colosseum","player_choice":"Fled From Nobs","floor":22,"damage_taken":0},{"event_name":"Beggar","player_choice":"Gave Gold","floor":25,"damage_taken":0}],"is_beta":false,"boss_relics":[{"not_picked":["Empty Cage","Runic Dome"],"picked":"Cursed Key"}],"items_purged_floors":[4,10],"is_endless":false,"potions_floor_spawned":[5,6,14,24],"killed_by":"Collector","ascension_level":15}