{"gold_per_floor":[114,64,64,64,37,72,72,98,98,98,113,147,147,227,227,325,325,345,174,194,194,213,244,244,273,296,296,306,321,351,351,351,351],"floor_reached":33,"playtime":1877,"items_purged":["Regret"],"score":541,"play_id":"3a9b898d-5003-4145-a188-393e20c9bc65","local_time":"20181227122920","is_ascension_mode":true,"campfire_choices":[{"floor":7,"key":"RECALL"},{"data":"Zap","floor":10,"key":"SMITH"},{"data":"Ball Lightning","floor":13,"key":"SMITH"},{"floor":15,"key":"REST"},{"data":"Electrodynamics","floor":27,"key":"SMITH"},{"floor":32,"key":"REST"}],"neow_cost":"NONE","seed_source_timestamp":657239326648976,"circlet_count":0,"master_deck":["AscendersBane","Strike_B","Strike_B","Strike_B","Defend_B","Defend_B","Defend_B","Defend_B","Zap+1","Dualcast","Coolheaded+1","Coolheaded+1","Conserve Battery+1","Ball Lightning+1","Blizzard","Electrodynamics+1","Leap+1","Ball Lightning","White Noise+1","Sweeping Beam+1","Steam+1","Writhe"],"relics":["Cracked Core","NeowsBlessing","Strawberry","Toxic Egg 2","PreservedInsect","Meat on the Bone","Nuclear Battery","Nilry\u0027s Codex","Pen Nib","Darkstone Periapt","Bag of Preparation","Tiny Chest","Juzu Bracelet"],"potions_floor_usage":[12,16,33,33],"damage_taken":[{"damage":0,"enemies":"Small Slimes","floor":1,"turns":1},{"damage":0,"enemies":"3 Sentries","floor":6,"turns":1},{"damage":0,"enemies":"Gremlin Nob","floor":8,"turns":1},{"damage":0,"enemies":"2 Louse","floor":11,"turns":2},{"damage":20,"enemies":"3 Sentries","floor":12,"turns":6},{"damage":24,"enemies":"Slime Boss","floor":16,"turns":9},{"damage":12,"enemies":"2 Thieves","floor":18,"turns":3},{"damage":7,"enemies":"Chosen","floor":20,"turns":4},{"damage":6,"enemies":"Snecko","floor":22,"turns":5},{"damage":26,"enemies":"Slavers","floor":23,"turns":4},{"damage":13,"enemies":"Gremlin Leader","floor":25,"turns":4},{"damage":2,"enemies":"Snake Plant","floor":28,"turns":3},{"damage":40,"enemies":"Shelled Parasite and Fungi","floor":29,"turns":6},{"damage":65,"enemies":"Champ","floor":33,"turns":12}],"seed_played":"3275671428403776021","potions_obtained":[{"floor":1,"key":"Dexterity Potion"},{"floor":8,"key":"AttackPotion"},{"floor":23,"key":"Energy Potion"},{"floor":25,"key":"SteroidPotion"},{"floor":29,"key":"AttackPotion"}],"is_trial":false,"path_per_floor":["M","?","?","?","$","E","R","E","T","R","M","E","R","?","R","B",null,"M","$","M","?","M","E","?","E","T","R","M","M","?","T","R","B"],"character_chosen":"DEFECT","items_purchased":["Coolheaded+1","Leap+1","Ball Lightning"],"campfire_rested":2,"item_purchase_floors":[5,19,19],"current_hp_per_floor":[68,68,63,63,63,63,63,63,63,63,63,43,43,43,67,43,72,60,60,53,37,43,29,56,43,43,43,53,25,31,31,57,0],"gold":351,"neow_bonus":"THREE_ENEMY_KILL","is_prod":false,"is_daily":false,"chose_seed":false,"campfire_upgraded":3,"win_rate":0,"timestamp":1545935360,"path_taken":["M","?","?","?","$","E","R","E","T","R","M","E","R","?","R","BOSS","M","$","M","?","M","E","?","E","T","R","M","?","?","?","R","BOSS"],"build_version":"2018-12-20","purchased_purges":1,"victory":false,"max_hp_per_floor":[75,75,82,82,82,82,82,82,82,82,82,82,82,82,82,82,82,82,82,82,82,82,82,82,82,82,82,82,82,88,88,88,88],"card_choices":[{"not_picked":["Steam Power","Consume","Beam Cell"],"picked":"SKIP","floor":1},{"not_picked":["Go for the Eyes","Rebound"],"picked":"Coolheaded+1","floor":6},{"not_picked":["Fusion+1","Double Energy+1"],"picked":"Conserve Battery+1","floor":8},{"not_picked":["Doom and Gloom","Darkness+1"],"picked":"Ball Lightning","floor":11},{"not_picked":["Compile Driver","Streamline"],"picked":"Blizzard","floor":12},{"not_picked":["Machine Learning","Multi-Cast+1"],"picked":"Electrodynamics","floor":16},{"not_picked":["Turbo+1","Redo+1","Sweeping Beam"],"picked":"SKIP","floor":18},{"not_picked":["Doom and Gloom","Coolheaded+1"],"picked":"White Noise+1","floor":20},{"not_picked":["Rip and Tear","Conserve Battery+1","Reinforced Body+1"],"picked":"SKIP","floor":22},{"not_picked":["Leap+1","Rainbow+1"],"picked":"Sweeping Beam+1","floor":23},{"not_picked":["Chaos+1","Leap+1","Compile Driver"],"picked":"SKIP","floor":25},{"not_picked":["Leap+1","Rebound","Streamline"],"picked":"SKIP","floor":28},{"not_picked":["Redo+1","Darkness+1"],"picked":"Steam+1","floor":29}],"player_experience":303956,"relics_obtained":[{"floor":6,"key":"PreservedInsect"},{"floor":12,"key":"Meat on the Bone"},{"floor":21,"key":"Nilry\u0027s Codex"},{"floor":23,"key":"Pen Nib"},{"floor":25,"key":"Darkstone Periapt"},{"floor":26,"key":"Bag of Preparation"},{"floor":31,"key":"Juzu Bracelet"}],"event_choices":[{"cards_removed":["Strike_B"],"damage_healed":0,"gold_gain":0,"player_choice":"Card Removal","damage_taken":0,"max_hp_gain":0,"max_hp_loss":0,"event_name":"The Cleric","floor":2,"gold_loss":50},{"damage_healed":0,"gold_gain":0,"player_choice":"Success","damage_taken":12,"relics_obtained":["Strawberry"],"max_hp_gain":0,"max_hp_loss":0,"event_name":"Scrap Ooze","floor":3,"gold_loss":0},{"damage_healed":0,"gold_gain":0,"player_choice":"Box","damage_taken":0,"relics_obtained":["Toxic Egg 2"],"max_hp_gain":0,"max_hp_loss":0,"event_name":"Big Fish","floor":4,"gold_loss":0,"cards_obtained":["Regret"]},{"damage_healed":0,"gold_gain":80,"player_choice":"Gained Gold","damage_taken":0,"max_hp_gain":0,"max_hp_loss":0,"event_name":"Golden Wing","floor":14,"gold_loss":0},{"damage_healed":0,"gold_gain":0,"player_choice":"Obtained Book","damage_taken":16,"max_hp_gain":0,"max_hp_loss":0,"event_name":"Cursed Tome","floor":21,"gold_loss":0},{"damage_healed":27,"gold_gain":0,"player_choice":"Heal","damage_taken":0,"max_hp_gain":0,"max_hp_loss":0,"event_name":"The Library","floor":24,"gold_loss":0},{"damage_healed":0,"gold_gain":0,"player_choice":"Opened","damage_taken":0,"relics_obtained":["Tiny Chest"],"max_hp_gain":0,"max_hp_loss":0,"event_name":"The Mausoleum","floor":30,"gold_loss":0,"cards_obtained":["Writhe"]}],"is_beta":false,"boss_relics":[{"not_picked":["Calling Bell","Tiny House"],"picked":"Nuclear Battery"}],"items_purged_floors":[19],"is_endless":false,"potions_floor_spawned":[1,8,23,25,29],"killed_by":"Champ","ascension_level":11}