{"gold_per_floor":[117,42,42,57,13,13,33,47,99,99,127,147,147,162,162,241,241,257,274,224,253,253],"floor_reached":22,"playtime":1329,"items_purged":[],"score":334,"play_id":"079261cb-19fc-487a-aeae-dc84224adc8b","local_time":"20180924235937","is_ascension_mode":true,"campfire_choices":[{"floor":6,"key":"REST"},{"data":"Self Repair","floor":10,"key":"SMITH"},{"data":"Dualcast","floor":13,"key":"SMITH"},{"data":"Rip and Tear","floor":15,"key":"SMITH"}],"neow_cost":"NONE","seed_source_timestamp":817363357115062,"circlet_count":0,"master_deck":["Strike_B","Strike_B","Strike_B","Defend_B","Defend_B","Defend_B","Defend_B","Zap+1","Dualcast+1","AscendersBane","Beam Cell","Self Repair+1","Beam Cell","Rip and Tear+1","Glacier+1","Sweeping Beam","Sweeping Beam","Electrodynamics","Glacier","Hologram+1"],"relics":["Cracked Core","Centennial Puzzle","Odd Mushroom","Sozu","Red Mask"],"potions_floor_usage":[8,8],"damage_taken":[{"damage":3,"enemies":"2 Louse","floor":1,"turns":2},{"damage":14,"enemies":"Small Slimes","floor":4,"turns":3},{"damage":0,"enemies":"Cultist","floor":7,"turns":3},{"damage":7,"enemies":"Large Slime","floor":8,"turns":3},{"damage":32,"enemies":"The Mushroom Lair","floor":11,"turns":3},{"damage":3,"enemies":"3 Louse","floor":12,"turns":2},{"damage":0,"enemies":"Red Slaver","floor":14,"turns":4},{"damage":23,"enemies":"The Guardian","floor":16,"turns":15},{"damage":39,"enemies":"3 Byrds","floor":18,"turns":3},{"damage":18,"enemies":"2 Thieves","floor":19,"turns":4},{"damage":18,"enemies":"Masked Bandits","floor":21,"turns":4},{"damage":22,"enemies":"Centurion and Healer","floor":22,"turns":6}],"seed_played":"6963368408153939144","potions_obtained":[{"floor":4,"key":"AttackPotion"},{"floor":7,"key":"Strength Potion"}],"is_trial":false,"path_per_floor":["M","?","$","M","$","R","M","M","T","R","?","M","R","M","R","B",null,"M","M","?","?"],"character_chosen":"DEFECT","items_purchased":["Self Repair"],"campfire_rested":1,"item_purchase_floors":[5],"current_hp_per_floor":[61,61,61,47,47,68,71,71,71,71,49,56,56,66,66,53,67,38,30,30,22,0],"gold":253,"neow_bonus":"UPGRADE_CARD","is_prod":false,"is_daily":false,"chose_seed":false,"campfire_upgraded":3,"win_rate":0,"timestamp":1537826377,"path_taken":["M","?","$","M","$","R","M","M","T","R","?","M","R","M","R","BOSS","M","M","?","?","?"],"build_version":"2018-09-20","purchased_purges":0,"victory":false,"max_hp_per_floor":[71,71,71,71,71,71,71,71,71,71,71,71,71,71,71,71,71,71,71,71,71,71],"card_choices":[{"not_picked":["Coolheaded","Barrage"],"picked":"Beam Cell","floor":1},{"not_picked":["Turbo","Barrage","Rebound"],"picked":"SKIP","floor":4},{"not_picked":["Force Field","Double Energy"],"picked":"Beam Cell","floor":7},{"not_picked":["Undo","Hologram"],"picked":"Rip and Tear","floor":8},{"not_picked":["Hologram","Gash"],"picked":"Glacier","floor":11},{"not_picked":["Darkness","Steam"],"picked":"Sweeping Beam","floor":12},{"not_picked":["Redo","Skim"],"picked":"Sweeping Beam","floor":14},{"not_picked":["Seek","Rainbow"],"picked":"Electrodynamics","floor":16},{"not_picked":["Aggregate","Skim","Go for the Eyes"],"picked":"SKIP","floor":18},{"not_picked":["Reprogram","Genetic Algorithm"],"picked":"Glacier","floor":19},{"not_picked":["Steam Power","Stack"],"picked":"Hologram+1","floor":21}],"player_experience":651358,"relics_obtained":[{"floor":9,"key":"Centennial Puzzle"},{"floor":11,"key":"Odd Mushroom"},{"floor":21,"key":"Red Mask"}],"event_choices":[{"event_name":"The Cleric","player_choice":"Card Removal","floor":2,"damage_taken":0},{"event_name":"Mushrooms","player_choice":"Fought Mushrooms","floor":11,"damage_taken":0},{"event_name":"Designer","player_choice":"Upgrade Card","floor":20,"damage_taken":0},{"event_name":"Masked Bandits","player_choice":"Fought Bandits","floor":21,"damage_taken":0}],"is_beta":false,"boss_relics":[{"not_picked":["Calling Bell","Inserter"],"picked":"Sozu"}],"items_purged_floors":[],"is_endless":false,"potions_floor_spawned":[4,7,21],"killed_by":"Centurion and Healer","ascension_level":18}