{"gold_per_floor":[114,129,129,144,159,159,189,204,204,204,234,249,249,199,199,299,299,314,314,314,314,413,443,458,473,473,473,488,488,33,63,63,163,163,178,193,208,108,123,153,153,168,168,30,30,60,2,17,17,17],"floor_reached":51,"playtime":1915,"items_purged":["Strike_R"],"score":832,"play_id":"cf095fb8-5518-4f81-8e33-1c1c0b4551e8","local_time":"20181007201535","daily_mods":["Chimera","Vintage","Careless"],"is_ascension_mode":false,"campfire_choices":[{"floor":6,"key":"REST"},{"data":"Zap","floor":10,"key":"SMITH"},{"floor":15,"key":"REST"},{"floor":27,"key":"REST"},{"floor":29,"key":"REST"},{"floor":32,"key":"REST"},{"floor":45,"key":"REST"},{"floor":49,"key":"REST"}],"neow_cost":"","seed_source_timestamp":0,"circlet_count":0,"master_deck":["Bash+1","Survivor","Zap+1","Strike_B+1","Defend_R","Defend_G","Defend_B","Sunder+1","Defragment+1","Creative AI","Zap","Beam Cell+1","Defragment","Ball Lightning+1","Rainbow","Defragment+1","Fusion+1","Panacea","Defragment"],"special_seed":17812,"relics":["Cracked Core","Gambling Chip","Smiling Mask","Molten Egg 2","Ornamental Fan","Strawberry","Darkstone Periapt","Dodecahedron","Lantern","Mummified Hand","Omamori","Runic Dome","Pocketwatch","Enchiridion","Sundial","Bronze Scales","DataDisk","Mercury Hourglass","Singing Bowl","Membership Card","Ice Cream","Blood Vial","Inserter","Letter Opener","Regal Pillow","Art of War","DollysMirror","Cables","Bottled Flame","Bag of Marbles","Turnip","Frozen Eye","WingedGreaves","Girya","Bag of Preparation"],"potions_floor_usage":[25,31,33,50,50],"damage_taken":[{"damage":10,"enemies":"Small Slimes","floor":1,"turns":3},{"damage":3,"enemies":"Jaw Worm","floor":2,"turns":4},{"damage":0,"enemies":"Cultist","floor":4,"turns":3},{"damage":7,"enemies":"3 Louse","floor":5,"turns":3},{"damage":15,"enemies":"Gremlin Nob","floor":7,"turns":4},{"damage":0,"enemies":"Blue Slaver","floor":8,"turns":3},{"damage":13,"enemies":"3 Sentries","floor":11,"turns":6},{"damage":5,"enemies":"Gremlin Gang","floor":12,"turns":3},{"damage":16,"enemies":"Slime Boss","floor":16,"turns":4},{"damage":8,"enemies":"Shell Parasite","floor":18,"turns":3},{"damage":27,"enemies":"Gremlin Leader","floor":23,"turns":4},{"damage":0,"enemies":"Spheric Guardian","floor":24,"turns":2},{"damage":10,"enemies":"Shelled Parasite and Fungi","floor":25,"turns":3},{"damage":6,"enemies":"Cultist and Chosen","floor":28,"turns":2},{"damage":23,"enemies":"Slavers","floor":31,"turns":2},{"damage":18,"enemies":"Automaton","floor":33,"turns":5},{"damage":10,"enemies":"3 Darklings","floor":35,"turns":4},{"damage":0,"enemies":"3 Shapes","floor":36,"turns":3},{"damage":6,"enemies":"Spire Growth","floor":37,"turns":3},{"damage":0,"enemies":"Transient","floor":39,"turns":5},{"damage":40,"enemies":"2 Orb Walkers","floor":40,"turns":3},{"damage":6,"enemies":"Reptomancer","floor":42,"turns":3},{"damage":38,"enemies":"Giant Head","floor":46,"turns":6},{"damage":0,"enemies":"Maw","floor":48,"turns":5},{"damage":64,"enemies":"Time Eater","floor":50,"turns":4}],"seed_played":"7730725528943051246","potions_obtained":[{"floor":1,"key":"Ancient Potion"},{"floor":5,"key":"FocusPotion"},{"floor":7,"key":"Block Potion"},{"floor":24,"key":"EssenceOfSteel"},{"floor":25,"key":"FairyPotion"},{"floor":33,"key":"PowerPotion"},{"floor":35,"key":"PowerPotion"}],"is_trial":false,"path_per_floor":["M","M","?","M","M","R","E","M","T","R","E","M","?","$","R","B",null,"M","?","?","?","?","E","M","M","T","R","M","R","$","E","R","B",null,"M","M","M","$","M","E","?","M","T","$","R","E","?","M","R","B"],"character_chosen":"DEFECT","items_purchased":["Defragment","Membership Card","Ice Cream","Ball Lightning+1","DollysMirror","Defragment","Frozen Eye"],"campfire_rested":7,"item_purchase_floors":[30,30,30,30,38,44,44],"current_hp_per_floor":[65,62,47,47,40,62,54,54,54,54,41,36,36,36,60,44,82,74,58,58,58,58,31,31,21,21,45,39,63,63,42,67,49,84,74,76,72,72,74,36,36,32,32,32,72,38,38,40,80,18],"gold":17,"neow_bonus":"","is_prod":false,"is_daily":true,"chose_seed":false,"campfire_upgraded":1,"win_rate":0,"timestamp":1538968535,"path_taken":["M","M","?","M","M","R","E","M","T","R","E","M","?","$","R","BOSS","M","?","?","?","?","E","?","M","T","R","?","R","$","E","R","BOSS","M","?","M","$","M","E","?","M","T","$","R","E","?","M","R","BOSS"],"build_version":"2018-10-04v2","purchased_purges":1,"victory":true,"max_hp_per_floor":[75,75,75,75,75,75,82,82,82,82,82,82,82,82,82,82,82,82,82,82,82,82,82,82,82,82,82,82,82,82,84,84,84,84,84,84,84,84,84,84,84,84,84,84,84,86,86,86,86,86],"card_choices":[{"not_picked":["Recycle","Steam"],"picked":"Sunder+1","floor":7},{"not_picked":["Glacier","Sunder+1"],"picked":"Defragment","floor":11},{"not_picked":["Machine Learning","Blizzard+1"],"picked":"Beam Cell+1","floor":23},{"not_picked":["Melter+1","Reprogram","Redo+1"],"picked":"Singing Bowl","floor":31},{"not_picked":["Biased Cognition","Meteor Strike+1"],"picked":"Rainbow","floor":33},{"not_picked":["Sweeping Beam+1","Steam"],"picked":"Fusion+1","floor":40},{"not_picked":["Forethought","Discovery"],"picked":"Panacea","floor":41},{"not_picked":["Leap","Conserve Battery","Hologram+1"],"picked":"Singing Bowl","floor":46}],"player_experience":489718,"relics_obtained":[{"floor":1,"key":"Gambling Chip"},{"floor":2,"key":"Smiling Mask"},{"floor":4,"key":"Molten Egg 2"},{"floor":5,"key":"Ornamental Fan"},{"floor":7,"key":"Strawberry"},{"floor":8,"key":"Darkstone Periapt"},{"floor":9,"key":"Dodecahedron"},{"floor":11,"key":"Lantern"},{"floor":12,"key":"Mummified Hand"},{"floor":16,"key":"Omamori"},{"floor":18,"key":"Pocketwatch"},{"floor":19,"key":"Enchiridion"},{"floor":23,"key":"Sundial"},{"floor":24,"key":"Bronze Scales"},{"floor":25,"key":"DataDisk"},{"floor":26,"key":"Mercury Hourglass"},{"floor":28,"key":"Singing Bowl"},{"floor":33,"key":"Blood Vial"},{"floor":35,"key":"Letter Opener"},{"floor":36,"key":"Regal Pillow"},{"floor":37,"key":"Art of War"},{"floor":39,"key":"Cables"},{"floor":40,"key":"Bottled Flame"},{"floor":42,"key":"Bag of Marbles"},{"floor":43,"key":"Turnip"},{"floor":46,"key":"WingedGreaves"},{"floor":48,"key":"Bag of Preparation"}],"event_choices":[{"event_name":"Shining Light","player_choice":"Entered Light","floor":3,"damage_taken":0},{"event_name":"Living Wall","player_choice":"Grow","floor":13,"damage_taken":0},{"event_name":"Cursed Tome","player_choice":"Obtained Book","floor":19,"damage_taken":0},{"event_name":"Transmorgrifier","player_choice":"Transform","floor":20,"damage_taken":0},{"event_name":"Match and Keep!","player_choice":"1 cards matched","floor":21,"damage_taken":0},{"event_name":"Nest","player_choice":"Stole From Cult","floor":22,"damage_taken":0},{"event_name":"SensoryStone","player_choice":"Memory 1","floor":41,"damage_taken":0},{"event_name":"WeMeetAgain","player_choice":"Gold","floor":47,"damage_taken":0}],"is_beta":false,"boss_relics":[{"not_picked":["Lizard Tail","Runic Pyramid"],"picked":"Runic Dome"},{"not_picked":["Snecko Eye","Pandora\u0027s Box"],"picked":"Inserter"}],"items_purged_floors":[14],"is_endless":false,"potions_floor_spawned":[1,5,7,11,24,25,28,33,35,37,46,48],"ascension_level":0}