{"gold_per_floor":[111,122,1,1,1,32,32,65,90,100,100,167,167,392,392,495,495,513,563,286,336,349,349,376,376,376,402,41,66,66,116,116,214,214,234,284,334,102,122,154,154,304,374,400,805,855,163,213,213,213],"floor_reached":51,"playtime":2528,"items_purged":["Impatience","Doubt","Regret"],"score":1132,"play_id":"630e9971-022e-43c7-aedf-6b759d7b9d10","local_time":"20181127203459","is_ascension_mode":true,"campfire_choices":[{"data":"Metallicize","floor":7,"key":"SMITH"},{"data":"Uppercut","floor":13,"key":"SMITH"},{"floor":15,"key":"REST"},{"floor":23,"key":"REST"},{"data":"1","floor":25,"key":"LIFT"},{"floor":32,"key":"REST"},{"data":"2","floor":41,"key":"LIFT"},{"floor":49,"key":"REST"}],"neow_cost":"NONE","seed_source_timestamp":0,"circlet_count":0,"master_deck":["Strike_R","Strike_R","Strike_R","Strike_R","Defend_R","Defend_R","Defend_R","Defend_R","Bash","Metallicize+1","Dropkick","Armaments+1","Battle Trance","Uppercut+1","Pummel","Shrug It Off","Feed+1","Double Tap","Feed+1","Madness","Madness","Metallicize","Pummel+1"],"special_seed":0,"relics":["Burning Blood","SsserpentHead","Bag of Marbles","Prayer Wheel","Red Skull","Busted Crown","Matryoshka","Pen Nib","Girya","Anchor","Letter Opener","Oddly Smooth Stone","Champion Belt","Centennial Puzzle","Nilry\u0027s Codex","Cursed Key","Lee\u0027s Waffle","Whetstone","WingedGreaves","Bottled Tornado","Question Card","Lantern","Old Coin","Turnip","Bottled Flame"],"potions_floor_usage":[8,16,22,50,50],"damage_taken":[{"damage":6,"enemies":"Cultist","floor":1,"turns":3},{"damage":14,"enemies":"Small Slimes","floor":2,"turns":4},{"damage":22,"enemies":"Gremlin Nob","floor":6,"turns":5},{"damage":23,"enemies":"Lagavulin","floor":8,"turns":6},{"damage":0,"enemies":"2 Louse","floor":10,"turns":2},{"damage":10,"enemies":"Exordium Thugs","floor":12,"turns":4},{"damage":40,"enemies":"Hexaghost","floor":16,"turns":10},{"damage":15,"enemies":"Spheric Guardian","floor":18,"turns":4},{"damage":11,"enemies":"3 Byrds","floor":22,"turns":4},{"damage":26,"enemies":"Gremlin Leader","floor":24,"turns":6},{"damage":16,"enemies":"Slavers","floor":27,"turns":5},{"damage":17,"enemies":"Gremlin Leader","floor":29,"turns":4},{"damage":21,"enemies":"Champ","floor":33,"turns":10},{"damage":0,"enemies":"Orb Walker","floor":35,"turns":2},{"damage":19,"enemies":"3 Shapes","floor":39,"turns":6},{"damage":27,"enemies":"Nemesis","floor":40,"turns":7},{"damage":12,"enemies":"Mind Bloom Boss Battle","floor":42,"turns":4},{"damage":12,"enemies":"Giant Head","floor":44,"turns":7},{"damage":10,"enemies":"2 Orb Walkers","floor":45,"turns":3},{"damage":42,"enemies":"Donu and Deca","floor":50,"turns":9}],"seed_played":"188748369676983726","potions_obtained":[{"floor":2,"key":"SteroidPotion"},{"floor":8,"key":"Ancient Potion"},{"floor":12,"key":"LiquidBronze"},{"floor":16,"key":"SneckoOil"},{"floor":18,"key":"FearPotion"},{"floor":33,"key":"FearPotion"},{"floor":35,"key":"LiquidBronze"}],"is_trial":false,"path_per_floor":["M","M","$","?","?","E","R","E","T","M","$","M","R","?","R","B",null,"M","?","$","?","M","R","E","R","T","E","$","E","$","?","R","B",null,"M","?","?","$","M","E","R","?","T","E","?","?","$","?","R","B",null],"character_chosen":"IRONCLAD","items_purchased":["Armaments","Pen Nib","Double Tap","Champion Belt","Feed","Metallicize","Lee\u0027s Waffle","Turnip","Bottled Flame"],"campfire_rested":4,"item_purchase_floors":[3,20,20,28,28,38,38,47,47],"current_hp_per_floor":[80,72,72,72,72,56,56,39,39,45,45,41,41,41,65,31,80,71,71,71,56,54,80,60,60,60,50,50,39,39,23,49,34,88,88,77,77,95,89,68,68,62,62,56,60,60,60,60,93,61],"gold":213,"neow_bonus":"RANDOM_COLORLESS","is_prod":false,"is_daily":false,"chose_seed":false,"campfire_upgraded":2,"win_rate":0,"timestamp":1543379699,"path_taken":["M","M","$","?","?","E","R","E","T","M","$","?","R","?","R","BOSS","M","?","?","?","M","R","E","R","T","E","$","E","$","?","R","BOSS","M","?","?","$","M","E","R","?","T","E","?","?","$","?","R","BOSS"],"build_version":"2018-11-15","purchased_purges":3,"victory":true,"max_hp_per_floor":[80,80,80,80,80,80,80,80,80,80,80,80,80,80,80,80,80,80,80,80,85,88,88,88,88,88,88,88,88,88,88,88,88,88,88,88,88,95,102,102,102,102,102,102,110,110,110,110,110,114],"card_choices":[{"not_picked":["Hemokinesis","Thunderclap"],"picked":"Metallicize","floor":1},{"not_picked":["Infernal Blade","Clash"],"picked":"Dropkick","floor":2},{"not_picked":["Cleave","Dual Wield","Demon Form"],"picked":"SKIP","floor":6},{"not_picked":["Twin Strike","Blood for Blood","Burning Pact"],"picked":"SKIP","floor":8},{"not_picked":["Wild Strike","Perfected Strike"],"picked":"Battle Trance","floor":10},{"not_picked":["Thunderclap","Warcry"],"picked":"Uppercut","floor":10},{"not_picked":["Dual Wield","Bloodletting"],"picked":"Pummel","floor":12},{"not_picked":["Dual Wield","Perfected Strike"],"picked":"Shrug It Off","floor":12},{"not_picked":["Immolate","Berserk"],"picked":"Feed","floor":16},{"not_picked":["True Grit"],"picked":"SKIP","floor":18},{"not_picked":["Anger"],"picked":"SKIP","floor":18},{"not_picked":["Twin Strike+1"],"picked":"SKIP","floor":22},{"not_picked":["Cleave"],"picked":"SKIP","floor":22},{"not_picked":["Warcry"],"picked":"SKIP","floor":24},{"not_picked":["Bloodletting"],"picked":"SKIP","floor":27},{"not_picked":["Rage"],"picked":"SKIP","floor":29},{"not_picked":["Hemokinesis+1"],"picked":"SKIP","floor":35},{"not_picked":["Sentinel+1"],"picked":"SKIP","floor":35},{"not_picked":["Warcry+1"],"picked":"SKIP","floor":39},{"not_picked":["Havoc"],"picked":"SKIP","floor":39},{"not_picked":["Second Wind"],"picked":"SKIP","floor":40},{"not_picked":["Fire Breathing"],"picked":"Pummel+1","floor":44}],"player_experience":548444,"relics_obtained":[{"floor":6,"key":"Bag of Marbles"},{"floor":8,"key":"Prayer Wheel"},{"floor":9,"key":"Red Skull"},{"floor":19,"key":"Matryoshka"},{"floor":24,"key":"Girya"},{"floor":26,"key":"Anchor"},{"floor":26,"key":"Letter Opener"},{"floor":27,"key":"Oddly Smooth Stone"},{"floor":29,"key":"Centennial Puzzle"},{"floor":31,"key":"Nilry\u0027s Codex"},{"floor":40,"key":"Whetstone"},{"floor":42,"key":"WingedGreaves"},{"floor":43,"key":"Bottled Tornado"},{"floor":43,"key":"Question Card"},{"floor":44,"key":"Lantern"},{"floor":45,"key":"Old Coin"}],"event_choices":[{"damage_healed":0,"gold_gain":0,"player_choice":"Grow","damage_taken":0,"max_hp_gain":0,"max_hp_loss":0,"event_name":"Living Wall","floor":4,"gold_loss":0,"cards_upgraded":["Armaments"]},{"damage_healed":0,"gold_gain":0,"player_choice":"Trade","damage_taken":0,"relics_obtained":["SsserpentHead"],"max_hp_gain":0,"max_hp_loss":0,"event_name":"FaceTrader","floor":5,"gold_loss":0},{"damage_healed":0,"gold_gain":175,"player_choice":"AGREE","damage_taken":0,"max_hp_gain":0,"max_hp_loss":0,"event_name":"Liars Game","floor":14,"gold_loss":0,"cards_obtained":["Doubt"]},{"damage_healed":0,"gold_gain":0,"player_choice":"Relic","damage_taken":0,"max_hp_gain":0,"max_hp_loss":0,"event_name":"Wheel of Change","floor":19,"gold_loss":0},{"damage_healed":0,"gold_gain":0,"player_choice":"Shed Blood","damage_taken":20,"max_hp_gain":5,"max_hp_loss":0,"event_name":"Forgotten Altar","floor":21,"gold_loss":0},{"damage_healed":0,"gold_gain":0,"player_choice":"Obtained Book","damage_taken":16,"max_hp_gain":0,"max_hp_loss":0,"event_name":"Cursed Tome","floor":31,"gold_loss":0},{"damage_healed":0,"gold_gain":0,"player_choice":"Embrace Madness","damage_taken":11,"max_hp_gain":0,"max_hp_loss":0,"event_name":"Winding Halls","floor":36,"gold_loss":0,"cards_obtained":["Madness","Madness"]},{"cards_removed":["Strike_R"],"damage_healed":0,"gold_gain":0,"player_choice":"Removed Attack","damage_taken":0,"max_hp_gain":0,"max_hp_loss":0,"event_name":"Falling","floor":37,"gold_loss":0},{"damage_healed":0,"gold_gain":0,"player_choice":"Fight","damage_taken":0,"max_hp_gain":0,"max_hp_loss":0,"event_name":"MindBloom","floor":42,"gold_loss":0},{"damage_healed":0,"gold_gain":0,"player_choice":"Fight","damage_taken":0,"max_hp_gain":0,"max_hp_loss":0,"event_name":"Mysterious Sphere","floor":45,"gold_loss":0},{"damage_healed":0,"gold_gain":0,"player_choice":"Ignored","damage_taken":0,"max_hp_gain":0,"max_hp_loss":0,"event_name":"Tomb of Lord Red Mask","floor":46,"gold_loss":0},{"damage_healed":0,"gold_gain":0,"player_choice":"Memory 1","damage_taken":0,"max_hp_gain":0,"max_hp_loss":0,"event_name":"SensoryStone","floor":48,"gold_loss":0}],"is_beta":false,"boss_relics":[{"not_picked":["Black Star","Velvet Choker"],"picked":"Busted Crown"},{"not_picked":["Astrolabe","Empty Cage"],"picked":"Cursed Key"}],"items_purged_floors":[3,20,47],"is_endless":false,"potions_floor_spawned":[2,8,12,16,18,33,35,44],"ascension_level":1}