{"path_per_floor":["M","?","M","M","?","E","R","E","T","M","E","M","?","M","R","B",null,"M","?","$","?","?","R","E","M","T","E","M","R","E","M","R","B",null,"M","M","?","$","?","R","M","R","T","?","?","E","R","?","R"],"character_chosen":"DEFECT","items_purchased":["Thread and Needle","DataDisk"],"gold_per_floor":[109,109,128,142,142,168,168,198,224,238,269,282,282,297,297,398,398,417,417,31,31,31,31,56,70,95,121,137,137,166,176,176,281,281,300,320,320,68,115,115,126,126,174,174,0,35,35,35,35,35],"floor_reached":50,"campfire_rested":4,"playtime":2371,"item_purchase_floors":[20,38],"current_hp_per_floor":[73,78,78,78,78,76,76,56,56,53,44,30,14,6,30,30,80,68,68,68,52,52,52,68,68,68,46,46,46,47,36,36,12,104,95,97,84,84,50,50,39,70,70,60,60,34,67,67,100,0],"items_purged":["Strike_B","Defend_B"],"gold":35,"score":735,"play_id":"4634bd8d-a46a-4b86-89f6-4047a1cf3899","local_time":"20180531005321","is_prod":false,"is_daily":false,"chose_seed":false,"is_ascension_mode":true,"campfire_upgraded":5,"win_rate":0,"timestamp":1527742401,"campfire_choices":[{"data":"Dualcast","floor":7,"key":"SMITH"},{"floor":15,"key":"REST"},{"data":"Double Energy","floor":23,"key":"SMITH"},{"data":"Reboot","floor":29,"key":"SMITH"},{"data":"Go for the Eyes","floor":32,"key":"SMITH"},{"data":"Beam Cell","floor":40,"key":"SMITH"},{"floor":42,"key":"REST"},{"floor":47,"key":"REST"},{"floor":49,"key":"REST"}],"path_taken":["M","?","M","M","?","E","R","E","T","?","E","M","?","M","R","BOSS","M","?","$","?","?","R","E","M","T","E","M","R","E","M","R","BOSS","M","M","?","$","?","R","M","R","T","?","?","E","R","?","R","BOSS"],"build_version":"2018-05-30","seed_source_timestamp":211713130513087,"purchased_purges":2,"victory":false,"master_deck":["Strike_B","Strike_B+1","Strike_B+1","Defend_B+1","Defend_B+1","Defend_B","Zap+1","Dualcast+1","Go for the Eyes+1","Doom and Gloom+1","FTL","Core Surge","Lockon","Beam Cell+1","Fusion+1","Double Energy+1","Machine Learning","Consume","Self Repair","Rebound+1","Reboot+1","Core Surge","Madness","Madness","Hello World+1","Deep Breath","Flash of Steel","Flash of Steel","Recycle"],"max_hp_per_floor":[75,80,80,80,80,80,80,80,80,80,80,80,80,80,80,80,80,80,80,80,80,80,80,94,94,94,94,94,94,104,104,104,104,104,104,104,104,104,104,104,104,104,104,104,104,111,111,111,111,111],"relics":["Cracked Core","Vajra","War Paint","Whetstone","Juzu Bracelet","Black Star","Thread and Needle","Nilry\u0027s Codex","Calipers","Mango","Art of War","Blood Vial","Orichalcum","Pear","Pantograph","Inserter","DataDisk","Unceasing Top","Happy Flower","Red Mask","Bag of Marbles","Strawberry"],"card_choices":[{"not_picked":["Steam","Redo"],"picked":"Go for the Eyes","floor":1},{"not_picked":["Tempest","Melter"],"picked":"Doom and Gloom","floor":3},{"not_picked":["Conserve Battery","Double Energy"],"picked":"FTL","floor":4},{"not_picked":["Barrage","Turbo"],"picked":"Core Surge","floor":6},{"not_picked":["Ball Lightning","Doom and Gloom"],"picked":"Lockon","floor":8},{"not_picked":["Loop","Streamline"],"picked":"Beam Cell","floor":10},{"not_picked":["Storm","Skim"],"picked":"Fusion","floor":11},{"not_picked":["Turbo","Cold Snap"],"picked":"Static Discharge","floor":12},{"not_picked":["Coolheaded","Sweeping Beam"],"picked":"Double Energy","floor":14},{"not_picked":["Buffer","Hyperbeam"],"picked":"Machine Learning","floor":16},{"not_picked":["Melter","Stack"],"picked":"Consume","floor":18},{"not_picked":["Hologram","Streamline"],"picked":"Rebound+1","floor":24},{"not_picked":["All For One","BootSequence","Steam+1"],"picked":"SKIP","floor":25},{"not_picked":["Reinforced Body","Auto Shields"],"picked":"Reboot","floor":27},{"not_picked":["Undo","Steam Power","Ball Lightning"],"picked":"SKIP","floor":28},{"not_picked":["Coolheaded","Force Field","Beam Cell"],"picked":"SKIP","floor":30},{"not_picked":["Conserve Battery","Sweeping Beam","White Noise"],"picked":"SKIP","floor":31},{"not_picked":["Meteor Strike","Rainbow"],"picked":"Core Surge","floor":33},{"not_picked":["Undo","Barrage","Ball Lightning+1"],"picked":"SKIP","floor":35},{"not_picked":["Cold Snap+1","Rebound","Ball Lightning"],"picked":"SKIP","floor":36},{"not_picked":["Hologram+1","All For One"],"picked":"Hello World+1","floor":39},{"not_picked":["Ball Lightning","Streamline","Leap"],"picked":"SKIP","floor":41},{"not_picked":["Madness","Finesse"],"picked":"Deep Breath","floor":44},{"not_picked":["Jack Of All Trades","Bandage Up"],"picked":"Flash of Steel","floor":44},{"not_picked":["Jack Of All Trades","Dark Shackles"],"picked":"Flash of Steel","floor":44},{"not_picked":["Turbo","Steam Power"],"picked":"Recycle","floor":46}],"player_experience":220942,"potions_floor_usage":[16,24,27,27,27,30,33,33,36,50],"damage_taken":[{"damage":2,"enemies":"Jaw Worm","floor":1,"turns":2},{"damage":0,"enemies":"Cultist","floor":3,"turns":3},{"damage":0,"enemies":"2 Louse","floor":4,"turns":3},{"damage":2,"enemies":"Gremlin Nob","floor":6,"turns":3},{"damage":20,"enemies":"Lagavulin","floor":8,"turns":6},{"damage":3,"enemies":"Looter","floor":10,"turns":2},{"damage":9,"enemies":"3 Sentries","floor":11,"turns":3},{"damage":14,"enemies":"Red Slaver","floor":12,"turns":2},{"damage":8,"enemies":"Blue Slaver","floor":14,"turns":3},{"damage":0,"enemies":"Slime Boss","floor":16,"turns":5},{"damage":12,"enemies":"Chosen","floor":18,"turns":3},{"damage":5,"enemies":"Gremlin Leader","floor":24,"turns":6},{"damage":0,"enemies":"Spheric Guardian","floor":25,"turns":3},{"damage":22,"enemies":"Book of Stabbing","floor":27,"turns":4},{"damage":2,"enemies":"Snecko","floor":28,"turns":3},{"damage":18,"enemies":"Gremlin Leader","floor":30,"turns":5},{"damage":20,"enemies":"Snake Plant","floor":31,"turns":4},{"damage":51,"enemies":"Champ","floor":33,"turns":11},{"damage":16,"enemies":"3 Darklings","floor":35,"turns":5},{"damage":7,"enemies":"3 Shapes","floor":36,"turns":3},{"damage":43,"enemies":"Mysterious Sphere","floor":39,"turns":5},{"damage":20,"enemies":"3 Darklings","floor":41,"turns":6},{"damage":35,"enemies":"2 Orb Walkers","floor":46,"turns":3},{"damage":114,"enemies":"Donu and Deca","floor":50,"turns":7}],"relics_obtained":[{"floor":6,"key":"Vajra"},{"floor":8,"key":"War Paint"},{"floor":9,"key":"Whetstone"},{"floor":11,"key":"Juzu Bracelet"},{"floor":21,"key":"Nilry\u0027s Codex"},{"floor":24,"key":"Calipers"},{"floor":24,"key":"Mango"},{"floor":26,"key":"Art of War"},{"floor":27,"key":"Blood Vial"},{"floor":27,"key":"Orichalcum"},{"floor":30,"key":"Pear"},{"floor":30,"key":"Pantograph"},{"floor":39,"key":"Unceasing Top"},{"floor":43,"key":"Happy Flower"},{"floor":46,"key":"Bag of Marbles"},{"floor":46,"key":"Strawberry"}],"event_choices":[{"event_name":"Big Fish","player_choice":"Donut","floor":2,"damage_taken":0},{"event_name":"Liars Game","player_choice":"disagreed","floor":5,"damage_taken":0},{"event_name":"Shining Light","player_choice":"Entered Light","floor":13,"damage_taken":0},{"event_name":"The Library","player_choice":"Read","floor":19,"damage_taken":0},{"event_name":"Cursed Tome","player_choice":"Obtained Book","floor":21,"damage_taken":0},{"event_name":"Ghosts","player_choice":"Ignored","floor":22,"damage_taken":0},{"event_name":"Winding Halls","player_choice":"Embrace Madness","floor":37,"damage_taken":0},{"event_name":"Mysterious Sphere","player_choice":"Fight","floor":39,"damage_taken":0},{"event_name":"SensoryStone","player_choice":"Memory 3","floor":44,"damage_taken":0},{"event_name":"Tomb of Lord Red Mask","player_choice":"Paid","floor":45,"damage_taken":0}],"boss_relics":[{"not_picked":["Astrolabe","Eternal Feather"],"picked":"Black Star"},{"not_picked":["Orrery","Runic Dome"],"picked":"Inserter"}],"items_purged_floors":[20,38],"potions_floor_spawned":[8,10,11,12,16,25,27,28,30,33,39],"seed_played":"6611966902009167901","killed_by":"Donu and Deca","ascension_level":3,"potions_obtained":[{"floor":8,"key":"SteroidPotion"},{"floor":10,"key":"SneckoOil"},{"floor":11,"key":"AttackPotion"},{"floor":12,"key":"AttackPotion"},{"floor":16,"key":"FearPotion"},{"floor":25,"key":"Energy Potion"},{"floor":27,"key":"EssenceOfSteel"},{"floor":28,"key":"GamblersBrew"},{"floor":30,"key":"EssenceOfSteel"},{"floor":33,"key":"SkillPotion"},{"floor":39,"key":"Explosive Potion"}],"is_trial":false}