{"gold_per_floor":[114,114,132,142,119,119,151,151,151,167,22,41,61,92,92,92],"floor_reached":16,"playtime":501,"items_purged":[],"score":112,"play_id":"5b285b5f-b564-4e4e-9ae8-9cc8e8b0f54e","local_time":"20190120033555","is_ascension_mode":false,"campfire_choices":[{"data":"Shrug It Off","floor":6,"key":"SMITH"},{"data":"Clothesline","floor":8,"key":"SMITH"},{"data":"Iron Wave","floor":15,"key":"SMITH"}],"neow_cost":"NONE","seed_source_timestamp":11407053253130,"circlet_count":0,"master_deck":["Strike_R","Strike_R","Strike_R","Strike_R","Strike_R","Defend_R","Defend_R+1","Defend_R","Defend_R+1","Iron Wave+1","Perfected Strike","Shrug It Off+1","Clothesline+1","Twin Strike","Twin Strike","Perfected Strike"],"relics":["Burning Blood","NeowsBlessing","Champion Belt","Ornamental Fan","Bag of Marbles","War Paint"],"potions_floor_usage":[7,7,13],"damage_taken":[{"damage":0,"enemies":"2 Louse","floor":1,"turns":1},{"damage":0,"enemies":"Cultist","floor":3,"turns":1},{"damage":0,"enemies":"Small Slimes","floor":4,"turns":1},{"damage":41,"enemies":"3 Sentries","floor":7,"turns":12},{"damage":13,"enemies":"Exordium Wildlife","floor":10,"turns":4},{"damage":0,"enemies":"Large Slime","floor":12,"turns":4},{"damage":4,"enemies":"Blue Slaver","floor":13,"turns":2},{"damage":15,"enemies":"Gremlin Nob","floor":14,"turns":4},{"damage":45,"enemies":"The Guardian","floor":16,"turns":17}],"seed_played":"-7012879916206777560","potions_obtained":[{"floor":1,"key":"SpeedPotion"},{"floor":4,"key":"Fruit Juice"},{"floor":12,"key":"PowerPotion"},{"floor":14,"key":"Explosive Potion"}],"is_trial":false,"path_per_floor":["M","?","M","M","$","R","E","R","T","M","$","M","M","E","R","B"],"character_chosen":"IRONCLAD","items_purchased":["Clothesline","Bag of Marbles"],"campfire_rested":0,"item_purchase_floors":[5,11],"current_hp_per_floor":[80,80,80,80,80,80,50,50,50,43,43,49,51,42,42,0],"gold":92,"neow_bonus":"THREE_ENEMY_KILL","is_prod":false,"is_daily":false,"chose_seed":false,"campfire_upgraded":3,"win_rate":0,"timestamp":1547973355,"path_taken":["M","?","M","?","$","R","E","R","T","M","$","M","?","E","R","BOSS"],"build_version":"2019-01-17v2","purchased_purges":0,"victory":false,"max_hp_per_floor":[80,80,80,80,80,80,85,85,85,85,85,85,85,85,85,85],"card_choices":[{"not_picked":["Spot Weakness","Twin Strike","Burning Pact"],"picked":"SKIP","floor":1},{"not_picked":["Bloodletting","Flex"],"picked":"Perfected Strike","floor":3},{"not_picked":["Twin Strike","Body Slam"],"picked":"Shrug It Off","floor":4},{"not_picked":["Anger","Flex","Wild Strike"],"picked":"SKIP","floor":7},{"not_picked":["Shrug It Off","Cleave"],"picked":"Twin Strike","floor":10},{"not_picked":["True Grit","Iron Wave"],"picked":"Twin Strike","floor":12},{"not_picked":["Shockwave","Flex"],"picked":"Perfected Strike","floor":13},{"not_picked":["Thunderclap","Rage","Power Through"],"picked":"SKIP","floor":14}],"player_experience":549736,"relics_obtained":[{"floor":7,"key":"Champion Belt"},{"floor":9,"key":"Ornamental Fan"},{"floor":14,"key":"War Paint"}],"event_choices":[{"damage_healed":0,"gold_gain":0,"cards_transformed":["Bash"],"player_choice":"Transformed","damage_taken":0,"max_hp_gain":0,"max_hp_loss":0,"event_name":"Transmorgrifier","floor":2,"gold_loss":0,"cards_obtained":["Iron Wave"]}],"is_beta":false,"boss_relics":[],"items_purged_floors":[],"is_endless":false,"potions_floor_spawned":[1,4,12,14],"killed_by":"The Guardian","ascension_level":0}