{"gold_per_floor":[109,123,123,137,137,137,175,175,175,187,224,250,285,23,23,148,148,164,26,26,39,39,39,75,91,116,116,135,135],"floor_reached":29,"playtime":1377,"items_purged":[],"score":304,"play_id":"b1947b4e-c74e-4754-a2bf-05c52afa9eeb","local_time":"20180906195304","is_ascension_mode":true,"campfire_choices":[{"data":"Consume","floor":6,"key":"SMITH"},{"data":"Dualcast","floor":8,"key":"SMITH"},{"data":"Zap","floor":10,"key":"SMITH"},{"data":"Chrysalis","floor":15,"key":"SMITH"},{"data":"Loop","floor":23,"key":"SMITH"},{"floor":27,"key":"REST"}],"neow_cost":"","seed_source_timestamp":534115040941163,"circlet_count":0,"master_deck":["Defend_B","Defend_B","Defend_B","Defend_B","Zap+1","Dualcast+1","Consume+1","Glacier","Consume+1","Injury","FTL","Sweeping Beam","Doom and Gloom","Capacitor","Chrysalis+1","Core Surge","Coolheaded","Loop+1","Discovery","Bite","Bite","Bite","Bite","Bite","Storm+1","Capacitor+1","Fusion+1"],"relics":["Cracked Core","Golden Idol","Letter Opener","MawBank","Bronze Scales","Velvet Choker","Frozen Egg 2","Blood Vial"],"potions_floor_usage":[7,7,16,16,28,29],"damage_taken":[{"damage":0,"enemies":"2 Louse","floor":1,"turns":4},{"damage":1,"enemies":"Cultist","floor":2,"turns":4},{"damage":7,"enemies":"Jaw Worm","floor":4,"turns":3},{"damage":20,"enemies":"3 Sentries","floor":7,"turns":17},{"damage":0,"enemies":"3 Louse","floor":11,"turns":2},{"damage":2,"enemies":"2 Fungi Beasts","floor":12,"turns":3},{"damage":36,"enemies":"Hexaghost","floor":16,"turns":9},{"damage":24,"enemies":"2 Thieves","floor":18,"turns":3},{"damage":0,"enemies":"Spheric Guardian","floor":21,"turns":4},{"damage":54,"enemies":"Book of Stabbing","floor":24,"turns":6},{"damage":0,"enemies":"Snake Plant","floor":25,"turns":4},{"damage":17,"enemies":"Snecko","floor":28,"turns":5},{"damage":29,"enemies":"Colosseum Slavers","floor":29,"turns":2}],"seed_played":"680643749106973330","potions_obtained":[{"floor":2,"key":"PowerPotion"},{"floor":4,"key":"Regen Potion"},{"floor":7,"key":"Block Potion"},{"floor":12,"key":"Swift Potion"},{"floor":25,"key":"AttackPotion"},{"floor":28,"key":"Energy Potion"}],"is_trial":false,"path_per_floor":["M","M","?","M","?","R","E","R","T","R","M","M","T","$","R","B",null,"M","$","?","M","$","R","E","M","T","R","M"],"character_chosen":"DEFECT","items_purchased":["Capacitor","Chrysalis","Loop","Discovery"],"campfire_rested":1,"item_purchase_floors":[14,14,19,19],"current_hp_per_floor":[75,74,74,67,67,67,62,62,62,62,62,60,60,60,60,24,75,51,51,51,52,52,52,6,12,12,27,18,0],"gold":135,"neow_bonus":"","is_prod":false,"is_daily":false,"chose_seed":false,"campfire_upgraded":5,"win_rate":0,"timestamp":1536256384,"path_taken":["M","M","?","M","?","R","E","R","T","R","M","M","?","$","R","BOSS","M","$","?","?","$","R","E","M","T","R","M","?"],"build_version":"2018-08-30","purchased_purges":0,"victory":false,"max_hp_per_floor":[75,75,75,75,75,75,75,75,75,75,75,75,75,75,75,75,75,75,75,52,52,52,52,52,52,52,52,52,52],"card_choices":[{"not_picked":["Barrage","Blizzard"],"picked":"Consume","floor":1},{"not_picked":["Hologram","FTL"],"picked":"Glacier","floor":2},{"not_picked":["Blizzard","Genetic Algorithm"],"picked":"Consume","floor":4},{"not_picked":["Chill","Genetic Algorithm"],"picked":"FTL","floor":7},{"not_picked":["Coolheaded","Hologram"],"picked":"Sweeping Beam","floor":11},{"not_picked":["FTL","Beam Cell"],"picked":"Doom and Gloom","floor":12},{"not_picked":["Meteor Strike","Fission"],"picked":"Core Surge","floor":16},{"not_picked":["Stack","Compile Driver"],"picked":"Coolheaded","floor":18},{"not_picked":["Sweeping Beam","Stack+1"],"picked":"Storm+1","floor":21},{"not_picked":["Consume","Fusion","Genetic Algorithm+1"],"picked":"SKIP","floor":24},{"not_picked":["Stack+1","Steam+1"],"picked":"Capacitor+1","floor":25},{"not_picked":["Rip and Tear+1","Reinforced Body"],"picked":"Fusion+1","floor":28}],"player_experience":134591,"relics_obtained":[{"floor":7,"key":"Letter Opener"},{"floor":9,"key":"MawBank"},{"floor":13,"key":"Bronze Scales"},{"floor":24,"key":"Frozen Egg 2"},{"floor":26,"key":"Blood Vial"}],"event_choices":[{"event_name":"Living Wall","player_choice":"Grow","floor":3,"damage_taken":0},{"event_name":"Golden Idol","player_choice":"Take Wound","floor":5,"damage_taken":0},{"event_name":"Vampires","player_choice":"Became a vampire","floor":20,"damage_taken":0},{"event_name":"Colosseum","player_choice":"Fight","floor":29,"damage_taken":0}],"is_beta":false,"boss_relics":[{"not_picked":["Runic Dome","FrozenCore"],"picked":"Velvet Choker"}],"items_purged_floors":[],"is_endless":false,"potions_floor_spawned":[2,4,7,12,25,28],"killed_by":"Colosseum Slavers","ascension_level":3}