{"path_per_floor":["M","?","M","$","M","R","?","E","T","R","M","?","E","?","R","B",null,"M","?","M","$","?"],"character_chosen":"THE_SILENT","items_purchased":["Caltrops","Sadistic Nature"],"gold_per_floor":[116,116,129,51,65,65,65,98,125,125,136,97,132,132,132,253,253,274,274,288,74,74],"floor_reached":23,"campfire_rested":0,"playtime":1814,"current_hp_per_floor":[63,63,59,59,56,56,56,46,46,46,44,44,44,44,44,20,58,38,38,38,38,38],"items_purged":[],"gold":74,"score":300,"play_id":"1f28b3ad-05f1-4adf-9709-9c32362038fd","local_time":"20180311164657","is_prod":false,"is_daily":false,"is_ascension_mode":true,"campfire_upgraded":3,"timestamp":1520812017,"path_taken":["M","?","M","?","M","R","?","E","T","R","?","?","E","?","R","BOSS","M","?","M","$","?","E"],"build_version":"2018-03-09","purchased_purges":0,"victory":false,"master_deck":["Defend_G","Defend_G","Defend_G","Defend_G","Defend_G","Strike_G","Strike_G","Strike_G","Strike_G","Strike_G","Survivor","Neutralize","Adrenaline","Prepared","Footwork+1","Caltrops+1","Caltrops+1","Deflect","Cloak And Dagger","Dodge and Roll","Envenom","Sucker Punch","Flying Knee","Sadistic Nature"],"max_hp_per_floor":[70,70,70,70,70,70,70,70,70,70,70,70,70,70,70,70,70,70,70,70,70,70],"relics":["Ring of the Snake","Oddly Smooth Stone","Dodecahedron","Omamori","Bag of Marbles","Golden Idol","Sozu"],"card_choices":[{"not_picked":["Skewer","PiercingWail"],"picked":"Prepared"},{"not_picked":["Riddle With Holes","Flying Knee"],"picked":"Footwork"},{"not_picked":["Underhanded Strike","Flying Knee"],"picked":"Caltrops"},{"not_picked":["Calculated Gamble","Deadly Poison"],"picked":"Deflect"},{"not_picked":["Grand Finale","Distraction"],"picked":"Cloak And Dagger"},{"not_picked":["Bane","Riddle With Holes"],"picked":"Dodge and Roll"},{"not_picked":["Die Die Die","Corpse Explosion"],"picked":"Envenom"},{"not_picked":["Noxious Fumes","Poisoned Stab"],"picked":"Sucker Punch"},{"not_picked":["Dash","Riddle With Holes"],"picked":"Flying Knee"}],"player_experience":210992,"potions_floor_usage":[8,16,23],"damage_taken":[{"damage":0,"enemies":"2 Louse","floor":1,"turns":3},{"damage":4,"enemies":"Small Slimes","floor":3,"turns":3},{"damage":3,"enemies":"Cultist","floor":5,"turns":4},{"damage":10,"enemies":"3 Sentries","floor":8,"turns":7},{"damage":2,"enemies":"Large Slime","floor":11,"turns":9},{"damage":0,"enemies":"Lagavulin","floor":13,"turns":11},{"damage":24,"enemies":"Slime Boss","floor":16,"turns":15},{"damage":20,"enemies":"Chosen","floor":18,"turns":8},{"damage":0,"enemies":"Shell Parasite","floor":20,"turns":5},{"damage":52,"enemies":"Gremlin Leader","floor":23,"turns":7}],"event_choices":[{"event_name":"Liars Game","player_choice":"disagreed","floor":2,"damage_taken":0},{"event_name":"Dead Adventurer","player_choice":"Searched \u00272\u0027 times","floor":7,"damage_taken":0},{"event_name":"World of Goop","player_choice":"Left","floor":12,"damage_taken":0},{"event_name":"Golden Idol","player_choice":"Take Wound","floor":14,"damage_taken":0},{"event_name":"Drug Dealer","player_choice":"Ignored","floor":19,"damage_taken":0},{"event_name":"Addict","player_choice":"Ignored","floor":22,"damage_taken":0}],"boss_relics":[{"not_picked":["Runic Dome","Question Card"],"picked":"Sozu"}],"potions_floor_spawned":[1,8,11,18],"seed_played":"-5325405473918116189","killed_by":"Gremlin Leader","ascension_level":7,"is_trial":false}