{"path_per_floor":["M","$","M","M","M","E","R","E","T","R","E","M","$","?","R","B",null,"M","M","?","?","?","E","R","E","T","M","$","M","R","M","R"],"character_chosen":"IRONCLAD","items_purchased":["Bludgeon","Flex","True Grit","Paper Frog"],"gold_per_floor":[215,0,13,28,48,74,74,108,108,108,134,153,56,56,56,129,129,141,159,159,159,159,193,193,226,226,236,37,48,48,63,63,63],"floor_reached":33,"campfire_rested":1,"playtime":1706,"current_hp_per_floor":[73,73,79,80,80,57,57,57,57,57,36,34,34,18,42,8,62,65,67,52,52,52,51,51,40,54,63,63,73,73,71,71,0],"items_purged":["Strike_R"],"gold":63,"score":529,"play_id":"c35f2132-93de-4e36-83d9-41bad7f976e3","local_time":"20180411174015","is_prod":false,"is_daily":false,"is_ascension_mode":true,"campfire_upgraded":5,"timestamp":1523461215,"path_taken":["M","$","M","?","M","E","R","E","T","R","E","M","$","?","R","BOSS","M","M","?","?","?","E","R","E","T","M","$","M","R","M","R","BOSS"],"build_version":"2018-04-05v2","purchased_purges":2,"victory":false,"master_deck":["Defend_R+1","Defend_R","Defend_R","Defend_R+1","Bash+1","AscendersBane","Thunderclap+1","Bludgeon+1","Flex","Rampage+1","Anger","Rage","Havoc","Double Tap","Shockwave+1","True Grit+1","Fiend Fire","True Grit","Headbutt","Bite+1","Bite","Bite","Bite","Bite","Power Through","Burning Pact","Spot Weakness","Havoc+1"],"max_hp_per_floor":[80,80,80,80,80,80,80,80,80,80,80,80,80,80,80,80,80,80,80,85,85,59,59,59,59,73,73,73,73,73,73,73,73],"relics":["Burning Blood","Charon\u0027s Ashes","Juzu Bracelet","The Courier","Anchor","Velvet Choker","Whetstone","Bottled Lightning","Mango","Paper Frog"],"card_choices":[{"not_picked":["Havoc","Second Wind"],"picked":"Thunderclap","floor":1},{"not_picked":["Entrench","Body Slam"],"picked":"Rampage","floor":3},{"not_picked":["Iron Wave","Warcry"],"picked":"Anger","floor":4},{"not_picked":["Flex","Entrench"],"picked":"Rage","floor":5},{"not_picked":["Searing Blow","Carnage"],"picked":"Havoc","floor":6},{"not_picked":["Immolate","Clothesline"],"picked":"Double Tap","floor":11},{"not_picked":["Headbutt","Armaments"],"picked":"Shockwave","floor":12},{"not_picked":["Feed","Exhume"],"picked":"Fiend Fire","floor":16},{"not_picked":["Second Wind","Anger"],"picked":"True Grit","floor":18},{"not_picked":["Thunderclap","Evolve"],"picked":"Headbutt","floor":19},{"not_picked":["Havoc","Clash"],"picked":"Power Through","floor":23},{"not_picked":["Anger","Heavy Blade"],"picked":"Burning Pact","floor":27},{"not_picked":["Flex","Iron Wave"],"picked":"Spot Weakness","floor":29},{"not_picked":["Pommel Strike","Sever Soul"],"picked":"Havoc","floor":31}],"player_experience":284561,"potions_floor_usage":[12,23,23,25,33],"damage_taken":[{"damage":5,"enemies":"Cultist","floor":1,"turns":5},{"damage":0,"enemies":"Small Slimes","floor":3,"turns":2},{"damage":4,"enemies":"2 Louse","floor":4,"turns":4},{"damage":0,"enemies":"Large Slime","floor":5,"turns":4},{"damage":29,"enemies":"Gremlin Nob","floor":6,"turns":4},{"damage":6,"enemies":"3 Sentries","floor":8,"turns":4},{"damage":27,"enemies":"Lagavulin","floor":11,"turns":4},{"damage":8,"enemies":"3 Louse","floor":12,"turns":3},{"damage":40,"enemies":"The Guardian","floor":16,"turns":13},{"damage":3,"enemies":"Spheric Guardian","floor":18,"turns":3},{"damage":4,"enemies":"3 Byrds","floor":19,"turns":4},{"damage":19,"enemies":"Gremlin Leader","floor":23,"turns":7},{"damage":24,"enemies":"Slavers","floor":25,"turns":4},{"damage":8,"enemies":"3 Cultists","floor":27,"turns":4},{"damage":0,"enemies":"Chosen and Byrds","floor":29,"turns":4},{"damage":8,"enemies":"Snecko","floor":31,"turns":3},{"damage":83,"enemies":"Champ","floor":33,"turns":7}],"event_choices":[{"event_name":"Shining Light","player_choice":"Entered Light","floor":14,"damage_taken":0},{"event_name":"Forgotten Altar","player_choice":"Shed Blood","floor":20,"damage_taken":0},{"event_name":"Drug Dealer","player_choice":"Ignored","floor":21,"damage_taken":0},{"event_name":"Vampires","player_choice":"Became a vampire","floor":22,"damage_taken":0}],"boss_relics":[{"not_picked":["White Beast Statue","Philosopher\u0027s Stone"],"picked":"Velvet Choker"}],"potions_floor_spawned":[3,5,8,12,16,18,19,25],"seed_played":"201917958295770468","killed_by":"Champ","ascension_level":13,"is_trial":false}