{"path_per_floor":["M","M","?","M","M","R","E","M","T","R","?","R","M","$","R","B",null,"M","M","M","$","M","R","M","?","T"],"character_chosen":"THE_SILENT","items_purchased":["A Thousand Cuts+1","Panache+1"],"gold_per_floor":[18,36,111,130,145,145,175,194,263,263,263,263,276,64,64,161,191,206,226,236,29,45,45,64,64,116,116],"floor_reached":27,"campfire_rested":3,"playtime":1252,"item_purchase_floors":[14,21],"current_hp_per_floor":[63,60,49,49,40,40,27,10,10,31,36,58,54,54,54,54,80,78,67,53,53,37,61,24,9,9,0],"items_purged":["Strike_G"],"gold":116,"score":319,"play_id":"fcf1a63f-cf93-49d6-8928-1eef95615ec8","local_time":"20180528141306","is_prod":false,"is_daily":false,"chose_seed":false,"is_ascension_mode":true,"campfire_upgraded":2,"win_rate":0,"timestamp":1527541986,"campfire_choices":[{"data":"Neutralize","floor":6.0,"key":"SMITH"},{"floor":10,"key":"REST"},{"floor":12,"key":"REST"},{"data":"Bouncing Flask","floor":15,"key":"SMITH"},{"floor":23,"key":"REST"}],"path_taken":["M","M","?","M","M","R","E","M","T","R","?","R","M","?","R","BOSS","M","?","M","$","?","R","M","?","T","M"],"build_version":"2018-05-27","seed_source_timestamp":0,"purchased_purges":1,"victory":false,"master_deck":["Defend_G","Defend_G","Defend_G","Defend_G","Strike_G","Strike_G","Strike_G","Survivor+1","Neutralize+1","Flying Knee","Bouncing Flask+1","Infinite Blades","Dagger Spray","Quick Slash","A Thousand Cuts+1","Glass Knife","PiercingWail","Blur","Acrobatics","Panache+1","Blur+1","Escape Plan+1"],"max_hp_per_floor":[70,70,70,70,70,70,70,70,70,70,75,75,75,75,75,75,80,80,80,80,80,80,80,80,85,85,85],"relics":["Ring of the Snake","Smiling Mask","Frozen Egg 2","Tiny House","Juzu Bracelet"],"card_choices":[{"not_picked":["Dodge and Roll","Finisher"],"picked":"Flying Knee","floor":1.0},{"not_picked":["Deflect","Sucker Punch"],"picked":"Bouncing Flask","floor":2.0},{"not_picked":["Outmaneuver","PiercingWail","Accuracy"],"picked":"SKIP","floor":4.0},{"not_picked":["Corpse Explosion","Distraction"],"picked":"Infinite Blades","floor":5.0},{"not_picked":["Acrobatics","Underhanded Strike","All Out Attack"],"picked":"SKIP","floor":7},{"not_picked":["Blade Dance","Underhanded Strike"],"picked":"Dagger Spray","floor":8},{"not_picked":["Dodge and Roll","Dagger Throw"],"picked":"Quick Slash","floor":13},{"not_picked":["Adrenaline","Burst"],"picked":"Glass Knife","floor":16},{"not_picked":["Poisoned Stab","Calculated Gamble"],"picked":"PiercingWail","floor":17},{"not_picked":["Poisoned Stab","Deadly Poison+1","Riddle With Holes"],"picked":"SKIP","floor":18},{"not_picked":["Bouncing Flask","Deadly Poison"],"picked":"Blur","floor":19},{"not_picked":["Riddle With Holes+1","Wraith Form v2+1"],"picked":"Acrobatics","floor":20},{"not_picked":["Outmaneuver","Dash+1"],"picked":"Blur+1","floor":22},{"not_picked":["Backflip","Deflect"],"picked":"Escape Plan+1","floor":24}],"player_experience":128773,"potions_floor_usage":[16,16,16,22,24],"damage_taken":[{"damage":7.0,"enemies":"Jaw Worm","floor":1.0,"turns":6.0},{"damage":3.0,"enemies":"2 Louse","floor":2.0,"turns":2.0},{"damage":0.0,"enemies":"Small Slimes","floor":4.0,"turns":2.0},{"damage":9.0,"enemies":"2 Fungi Beasts","floor":5.0,"turns":4.0},{"damage":13.0,"enemies":"3 Sentries","floor":7.0,"turns":7.0},{"damage":17,"enemies":"Exordium Thugs","floor":8,"turns":7},{"damage":4,"enemies":"Blue Slaver","floor":13,"turns":3},{"damage":0,"enemies":"Slime Boss","floor":16,"turns":6},{"damage":2,"enemies":"Shell Parasite","floor":18,"turns":4},{"damage":11,"enemies":"Chosen","floor":19,"turns":5},{"damage":14,"enemies":"3 Cultists","floor":20,"turns":4},{"damage":16,"enemies":"Cultist and Chosen","floor":22,"turns":6},{"damage":37,"enemies":"Slaver and Parasite","floor":24,"turns":6},{"damage":12,"enemies":"Centurion and Healer","floor":27,"turns":5}],"relics_obtained":[{"floor":7,"key":"Smiling Mask"},{"floor":9,"key":"Frozen Egg 2"},{"floor":26,"key":"Juzu Bracelet"}],"event_choices":[{"event_name":"World of Goop","player_choice":"Gather Gold","floor":3.0,"damage_taken":0.0},{"event_name":"Big Fish","player_choice":"Donut","floor":11,"damage_taken":0},{"event_name":"Forgotten Altar","player_choice":"Shed Blood","floor":25,"damage_taken":0}],"boss_relics":[{"not_picked":["Astrolabe","Runic Pyramid"],"picked":"Tiny House"}],"items_purged_floors":[14],"potions_floor_spawned":[2,4,5,8,13,18,19],"seed_played":"3416939191349946507","killed_by":"Centurion and Healer","ascension_level":2,"potions_obtained":[{"floor":2.0,"key":"LiquidBronze"},{"floor":4.0,"key":"PowerPotion"},{"floor":5.0,"key":"PowerPotion"},{"floor":8,"key":"PowerPotion"},{"floor":13,"key":"PowerPotion"},{"floor":17,"key":"Energy Potion"},{"floor":18,"key":"Block Potion"},{"floor":19,"key":"AttackPotion"}],"is_trial":false}