{"gold_per_floor":[114,132,143,153,78,78,94,109,109,120,81,81,81,6,6,84,84,99,99,119,135,146,146,146],"floor_reached":24,"playtime":1054,"items_purged":["Defend_B"],"score":346,"play_id":"bcc0f39b-a42f-4a16-9b6f-4cb4a738bd02","local_time":"20180923195826","is_ascension_mode":true,"campfire_choices":[{"data":"Dualcast","floor":6,"key":"SMITH"},{"floor":13,"key":"REST"},{"data":"Loop","floor":15,"key":"SMITH"},{"floor":23,"key":"REST"}],"neow_cost":"NONE","seed_source_timestamp":716765006135902,"circlet_count":0,"master_deck":["Strike_B","Strike_B","Strike_B","Defend_B","Defend_B","Defend_B","Zap+1","Dualcast+1","AscendersBane","Loop+1","Auto Shields","FTL","Melter","Ball Lightning","Machine Learning","White Noise","Capacitor","Coolheaded"],"relics":["Cracked Core","Peace Pipe","Lizard Tail"],"potions_floor_usage":[16,16,18,20,21,22,22],"damage_taken":[{"damage":4,"enemies":"Small Slimes","floor":1,"turns":4},{"damage":2,"enemies":"Jaw Worm","floor":2,"turns":3},{"damage":1,"enemies":"Cultist","floor":3,"turns":3},{"damage":1,"enemies":"2 Fungi Beasts","floor":4,"turns":3},{"damage":1,"enemies":"Looter","floor":7,"turns":3},{"damage":4,"enemies":"Large Slime","floor":8,"turns":5},{"damage":1,"enemies":"3 Louse","floor":10,"turns":2},{"damage":15,"enemies":"The Guardian","floor":16,"turns":9},{"damage":2,"enemies":"Chosen","floor":18,"turns":4},{"damage":13,"enemies":"Shell Parasite","floor":20,"turns":5},{"damage":25,"enemies":"Snecko","floor":21,"turns":5},{"damage":14,"enemies":"Centurion and Healer","floor":22,"turns":6},{"damage":84,"enemies":"Slavers","floor":24,"turns":4}],"seed_played":"7899608399175603239","potions_obtained":[{"floor":1,"key":"Dexterity Potion"},{"floor":2,"key":"Swift Potion"},{"floor":3,"key":"FocusPotion"},{"floor":16,"key":"Swift Potion"},{"floor":19,"key":"SteroidPotion"},{"floor":19,"key":"EssenceOfSteel"},{"floor":20,"key":"Swift Potion"},{"floor":21,"key":"Block Potion"}],"is_trial":false,"path_per_floor":["M","M","M","M","?","R","M","M","T","M","?","?","R","$","R","B",null,"M","?","M","M","M","R"],"character_chosen":"DEFECT","items_purchased":[],"campfire_rested":2,"item_purchase_floors":[],"current_hp_per_floor":[60,58,57,56,56,56,55,51,51,50,50,40,61,61,61,46,65,63,63,50,25,11,32,0],"gold":146,"neow_bonus":"UPGRADE_CARD","is_prod":false,"is_daily":false,"chose_seed":false,"campfire_upgraded":2,"win_rate":0,"timestamp":1537725506,"path_taken":["M","M","M","M","?","R","?","M","T","M","?","?","R","$","R","BOSS","M","?","M","M","M","R","E"],"build_version":"2018-09-20","purchased_purges":1,"victory":false,"max_hp_per_floor":[71,71,71,71,71,71,71,71,71,71,71,71,71,71,71,71,71,71,71,71,71,71,71,71],"card_choices":[{"not_picked":["Hello World","Beam Cell"],"picked":"Loop","floor":1},{"not_picked":["Leap","Scrape"],"picked":"Auto Shields","floor":2},{"not_picked":["Redo","Fusion"],"picked":"FTL","floor":3},{"not_picked":["Beam Cell","Sweeping Beam"],"picked":"Melter","floor":4},{"not_picked":["Streamline","Scrape","Skim"],"picked":"SKIP","floor":7},{"not_picked":["Steam","Beam Cell"],"picked":"Ball Lightning","floor":8},{"not_picked":["Chill","Fusion","Scrape"],"picked":"SKIP","floor":10},{"not_picked":["Creative AI","Meteor Strike"],"picked":"Machine Learning","floor":16},{"not_picked":["Stack+1","Leap"],"picked":"White Noise","floor":18},{"not_picked":["Streamline","Leap","Redo"],"picked":"SKIP","floor":20},{"not_picked":["Go for the Eyes","Rebound"],"picked":"Capacitor","floor":21},{"not_picked":["Streamline","Loop"],"picked":"Coolheaded","floor":22}],"player_experience":589004,"relics_obtained":[{"floor":9,"key":"Peace Pipe"}],"event_choices":[{"event_name":"The Cleric","player_choice":"Card Removal","floor":5,"damage_taken":0},{"event_name":"World of Goop","player_choice":"Left","floor":11,"damage_taken":0},{"event_name":"Wheel of Change","player_choice":"Damage","floor":12,"damage_taken":0},{"event_name":"The Lab","player_choice":"Got Potions","floor":19,"damage_taken":0}],"is_beta":false,"boss_relics":[{"not_picked":["Coffee Dripper","Philosopher\u0027s Stone"],"picked":"Lizard Tail"}],"items_purged_floors":[14],"is_endless":false,"potions_floor_spawned":[1,2,3,16,20,21],"killed_by":"Slavers","ascension_level":16}