{"gold_per_floor":[110,125,44,56,56,56,73,73,73,73,92,92,103,73,73,176,176,195,105,105,9,9,9,9,9,9,9,9,27,0,11,11,114,114,127,127,127,127,142,142,69,80,80,9,26,26,45,60,60,60],"floor_reached":50,"playtime":4425,"items_purged":[],"score":605,"play_id":"d2fd4558-0096-4df1-ba59-f4e9c796d69c","local_time":"20180623231139","is_ascension_mode":false,"campfire_choices":[{"data":"Crippling Poison","floor":6,"key":"SMITH"},{"floor":12,"key":"REST"},{"data":"Flying Knee","floor":15,"key":"SMITH"},{"data":"Noxious Fumes","floor":23,"key":"SMITH"},{"data":"Noxious Fumes","floor":25,"key":"SMITH"},{"data":"Survivor","floor":28,"key":"SMITH"},{"data":"Endless Agony","floor":32,"key":"SMITH"},{"floor":40,"key":"REST"},{"floor":46,"key":"REST"},{"floor":49,"key":"REST"}],"neow_cost":"NONE","seed_source_timestamp":834602180369230,"circlet_count":0,"master_deck":["Defend_G+1","Defend_G+1","Defend_G+1","Defend_G+1","Defend_G+1","Strike_G+1","Strike_G+1","Survivor+1","Neutralize","Crippling Poison+1","Noxious Fumes+1","Leg Sweep+1","Flying Knee+1","Noxious Fumes+1","Injury","Caltrops","Underhanded Strike","PiercingWail","After Image","Doppelganger","After Image+1","Flying Knee+1","Night Terror+1","Deflect","Dagger Throw+1","Jack Of All Trades","Endless Agony+1","Dodge and Roll","Die Die Die","Outmaneuver+1","Apotheosis","Backflip","Skewer+1","Die Die Die","Dagger Spray","Heel Hook","Infinite Blades","All Out Attack+1","Blade Dance"],"relics":["Ring of the Snake","The Specimen","Gremlin Horn","Astrolabe","Ornamental Fan","Lizard Tail","Girya","Matryoshka"],"potions_floor_usage":[33,33,37,48],"damage_taken":[{"damage":5,"enemies":"Small Slimes","floor":1,"turns":5},{"damage":0,"enemies":"Cultist","floor":2,"turns":4},{"damage":0,"enemies":"Jaw Worm","floor":4,"turns":5},{"damage":13,"enemies":"Blue Slaver","floor":7,"turns":5},{"damage":5,"enemies":"3 Louse","floor":11,"turns":4},{"damage":1,"enemies":"Exordium Wildlife","floor":13,"turns":3},{"damage":0,"enemies":"Looter","floor":14,"turns":4},{"damage":21,"enemies":"Hexaghost","floor":16,"turns":9},{"damage":14,"enemies":"Shell Parasite","floor":18,"turns":10},{"damage":12,"enemies":"2 Thieves","floor":19,"turns":5},{"damage":5,"enemies":"Centurion and Healer","floor":29,"turns":6},{"damage":0,"enemies":"3 Cultists","floor":31,"turns":4},{"damage":21,"enemies":"Champ","floor":33,"turns":13},{"damage":15,"enemies":"3 Shapes","floor":35,"turns":5},{"damage":10,"floor":37,"turns":9},{"damage":32,"enemies":"3 Darklings","floor":39,"turns":7},{"damage":15,"enemies":"Sphere and 2 Shapes","floor":42,"turns":6},{"damage":13,"enemies":"4 Shapes","floor":45,"turns":5},{"damage":14,"enemies":"3 Darklings","floor":47,"turns":5},{"damage":42,"enemies":"Sphere and 2 Shapes","floor":48,"turns":6},{"damage":50,"enemies":"Awakened One","floor":50,"turns":3}],"seed_played":"7044667384295621099","potions_obtained":[{"floor":1,"key":"FearPotion"},{"floor":4,"key":"Dexterity Potion"},{"floor":13,"key":"AttackPotion"},{"floor":16,"key":"SpeedPotion"},{"floor":31,"key":"Regen Potion"},{"floor":33,"key":"SteroidPotion"},{"floor":37,"key":"Ancient Potion"},{"floor":42,"key":"Explosive Potion"}],"is_trial":false,"path_per_floor":["M","M","$","M","?","R","M","?","T","?","M","R","M","M","R","B",null,"M","M","?","$","?","R","?","R","T","?","R","M","?","M","R","B",null,"M","?","?","?","M","R","$","M","T","$","M","R","M","M","R"],"character_chosen":"THE_SILENT","items_purchased":["Leg Sweep","Flying Knee","Jack Of All Trades","Die Die Die","Heel Hook"],"campfire_rested":4,"item_purchase_floors":[3,3,21,41,44],"current_hp_per_floor":[65,65,65,65,65,65,52,49,49,49,44,65,64,64,64,43,70,56,44,67,67,67,67,67,67,67,67,67,62,62,62,62,41,70,55,55,59,59,27,48,48,33,33,33,24,45,31,25,46,0],"gold":60,"neow_bonus":"UPGRADE_CARD","is_prod":false,"is_daily":false,"chose_seed":false,"campfire_upgraded":6,"win_rate":0.0,"timestamp":1529788299,"path_taken":["M","M","$","M","?","R","M","?","T","?","M","R","M","M","R","BOSS","M","M","?","$","?","R","?","R","T","?","R","?","?","M","R","BOSS","M","?","?","?","M","R","?","?","T","$","M","R","M","M","R","BOSS"],"build_version":"2018-06-21v2","purchased_purges":0,"victory":false,"max_hp_per_floor":[70,70,70,70,70,70,70,70,70,70,70,70,70,70,70,70,70,70,70,70,70,70,70,70,70,70,70,70,70,70,70,70,70,70,70,70,70,70,70,70,70,70,70,70,70,70,70,70,70,70],"card_choices":[{"not_picked":["Footwork","Deflect"],"picked":"Crippling Poison","floor":1},{"not_picked":["Dagger Spray","Poisoned Stab"],"picked":"Noxious Fumes","floor":2},{"not_picked":["Dodge and Roll","Poisoned Stab"],"picked":"Noxious Fumes","floor":4},{"not_picked":["Crippling Poison","Dagger Spray"],"picked":"Caltrops","floor":7},{"not_picked":["Calculated Gamble","Deadly Poison"],"picked":"Underhanded Strike","floor":11},{"not_picked":["Noxious Fumes","Quick Slash"],"picked":"PiercingWail","floor":13},{"not_picked":["Noxious Fumes","PiercingWail"],"picked":"After Image","floor":14},{"not_picked":["Tactician","Unload"],"picked":"Doppelganger","floor":16},{"not_picked":["Dagger Throw","Malaise"],"picked":"Deflect","floor":18},{"not_picked":["Deadly Poison","Dagger Spray"],"picked":"Dagger Throw+1","floor":19},{"not_picked":["Dagger Spray","PiercingWail"],"picked":"Endless Agony","floor":29},{"not_picked":["All Out Attack","Finisher"],"picked":"Dodge and Roll","floor":31},{"not_picked":["Tools of the Trade","Burst"],"picked":"Die Die Die","floor":33},{"not_picked":["Dagger Throw+1","Backflip+1"],"picked":"Outmaneuver+1","floor":35},{"not_picked":["Blind","Transmutation"],"picked":"Apotheosis","floor":36},{"not_picked":["Slice+1","Underhanded Strike+1"],"picked":"Backflip","floor":37},{"not_picked":["Noxious Fumes","Dagger Spray"],"picked":"Skewer+1","floor":39},{"not_picked":["Caltrops","Prepared+1"],"picked":"Dagger Spray","floor":42},{"not_picked":["Well Laid Plans+1","Dodge and Roll+1"],"picked":"Infinite Blades","floor":45},{"not_picked":["Dagger Throw+1","Backflip"],"picked":"All Out Attack+1","floor":47},{"not_picked":["Night Terror","Sucker Punch+1"],"picked":"Blade Dance","floor":48}],"player_experience":1351,"relics_obtained":[{"floor":9,"key":"Gremlin Horn"},{"floor":26,"key":"Ornamental Fan"},{"floor":37,"key":"Girya"},{"floor":43,"key":"Matryoshka"}],"event_choices":[{"event_name":"Accursed Blacksmith","player_choice":"Forge","floor":5,"damage_taken":0},{"event_name":"Scrap Ooze","player_choice":"success","floor":8,"damage_taken":3},{"event_name":"Golden Wing","player_choice":"Ignored","floor":10,"damage_taken":0},{"event_name":"The Library","player_choice":"Heal","floor":20,"damage_taken":0},{"event_name":"Back to Basics","player_choice":"Simplicity","floor":22,"damage_taken":0},{"event_name":"Beggar","player_choice":"Ignored","floor":24,"damage_taken":0},{"event_name":"Addict","player_choice":"Ignored","floor":27,"damage_taken":0},{"event_name":"Masked Bandits","player_choice":"Paid Bandits 27 gold","floor":30,"damage_taken":0},{"event_name":"SensoryStone","player_choice":"Memory 1","floor":36,"damage_taken":0},{"event_name":"MindBloom","player_choice":"Fight","floor":37,"damage_taken":0},{"event_name":"Mysterious Sphere","player_choice":"Ignore","floor":38,"damage_taken":0}],"boss_relics":[{"not_picked":["Snecko Eye","Philosopher\u0027s Stone"],"picked":"Astrolabe"},{"not_picked":["Black Star","Cursed Key"],"picked":"Lizard Tail"}],"items_purged_floors":[],"is_endless":false,"potions_floor_spawned":[1,4,13,16,29,31,33,37,42],"killed_by":"Awakened One","ascension_level":0}