{"gold_per_floor":[116,134,97,116,116,148,148,175,241,100,118,118,129,129,129,204,204,224,194,194,208,258,258,258],"floor_reached":24,"playtime":4185,"items_purged":["Strike_B"],"score":398,"play_id":"9a951b98-9675-4c3f-aa2e-c68945a48ae7","local_time":"20180926135142","is_ascension_mode":true,"campfire_choices":[{"floor":7,"key":"REST"},{"floor":12,"key":"REST"},{"floor":15,"key":"REST"},{"floor":23,"key":"REST"}],"neow_cost":"NONE","seed_source_timestamp":950814496124487,"circlet_count":0,"master_deck":["Strike_B","Strike_B","Strike_B","Defend_B","Defend_B","Defend_B","Defend_B","Zap+1","Dualcast","AscendersBane","Consume","Tempest","Glacier","Defragment","Static Discharge","Doom and Gloom","Sweeping Beam","Multi-Cast","Go for the Eyes+1","Coolheaded"],"special_seed":0,"relics":["Cracked Core","CultistMask","Bag of Marbles","MawBank","Tiny Chest","Velvet Choker"],"potions_floor_usage":[6,8,8,16,16,18,24,24,24],"damage_taken":[{"damage":4,"enemies":"Small Slimes","floor":1,"turns":3},{"damage":1,"enemies":"Cultist","floor":2,"turns":3},{"damage":13,"enemies":"2 Louse","floor":4,"turns":3},{"damage":15,"enemies":"3 Sentries","floor":6,"turns":8},{"damage":11,"enemies":"Gremlin Nob","floor":8,"turns":3},{"damage":14,"enemies":"Exordium Thugs","floor":11,"turns":6},{"damage":3,"enemies":"Looter","floor":13,"turns":3},{"damage":41,"enemies":"Slime Boss","floor":16,"turns":7},{"damage":7,"enemies":"Chosen","floor":18,"turns":4},{"damage":25,"enemies":"Spheric Guardian","floor":21,"turns":4},{"damage":31,"enemies":"Slavers","floor":24,"turns":2}],"seed_played":"-8280047206039492730","potions_obtained":[{"floor":1,"key":"Strength Potion"},{"floor":2,"key":"Fire Potion"},{"floor":6,"key":"Energy Potion"},{"floor":13,"key":"Strength Potion"},{"floor":14,"key":"Dexterity Potion"},{"floor":16,"key":"Energy Potion"},{"floor":19,"key":"Ancient Potion"},{"floor":19,"key":"EntropicBrew"}],"is_trial":false,"path_per_floor":["M","M","?","M","?","E","R","E","T","$","M","R","M","?","R","B",null,"M","?","?","M","?","R"],"character_chosen":"DEFECT","items_purchased":["Static Discharge"],"campfire_rested":4,"item_purchase_floors":[10],"current_hp_per_floor":[60,59,59,46,46,31,52,41,41,41,27,48,45,45,66,25,60,53,53,32,7,7,28,0],"gold":258,"neow_bonus":"UPGRADE_CARD","is_prod":false,"is_daily":false,"chose_seed":false,"campfire_upgraded":0,"win_rate":0,"timestamp":1537962702,"path_taken":["M","M","?","M","?","E","R","E","T","$","M","R","M","?","R","BOSS","M","?","?","M","?","R","E"],"build_version":"2018-09-20","purchased_purges":1,"victory":false,"max_hp_per_floor":[71,71,71,71,71,71,71,71,71,71,71,71,71,71,71,71,71,71,71,71,71,71,71,71],"card_choices":[{"not_picked":["BootSequence","Streamline"],"picked":"Consume","floor":1},{"not_picked":["Compile Driver","Genetic Algorithm"],"picked":"Tempest","floor":2},{"not_picked":["Compile Driver","Aggregate"],"picked":"Glacier","floor":4},{"not_picked":["Melter","Go for the Eyes"],"picked":"Defragment","floor":6},{"not_picked":["Coolheaded","Beam Cell","Gash"],"picked":"SKIP","floor":8},{"not_picked":["Turbo","Go for the Eyes"],"picked":"Doom and Gloom","floor":11},{"not_picked":["Go for the Eyes","Turbo"],"picked":"Sweeping Beam","floor":13},{"not_picked":["Thunder Strike","Biased Cognition"],"picked":"Multi-Cast","floor":16},{"not_picked":["Stack","Doom and Gloom"],"picked":"Go for the Eyes+1","floor":18},{"not_picked":["Tempest","Storm"],"picked":"Coolheaded","floor":21}],"player_experience":693134,"relics_obtained":[{"floor":6,"key":"Bag of Marbles"},{"floor":8,"key":"MawBank"},{"floor":9,"key":"Tiny Chest"}],"event_choices":[{"event_name":"World of Goop","player_choice":"Left","floor":3,"damage_taken":0},{"event_name":"FaceTrader","player_choice":"Trade","floor":5,"damage_taken":0},{"event_name":"The Lab","player_choice":"Got Potions","floor":14,"damage_taken":0},{"event_name":"The Woman in Blue","player_choice":"Bought 2 Potions","floor":19,"damage_taken":0},{"event_name":"Cursed Tome","player_choice":"Obtained Book","floor":20,"damage_taken":0},{"event_name":"Nest","player_choice":"Stole From Cult","floor":22,"damage_taken":0}],"is_beta":false,"boss_relics":[{"not_picked":["White Beast Statue","Runic Dome"],"picked":"Velvet Choker"}],"items_purged_floors":[10],"is_endless":false,"potions_floor_spawned":[1,2,6,13,16],"killed_by":"Slavers","ascension_level":19}