{"gold_per_floor":[118,129,79,79,103,103,117,117,117,156,156,169,193,77,77,201,201,220,20,20,0],"floor_reached":21,"playtime":713,"items_purged":["Defend_B","Strike_B"],"score":269,"play_id":"4b2de2d5-00c1-4772-98e3-6b88456315b9","local_time":"20180918020913","is_ascension_mode":true,"campfire_choices":[{"floor":6,"key":"REST"},{"data":"Dualcast","floor":8,"key":"SMITH"},{"data":"Zap","floor":11,"key":"SMITH"},{"floor":15,"key":"REST"}],"neow_cost":"","seed_source_timestamp":220947136645204,"circlet_count":0,"master_deck":["Strike_B","Strike_B","Defend_B","Defend_B","Defend_B","Zap+1","Dualcast+1","AscendersBane","Gash","Sunder","Gash","Storm","Creative AI","White Noise+1","J.A.X."],"relics":["Cracked Core","Golden Idol","Kunai","Bottled Lightning","Black Star"],"potions_floor_usage":[7,10,16,16,16,18,21,21],"damage_taken":[{"damage":12,"enemies":"Small Slimes","floor":1,"turns":3},{"damage":6,"enemies":"Jaw Worm","floor":2,"turns":4},{"damage":1,"enemies":"Cultist","floor":5,"turns":3},{"damage":8,"enemies":"Blue Slaver","floor":7,"turns":3},{"damage":5,"enemies":"3 Sentries","floor":10,"turns":3},{"damage":2,"enemies":"Looter","floor":12,"turns":3},{"damage":9,"enemies":"3 Louse","floor":13,"turns":3},{"damage":57,"enemies":"Hexaghost","floor":16,"turns":9},{"damage":39,"enemies":"3 Byrds","floor":18,"turns":6},{"damage":25,"enemies":"2 Thieves","floor":21,"turns":3}],"seed_played":"311844782658863455","potions_obtained":[{"floor":1,"key":"Energy Potion"},{"floor":7,"key":"PowerPotion"},{"floor":13,"key":"EntropicBrew"},{"floor":16,"key":"Strength Potion"}],"is_trial":false,"path_per_floor":["M","M","?","?","M","R","M","R","T","E","R","M","M","$","R","B",null,"M","$","?"],"character_chosen":"DEFECT","items_purchased":["Storm","SkillPotion","AttackPotion"],"campfire_rested":2,"item_purchase_floors":[14,19,19],"current_hp_per_floor":[56,50,50,50,49,69,61,61,61,56,56,54,45,45,65,8,54,15,15,15,0],"gold":0,"neow_bonus":"","is_prod":false,"is_daily":false,"chose_seed":false,"campfire_upgraded":2,"win_rate":0,"timestamp":1537229353,"path_taken":["M","M","?","?","?","R","M","R","T","E","R","M","M","$","R","BOSS","M","$","?","M"],"build_version":"2018-09-06","purchased_purges":2,"victory":false,"max_hp_per_floor":[75,75,75,69,69,69,69,69,69,69,69,69,69,69,69,69,69,69,69,69,69],"card_choices":[{"not_picked":["Reinforced Body","Capacitor"],"picked":"Gash","floor":1},{"not_picked":["Double Energy","Recycle","Redo"],"picked":"SKIP","floor":2},{"not_picked":["Steam","Genetic Algorithm"],"picked":"Sunder","floor":5},{"not_picked":["Sunder","Redo"],"picked":"Gash","floor":7},{"not_picked":["Coolheaded","Fusion","Capacitor"],"picked":"SKIP","floor":10},{"not_picked":["Streamline","Rebound","Hello World"],"picked":"SKIP","floor":12},{"not_picked":["Redo","Chaos","Double Energy"],"picked":"SKIP","floor":13},{"not_picked":["Biased Cognition","Multi-Cast"],"picked":"Creative AI","floor":16},{"not_picked":["Steam+1","Go for the Eyes+1"],"picked":"White Noise+1","floor":18}],"player_experience":320388,"relics_obtained":[{"floor":9,"key":"Kunai"},{"floor":10,"key":"Bottled Lightning"}],"event_choices":[{"event_name":"The Cleric","player_choice":"Card Removal","floor":3,"damage_taken":0},{"event_name":"Golden Idol","player_choice":"Lose Max HP","floor":4,"damage_taken":0},{"event_name":"Drug Dealer","player_choice":"Got JAX","floor":20,"damage_taken":0}],"is_beta":false,"boss_relics":[{"not_picked":["Snecko Eye","White Beast Statue"],"picked":"Black Star"}],"items_purged_floors":[14,19],"is_endless":false,"potions_floor_spawned":[1,7,13,16],"killed_by":"2 Thieves","ascension_level":10}