{"gold_per_floor":[112,85,99,23,23,23,23,41,41,51,68,68,68,80,80,183,183,200,228,228,7,17,51,51,51,51,51,51,51,51,74,86,98],"floor_reached":33,"playtime":2131,"items_purged":["Strike_B"],"score":405,"play_id":"efe6634c-99e0-432b-9fb5-9f0ca174ab22","local_time":"20180919045755","is_ascension_mode":true,"campfire_choices":[{"data":"Dualcast","floor":6,"key":"SMITH"},{"floor":12,"key":"REST"},{"floor":15,"key":"REST"},{"floor":24,"key":"REST"},{"floor":27,"key":"REST"},{"floor":32,"key":"REST"}],"neow_cost":"NONE","seed_source_timestamp":316053204516836,"circlet_count":0,"master_deck":["Strike_B","Defend_B","Defend_B","Defend_B","Defend_B","Zap+1","Dualcast+1","AscendersBane","Melter","White Noise+1","Static Discharge+1","Multi-Cast","Undo+1","Sunder+1","Doom and Gloom","Core Surge","Cold Snap","Compile Driver+1","Tempest","Redo+1"],"relics":["Cracked Core","Gambling Chip","Nuclear Battery","Red Mask","War Paint","Art of War","Meat on the Bone","MawBank"],"potions_floor_usage":[16,16,25,25],"damage_taken":[{"damage":4,"enemies":"2 Louse","floor":1,"turns":3},{"damage":6,"enemies":"Small Slimes","floor":3,"turns":3},{"damage":0,"enemies":"Cultist","floor":8,"turns":4},{"damage":7,"enemies":"Looter","floor":10,"turns":3},{"damage":12,"enemies":"Gremlin Gang","floor":11,"turns":2},{"damage":10,"enemies":"2 Fungi Beasts","floor":14,"turns":3},{"damage":47,"enemies":"Hexaghost","floor":16,"turns":4},{"damage":0,"enemies":"Chosen","floor":18,"turns":4},{"damage":0,"enemies":"Masked Bandits","floor":19,"turns":3},{"damage":0,"enemies":"3 Byrds","floor":22,"turns":4},{"damage":45,"enemies":"Slavers","floor":23,"turns":4},{"damage":0,"enemies":"Colosseum Slavers","floor":25,"turns":2},{"damage":9,"enemies":"Centurion and Healer","floor":31,"turns":4},{"damage":102,"enemies":"Champ","floor":33,"turns":8}],"seed_played":"3463619165501502158","potions_obtained":[{"floor":3,"key":"Swift Potion"},{"floor":10,"key":"SneckoOil"},{"floor":11,"key":"Regen Potion"},{"floor":14,"key":"Dexterity Potion"},{"floor":19,"key":"SpeedPotion"},{"floor":23,"key":"SmokeBomb"}],"is_trial":false,"path_per_floor":["M","?","M","$","?","R","?","M","T","M","M","R","?","M","R","B",null,"M","?","?","$","M","E","R","?","T","R","$","?","T","M","R"],"character_chosen":"DEFECT","items_purchased":["Static Discharge","War Paint"],"campfire_rested":5,"item_purchase_floors":[4,21],"current_hp_per_floor":[64,64,58,58,58,58,58,58,58,51,39,61,54,44,66,33,65,65,65,65,65,65,20,42,42,42,64,64,64,64,55,75,0],"gold":98,"neow_bonus":"UPGRADE_CARD","is_prod":false,"is_daily":false,"chose_seed":false,"campfire_upgraded":1,"win_rate":0,"timestamp":1537325875,"path_taken":["M","?","M","$","?","R","?","?","T","M","M","R","?","?","R","BOSS","M","?","?","$","M","E","R","?","T","R","?","?","?","M","R","BOSS"],"build_version":"2018-09-06","purchased_purges":1,"victory":false,"max_hp_per_floor":[75,75,75,75,75,75,75,75,75,75,75,75,75,75,75,75,75,75,75,75,75,75,75,75,75,75,75,75,75,75,75,75,75],"card_choices":[{"not_picked":["Gash","Rebound"],"picked":"Melter","floor":1},{"not_picked":["Ball Lightning","Compile Driver"],"picked":"White Noise","floor":3},{"not_picked":["Cold Snap","Chaos"],"picked":"Multi-Cast","floor":8},{"not_picked":["Coolheaded","Stack"],"picked":"Undo","floor":10},{"not_picked":["Rebound","Ball Lightning"],"picked":"Sunder","floor":11},{"not_picked":["Stack","Conserve Battery"],"picked":"Doom and Gloom","floor":14},{"not_picked":["Reboot","Meteor Strike"],"picked":"Core Surge","floor":16},{"not_picked":["Turbo","Capacitor+1"],"picked":"Cold Snap","floor":18},{"not_picked":["Leap","Stack"],"picked":"Compile Driver+1","floor":22},{"not_picked":["Loop","Coolheaded"],"picked":"Tempest","floor":23},{"not_picked":["Genetic Algorithm","Go for the Eyes"],"picked":"Redo+1","floor":31}],"player_experience":389085,"relics_obtained":[{"floor":9,"key":"Gambling Chip"},{"floor":19,"key":"Red Mask"},{"floor":23,"key":"Art of War"},{"floor":26,"key":"Meat on the Bone"},{"floor":30,"key":"MawBank"}],"event_choices":[{"event_name":"World of Goop","player_choice":"Left","floor":2,"damage_taken":0},{"event_name":"Living Wall","player_choice":"Grow","floor":5,"damage_taken":0},{"event_name":"Bonfire Elementals","player_choice":"BASIC","floor":7,"damage_taken":0},{"event_name":"Golden Wing","player_choice":"Card Removal","floor":13,"damage_taken":0},{"event_name":"Masked Bandits","player_choice":"Fought Bandits","floor":19,"damage_taken":0},{"event_name":"Vampires","player_choice":"Ignored","floor":20,"damage_taken":0},{"event_name":"Colosseum","player_choice":"Fight","floor":25,"damage_taken":0},{"event_name":"Colosseum","player_choice":"Fled From Nobs","floor":25,"damage_taken":0},{"event_name":"Accursed Blacksmith","player_choice":"Forge","floor":29,"damage_taken":0}],"is_beta":false,"boss_relics":[{"not_picked":["Ectoplasm","Snecko Eye"],"picked":"Nuclear Battery"}],"items_purged_floors":[21],"is_endless":false,"potions_floor_spawned":[3,10,11,14,19,23],"killed_by":"Champ","ascension_level":12}