{"gold_per_floor":[114,129,144,69,69,84,99,99,99,114,114,129,129,159,159,259,259,274,40,40,55,70,100,100,115,115,130,130,145,160,160,160,260,260,275,85,100,0,15,45,45,60,60,75,75,90,90,105,105,105],"floor_reached":51,"playtime":3957,"items_purged":["Forethought","Madness"],"score":705,"play_id":"0bb40d91-a602-4efe-817b-2b3d00c477f6","local_time":"20181018181005","daily_mods":["Allstar","Uncertain Future","Terminal"],"is_ascension_mode":false,"campfire_choices":[{"data":"Burst","floor":11,"key":"SMITH"},{"data":"Blade Dance","floor":13,"key":"SMITH"},{"data":"After Image","floor":15,"key":"SMITH"},{"data":"Sucker Punch","floor":24,"key":"SMITH"},{"data":"Crippling Poison","floor":28,"key":"SMITH"},{"data":"Blade Dance","floor":32,"key":"SMITH"},{"data":"Blade Dance","floor":41,"key":"SMITH"},{"data":"Infinite Blades","floor":47,"key":"SMITH"},{"floor":49,"key":"REST"}],"neow_cost":"","seed_source_timestamp":0,"circlet_count":0,"master_deck":["Defend_G","Defend_G","Defend_G","Defend_G","Defend_G","Strike_G","Strike_G+1","Strike_G","Strike_G","Strike_G+1","Survivor","Neutralize+1","Purity","Thinking Ahead","Backflip","Sucker Punch+1","Deadly Poison","Dagger Spray","Heel Hook","Burst+1","Blade Dance+1","After Image+1","Die Die Die","Crippling Poison+1","Bouncing Flask","Footwork","Caltrops+1","Blade Dance+1","Secret Technique","Glass Knife","Infinite Blades+1","Acrobatics","Blade Dance+1","Doubt","Writhe","Crippling Poison","Escape Plan"],"special_seed":17823,"relics":["Ring of the Snake","Kunai","Strawberry","Odd Mushroom","Bag of Preparation","Busted Crown","TwistedFunnel","MutagenicStrength","Dream Catcher","Whetstone","Cursed Key","Red Mask","Darkstone Periapt","Question Card"],"potions_floor_usage":[2,7,16,33,37,46,50,50,50],"damage_taken":[{"damage":0,"enemies":"2 Louse","floor":1,"turns":3},{"damage":0,"enemies":"Small Slimes","floor":2,"turns":3},{"damage":0,"enemies":"Cultist","floor":3,"turns":4},{"damage":0,"enemies":"3 Louse","floor":6,"turns":4},{"damage":0,"enemies":"Large Slime","floor":7,"turns":5},{"damage":0,"enemies":"Exordium Thugs","floor":10,"turns":4},{"damage":8,"enemies":"The Mushroom Lair","floor":12,"turns":4},{"damage":7,"enemies":"Lagavulin","floor":14,"turns":7},{"damage":1,"enemies":"Slime Boss","floor":16,"turns":11},{"damage":0,"enemies":"Spheric Guardian","floor":18,"turns":3},{"damage":0,"enemies":"3 Byrds","floor":21,"turns":2},{"damage":0,"enemies":"Snake Plant","floor":22,"turns":4},{"damage":0,"enemies":"Book of Stabbing","floor":23,"turns":6},{"damage":4,"enemies":"Shelled Parasite and Fungi","floor":25,"turns":4},{"damage":2,"enemies":"Centurion and Healer","floor":27,"turns":5},{"damage":0,"enemies":"Snecko","floor":29,"turns":5},{"damage":0,"enemies":"Chosen and Byrds","floor":30,"turns":3},{"damage":27,"enemies":"Automaton","floor":33,"turns":8},{"damage":0,"enemies":"3 Darklings","floor":35,"turns":3},{"damage":0,"enemies":"3 Shapes","floor":37,"turns":3},{"damage":0,"enemies":"Spire Growth","floor":39,"turns":4},{"damage":15,"enemies":"Giant Head","floor":40,"turns":9},{"damage":0,"enemies":"4 Shapes","floor":42,"turns":4},{"damage":0,"enemies":"Reptomancer","floor":44,"turns":4},{"damage":0,"enemies":"Maw","floor":46,"turns":7},{"damage":16,"enemies":"Spire Growth","floor":48,"turns":4},{"damage":9,"enemies":"Donu and Deca","floor":50,"turns":8}],"seed_played":"-7407834617241982638","potions_obtained":[{"floor":1,"key":"AttackPotion"},{"floor":6,"key":"Weak Potion"},{"floor":7,"key":"PowerPotion"},{"floor":12,"key":"GamblersBrew"},{"floor":14,"key":"PowerPotion"},{"floor":25,"key":"Dexterity Potion"},{"floor":29,"key":"Strength Potion"},{"floor":40,"key":"PowerPotion"},{"floor":44,"key":"FearPotion"},{"floor":46,"key":"SteroidPotion"}],"is_trial":false,"path_per_floor":["M","M","M","$","?","M","M","?","T","M","R","?","R","E","R","B",null,"M","$","?","M","M","E","R","M","T","M","R","M","M","?","R","B",null,"M","$","M","?","M","E","R","M","T","M","?","M","R","M","R","B"],"character_chosen":"THE_SILENT","items_purchased":["TwistedFunnel","Crippling Poison","Infinite Blades","Acrobatics"],"campfire_rested":1,"item_purchase_floors":[19,19,36,36],"current_hp_per_floor":[68,67,66,65,62,62,62,61,67,66,65,57,57,50,50,49,59,58,57,56,55,54,53,52,48,48,46,46,46,46,45,44,17,42,41,40,39,38,37,22,22,22,28,28,43,42,41,25,37,28],"gold":105,"neow_bonus":"","is_prod":false,"is_daily":true,"chose_seed":false,"campfire_upgraded":8,"win_rate":0,"timestamp":1539911405,"path_taken":["M","M","M","$","?","M","M","?","T","M","R","?","R","E","R","BOSS","M","$","?","M","M","E","R","?","T","M","R","M","M","?","R","BOSS","M","$","M","?","M","E","R","M","T","M","?","?","R","M","R","BOSS"],"build_version":"2018-10-11","purchased_purges":2,"victory":true,"max_hp_per_floor":[68,67,66,65,64,63,62,61,67,66,65,64,63,62,61,60,59,58,57,56,55,54,53,52,51,50,49,48,47,46,45,44,43,42,41,40,39,38,37,36,35,34,39,38,43,42,41,40,39,38],"card_choices":[{"not_picked":["Flechettes","Prepared"],"picked":"Backflip","floor":1},{"not_picked":["Dagger Throw","Dagger Spray"],"picked":"Sucker Punch","floor":2},{"not_picked":["Deflect","Riddle With Holes"],"picked":"Deadly Poison","floor":3},{"not_picked":["Acrobatics","Quick Slash"],"picked":"Dagger Spray","floor":6},{"not_picked":["Dagger Spray","Endless Agony"],"picked":"Heel Hook","floor":7},{"not_picked":["Footwork","Bane"],"picked":"Burst","floor":10},{"not_picked":["Crippling Poison","Backflip"],"picked":"Blade Dance","floor":12},{"not_picked":["Storm of Steel","Masterful Stab"],"picked":"After Image","floor":14},{"not_picked":["Doppelganger","Phantasmal Killer"],"picked":"Die Die Die","floor":16},{"not_picked":["All Out Attack"],"picked":"SKIP","floor":18},{"not_picked":["Slice"],"picked":"SKIP","floor":21},{"not_picked":[],"picked":"Bouncing Flask","floor":22},{"not_picked":["Masterful Stab"],"picked":"SKIP","floor":23},{"not_picked":[],"picked":"Footwork","floor":25},{"not_picked":[],"picked":"Caltrops+1","floor":27},{"not_picked":[],"picked":"Blade Dance","floor":29},{"not_picked":["Acrobatics"],"picked":"SKIP","floor":30},{"not_picked":[],"picked":"Glass Knife","floor":33},{"not_picked":["Flechettes+1"],"picked":"SKIP","floor":35},{"not_picked":["PiercingWail"],"picked":"SKIP","floor":37},{"not_picked":[],"picked":"Blade Dance","floor":39},{"not_picked":["Slice+1"],"picked":"SKIP","floor":40},{"not_picked":["Flying Knee+1"],"picked":"SKIP","floor":42},{"not_picked":["Caltrops+1","Calculated Gamble"],"picked":"SKIP","floor":44},{"not_picked":["Outmaneuver+1"],"picked":"Crippling Poison","floor":46},{"not_picked":["Dagger Throw+1","Sucker Punch+1"],"picked":"SKIP","floor":48},{"not_picked":["Deflect"],"picked":"Escape Plan","floor":49}],"player_experience":503746,"relics_obtained":[{"floor":9,"key":"Strawberry"},{"floor":12,"key":"Odd Mushroom"},{"floor":14,"key":"Bag of Preparation"},{"floor":23,"key":"Dream Catcher"},{"floor":26,"key":"Whetstone"},{"floor":40,"key":"Darkstone Periapt"},{"floor":43,"key":"Question Card"}],"event_choices":[{"event_name":"Scrap Ooze","player_choice":"success","floor":5,"damage_taken":3},{"event_name":"Living Wall","player_choice":"Grow","floor":8,"damage_taken":0},{"event_name":"Mushrooms","player_choice":"Fought Mushrooms","floor":12,"damage_taken":0},{"event_name":"Drug Dealer","player_choice":"Inject Mutagens","floor":20,"damage_taken":0},{"event_name":"Transmorgrifier","player_choice":"Transform","floor":31,"damage_taken":0},{"event_name":"Tomb of Lord Red Mask","player_choice":"Paid","floor":38,"damage_taken":0},{"event_name":"Winding Halls","player_choice":"Writhe","floor":45,"damage_taken":0}],"is_beta":false,"boss_relics":[{"not_picked":["Pandora\u0027s Box","Eternal Feather"],"picked":"Busted Crown"},{"not_picked":["Snecko Eye","Lizard Tail"],"picked":"Cursed Key"}],"items_purged_floors":[4,36],"is_endless":false,"potions_floor_spawned":[1,6,7,12,14,25,29,30,40,44,46],"ascension_level":0}