{"gold_per_floor":[112,112,62,62,62,93,117,130,130,130,161,180,180,196,196,196],"floor_reached":16,"playtime":334,"items_purged":[],"score":125,"play_id":"6c8b7e96-f4a4-4cd2-a6cb-0143eaac71bb","local_time":"20190122193402","is_ascension_mode":false,"campfire_choices":[{"floor":10,"key":"RECALL"},{"data":"Flame Barrier","floor":13,"key":"SMITH"},{"data":"Perfected Strike","floor":15,"key":"SMITH"}],"neow_cost":"NONE","seed_source_timestamp":0,"circlet_count":0,"master_deck":["Strike_R","Strike_R","Strike_R","Strike_R","Defend_R","Defend_R","Defend_R","Defend_R","Bash","Perfected Strike+1","Perfected Strike","Injury","Twin Strike+1","Flame Barrier+1","Twin Strike+1"],"special_seed":0,"relics":["Burning Blood","NeowsBlessing","Molten Egg 2","Golden Idol","Regal Pillow","Ancient Tea Set","Odd Mushroom"],"potions_floor_usage":[11,16,16],"damage_taken":[{"damage":0,"enemies":"2 Louse","floor":1,"turns":1},{"damage":0,"enemies":"Lagavulin","floor":6,"turns":2},{"damage":0,"enemies":"Cultist","floor":7,"turns":1},{"damage":0,"enemies":"Jaw Worm","floor":8,"turns":3},{"damage":18,"enemies":"The Mushroom Lair","floor":11,"turns":3},{"damage":11,"enemies":"Large Slime","floor":12,"turns":4},{"damage":4,"enemies":"Gremlin Gang","floor":14,"turns":4},{"damage":68,"enemies":"Hexaghost","floor":16,"turns":9}],"seed_played":"456898671209878161","potions_obtained":[{"floor":6,"key":"Explosive Potion"},{"floor":8,"key":"SkillPotion"},{"floor":11,"key":"AttackPotion"}],"is_trial":false,"path_per_floor":["M","?","$","?","?","E","M","M","T","R","?","M","R","M","R","B"],"character_chosen":"IRONCLAD","items_purchased":["Perfected Strike"],"campfire_rested":0,"item_purchase_floors":[3],"current_hp_per_floor":[80,80,80,68,68,74,80,80,80,80,68,63,63,65,65,0],"gold":196,"neow_bonus":"THREE_ENEMY_KILL","is_prod":false,"is_daily":false,"chose_seed":false,"campfire_upgraded":2,"win_rate":0,"timestamp":1548203642,"path_taken":["M","?","?","?","?","E","?","M","T","R","?","M","R","M","R","BOSS"],"build_version":"2019-01-17v2","purchased_purges":0,"victory":false,"max_hp_per_floor":[80,80,80,80,80,80,80,80,80,80,80,80,80,80,80,80],"card_choices":[{"not_picked":["Clothesline","Pummel"],"picked":"Perfected Strike","floor":1},{"not_picked":["Clothesline+1","Carnage+1"],"picked":"Twin Strike+1","floor":6},{"not_picked":["Bloodletting","Headbutt+1"],"picked":"Flame Barrier","floor":7},{"not_picked":["Carnage+1","True Grit"],"picked":"Twin Strike+1","floor":8},{"not_picked":["Sword Boomerang+1","Clothesline+1","Headbutt+1"],"picked":"SKIP","floor":12},{"not_picked":["Thunderclap+1","Wild Strike+1","Immolate+1"],"picked":"SKIP","floor":14}],"player_experience":568167,"relics_obtained":[{"floor":6,"key":"Regal Pillow"},{"floor":9,"key":"Ancient Tea Set"},{"floor":11,"key":"Odd Mushroom"}],"event_choices":[{"cards_removed":["Strike_R"],"damage_healed":0,"gold_gain":0,"player_choice":"Offered Basic","damage_taken":0,"max_hp_gain":0,"max_hp_loss":0,"event_name":"Bonfire Elementals","floor":2,"gold_loss":0},{"damage_healed":0,"gold_gain":0,"player_choice":"Success","damage_taken":12,"relics_obtained":["Molten Egg 2"],"max_hp_gain":0,"max_hp_loss":0,"event_name":"Scrap Ooze","floor":4,"gold_loss":0},{"damage_healed":0,"gold_gain":0,"player_choice":"Take Wound","damage_taken":0,"relics_obtained":["Golden Idol"],"max_hp_gain":0,"max_hp_loss":0,"event_name":"Golden Idol","floor":5,"gold_loss":0,"cards_obtained":["Injury"]},{"damage_healed":0,"gold_gain":0,"player_choice":"Fought Mushrooms","damage_taken":0,"max_hp_gain":0,"max_hp_loss":0,"event_name":"Mushrooms","floor":11,"gold_loss":0}],"is_beta":false,"boss_relics":[],"items_purged_floors":[],"is_endless":false,"potions_floor_spawned":[6,8,11],"killed_by":"Hexaghost","ascension_level":0}