{"gold_per_floor":[114,129,144,144,163,201,201,239,289,308,346,151,151,170,170,295,295,314,169,188,208,227,265,265,303,303,303,303,341,341,61,61,186,186,205,224,249,1248,1248,1248,48,48,48,86,4,342,361,399,399,399],"floor_reached":51,"playtime":2584,"items_purged":["Strike_B","Pain","Normality"],"score":1209,"play_id":"69264ffb-8d8b-4022-85d9-0dc732329350","local_time":"20180630012842","daily_mods":["Heirloom","Cursed Run","Terminal"],"is_ascension_mode":false,"campfire_choices":[{"data":"Genetic Algorithm","floor":7,"key":"SMITH"},{"data":"Sunder","floor":13,"key":"SMITH"},{"data":"Zap","floor":15,"key":"SMITH"},{"data":"Creative AI","floor":24,"key":"SMITH"},{"data":"Dualcast","floor":28,"key":"SMITH"},{"data":"Loop","floor":32,"key":"SMITH"},{"data":"Coolheaded","floor":40,"key":"SMITH"},{"data":"Beam Cell","floor":42,"key":"SMITH"},{"data":"Flash of Steel","floor":49,"key":"SMITH"}],"neow_cost":"","seed_source_timestamp":0,"circlet_count":0,"master_deck":["Strike_B","Strike_B","Strike_B","Defend_B","Defend_B","Defend_B","Defend_B","Zap+1","Dualcast+1","Coolheaded+1","Streamline","Beam Cell+1","FTL","Genetic Algorithm+1","Sunder+1","Parasite","Loop+1","Auto Shields","Creative AI+1","Doom and Gloom","Flash of Steel+1","Skim+1","Capacitor+1","Leap+1","Force Field","Doubt","Doubt","Injury","Amplify+1","Redo+1","Pain","Normality","Madness+1","Madness+1","Injury","Trip+1","Rebound+1","Loop+1","Pain"],"special_seed":17712,"relics":["Cursed Key","Darkstone Periapt","Du-Vu Doll","Torii","Golden Idol","Emotion Chip","Dream Catcher","Vajra","Oddly Smooth Stone","Tiny Chest","Sozu","Red Mask","Ice Cream","Toolbox","Dead Branch","Mummified Hand","The Courier","Toxic Egg 2","Black Star","Bronze Scales","Bird Faced Urn","Runic Capacitor","Centennial Puzzle","Blue Candle","Dodecahedron","Pantograph","Unceasing Top","Turnip","Peace Pipe","Old Coin","Smiling Mask","Bottled Flame"],"potions_floor_usage":[6,8,29,50],"damage_taken":[{"damage":0,"enemies":"Cultist","floor":1,"turns":3},{"damage":0,"enemies":"2 Louse","floor":2,"turns":3},{"damage":0,"enemies":"Jaw Worm","floor":3,"turns":4},{"damage":2,"enemies":"Lots of Slimes","floor":5,"turns":4},{"damage":0,"enemies":"3 Sentries","floor":6,"turns":8},{"damage":0,"enemies":"Gremlin Nob","floor":8,"turns":4},{"damage":0,"enemies":"Red Slaver","floor":10,"turns":3},{"damage":1,"enemies":"3 Sentries","floor":11,"turns":5},{"damage":0,"enemies":"Gremlin Gang","floor":14,"turns":4},{"damage":9,"enemies":"The Guardian","floor":16,"turns":10},{"damage":20,"enemies":"3 Byrds","floor":18,"turns":5},{"damage":2,"enemies":"Shell Parasite","floor":20,"turns":4},{"damage":4,"floor":21,"turns":4},{"damage":2,"enemies":"Centurion and Healer","floor":22,"turns":4},{"damage":16,"enemies":"Book of Stabbing","floor":23,"turns":5},{"damage":7,"enemies":"Gremlin Leader","floor":25,"turns":7},{"damage":15,"enemies":"Book of Stabbing","floor":29,"turns":6},{"damage":16,"enemies":"Collector","floor":33,"turns":6},{"damage":0,"enemies":"Flame Bruiser 1 Orb","floor":35,"turns":9},{"damage":0,"enemies":"3 Darklings","floor":36,"turns":4},{"damage":11,"enemies":"Nemesis","floor":44,"turns":5},{"damage":3,"enemies":"2 Orb Walkers","floor":46,"turns":3},{"damage":7,"enemies":"Transient","floor":47,"turns":5},{"damage":4,"enemies":"Nemesis","floor":48,"turns":5},{"damage":17,"enemies":"Awakened One","floor":50,"turns":4}],"seed_played":"-1755974802296634168","potions_obtained":[{"floor":2,"key":"GamblersBrew"},{"floor":3,"key":"Weak Potion"},{"floor":11,"key":"FairyPotion"},{"floor":14,"key":"Strength Potion"},{"floor":16,"key":"Weak Potion"}],"is_trial":false,"path_per_floor":["M","M","M","?","M","E","R","E","T","M","E","$","R","M","R","B",null,"M","$","M","?","M","E","R","E","T","T","R","E","?","$","R","B",null,"M","M","T","?","?","R","$","R","T","E","$","E","M","E","R","B"],"character_chosen":"DEFECT","items_purchased":["Tiny Chest","Doom and Gloom","Flash of Steel","Toxic Egg 2","Bird Faced Urn","Runic Capacitor","Centennial Puzzle","Blue Candle","Dodecahedron","Trip+1"],"campfire_rested":0,"item_purchase_floors":[12,19,19,31,41,41,41,41,41,45],"current_hp_per_floor":[73,72,71,54,52,52,52,52,58,58,57,57,57,57,57,54,69,49,49,47,43,41,25,25,18,24,30,30,15,38,38,38,28,70,69,68,73,84,73,73,73,73,79,76,76,77,81,80,79,84],"gold":399,"neow_bonus":"","is_prod":false,"is_daily":true,"chose_seed":false,"campfire_upgraded":9,"win_rate":0,"timestamp":1530336522,"path_taken":["M","M","M","?","M","E","R","E","T","?","E","?","R","?","R","BOSS","M","$","M","?","M","E","R","E","T","?","R","E","?","$","R","BOSS","M","M","?","?","?","R","$","R","T","E","?","E","M","E","R","BOSS"],"build_version":"2018-06-28","purchased_purges":3,"victory":true,"max_hp_per_floor":[73,72,71,70,69,68,67,66,71,70,69,68,67,66,65,70,69,68,67,66,65,64,63,62,61,66,71,70,69,68,67,66,71,70,69,68,73,84,83,82,81,80,85,84,83,82,81,80,79,84],"card_choices":[{"not_picked":["Turbo","Darkness"],"picked":"Coolheaded","floor":1},{"not_picked":["Go for the Eyes","Conserve Battery"],"picked":"Streamline","floor":2},{"not_picked":["Biased Cognition","Go for the Eyes"],"picked":"Beam Cell","floor":3},{"not_picked":["Self Repair","Reinforced Body"],"picked":"FTL","floor":5},{"not_picked":["Steam","Auto Shields"],"picked":"Genetic Algorithm","floor":6},{"not_picked":["Blizzard","Redo"],"picked":"Sunder","floor":8},{"not_picked":["Stack","Self Repair","Cold Snap"],"picked":"SKIP","floor":10},{"not_picked":["Aggregate","Redo"],"picked":"Loop","floor":11},{"not_picked":["Streamline","Stack"],"picked":"Auto Shields","floor":14},{"not_picked":["Hyperbeam","Machine Learning"],"picked":"Creative AI","floor":16},{"not_picked":["Static Discharge","Cold Snap","Hello World"],"picked":"SKIP","floor":18},{"not_picked":["Ball Lightning","Chill"],"picked":"Skim+1","floor":20},{"not_picked":["Barrage","Coolheaded"],"picked":"Capacitor+1","floor":22},{"not_picked":["Stack+1","Machine Learning"],"picked":"Leap+1","floor":23},{"not_picked":["Sweeping Beam+1","Stack"],"picked":"Force Field","floor":25},{"not_picked":["Scrape","Consume","Ball Lightning"],"picked":"SKIP","floor":29},{"not_picked":["Echo Form","Core Surge"],"picked":"Amplify+1","floor":33},{"not_picked":["Aggregate+1","Leap+1","Lockon"],"picked":"SKIP","floor":35},{"not_picked":["Cold Snap+1","Streamline"],"picked":"Redo+1","floor":36},{"not_picked":["Streamline","Darkness+1","Stack+1"],"picked":"SKIP","floor":44},{"not_picked":["Stack+1","Leap+1"],"picked":"Rebound+1","floor":46},{"not_picked":["Reprogram+1","Coolheaded+1"],"picked":"Loop+1","floor":47},{"not_picked":["Leap+1","Rainbow+1","Compile Driver+1"],"picked":"SKIP","floor":48}],"player_experience":322787,"relics_obtained":[{"floor":6,"key":"Emotion Chip"},{"floor":8,"key":"Dream Catcher"},{"floor":9,"key":"Vajra"},{"floor":11,"key":"Oddly Smooth Stone"},{"floor":21,"key":"Red Mask"},{"floor":23,"key":"Ice Cream"},{"floor":25,"key":"Toolbox"},{"floor":26,"key":"Dead Branch"},{"floor":27,"key":"Mummified Hand"},{"floor":29,"key":"The Courier"},{"floor":37,"key":"Bronze Scales"},{"floor":43,"key":"Pantograph"},{"floor":44,"key":"Unceasing Top"},{"floor":44,"key":"Turnip"},{"floor":46,"key":"Peace Pipe"},{"floor":46,"key":"Old Coin"},{"floor":48,"key":"Smiling Mask"},{"floor":48,"key":"Bottled Flame"}],"event_choices":[{"event_name":"Golden Idol","player_choice":"Take Damage","floor":4,"damage_taken":0},{"event_name":"Masked Bandits","player_choice":"Fought over 188 gold","floor":21,"damage_taken":0},{"event_name":"The Library","player_choice":"Heal","floor":30,"damage_taken":0},{"event_name":"MindBloom","player_choice":"Gold","floor":38,"damage_taken":0},{"event_name":"Winding Halls","player_choice":"Embrace Madness","floor":39,"damage_taken":0}],"boss_relics":[{"not_picked":["Astrolabe","Orrery"],"picked":"Sozu"},{"not_picked":["White Beast Statue","Nuclear Battery"],"picked":"Black Star"}],"items_purged_floors":[12,31,41],"is_endless":false,"potions_floor_spawned":[2,3,11,14,16,18,22,29,36,48],"ascension_level":0}