{"gold_per_floor":[119,44,144,156,167,167,230,248,248,248,248,248,265,294,294,294],"floor_reached":16,"playtime":1264,"items_purged":["Strike_B"],"score":143,"play_id":"744b991d-c09b-4f87-b307-126d481c4c4a","local_time":"20180916155029","is_ascension_mode":true,"campfire_choices":[{"data":"Zap","floor":6,"key":"SMITH"},{"floor":10,"key":"REST"},{"data":"Biased Cognition","floor":12,"key":"SMITH"},{"floor":15,"key":"REST"}],"neow_cost":"NONE","seed_source_timestamp":96872656570413,"circlet_count":0,"master_deck":["Strike_B","Strike_B","Strike_B","Defend_B+1","Defend_B","Defend_B","Defend_B","Zap+1","Dualcast+1","Reinforced Body","Sweeping Beam","Rebound","Biased Cognition+1","Beam Cell","Parasite"],"relics":["Cursed Key","Tiny Chest","War Paint","Gremlin Horn"],"potions_floor_usage":[7,8,13,14],"damage_taken":[{"damage":4,"enemies":"Small Slimes","floor":1,"turns":4},{"damage":0,"enemies":"Cultist","floor":4,"turns":4},{"damage":3,"enemies":"2 Louse","floor":5,"turns":3},{"damage":22,"enemies":"Gremlin Nob","floor":7,"turns":4},{"damage":0,"enemies":"Large Slime","floor":8,"turns":6},{"damage":0,"enemies":"Blue Slaver","floor":13,"turns":4},{"damage":10,"enemies":"3 Sentries","floor":14,"turns":4},{"damage":83,"enemies":"Hexaghost","floor":16,"turns":9}],"seed_played":"-3220086331669612633","potions_obtained":[{"floor":1,"key":"Block Potion"},{"floor":4,"key":"SpeedPotion"},{"floor":5,"key":"Dexterity Potion"},{"floor":13,"key":"PowerPotion"}],"is_trial":false,"path_per_floor":["M","$","?","M","M","R","E","M","T","R","?","R","M","E","R"],"character_chosen":"DEFECT","items_purchased":[],"campfire_rested":2,"item_purchase_floors":[],"current_hp_per_floor":[64,64,64,64,61,61,39,39,39,61,66,66,66,56,80,0],"gold":294,"neow_bonus":"BOSS_RELIC","is_prod":false,"is_daily":false,"chose_seed":false,"campfire_upgraded":2,"win_rate":0,"timestamp":1537105829,"path_taken":["M","$","?","M","M","R","E","M","T","R","?","R","M","E","R","BOSS"],"build_version":"2018-09-06","purchased_purges":1,"victory":false,"max_hp_per_floor":[75,75,75,75,75,75,75,75,75,75,80,80,80,80,80,80],"card_choices":[{"not_picked":["Chill","Steam"],"picked":"Reinforced Body","floor":1},{"not_picked":["Coolheaded","Ball Lightning"],"picked":"Sweeping Beam","floor":4},{"not_picked":["Go for the Eyes","Coolheaded"],"picked":"Rebound","floor":5},{"not_picked":["Reprogram","Fission"],"picked":"Biased Cognition","floor":7},{"not_picked":["Gash","Chill"],"picked":"Beam Cell","floor":8},{"not_picked":["Redo","Steam","Compile Driver"],"picked":"SKIP","floor":13},{"not_picked":["Barrage","Chaos","Streamline"],"picked":"SKIP","floor":14}],"player_experience":233441,"relics_obtained":[{"floor":7,"key":"Tiny Chest"},{"floor":9,"key":"War Paint"},{"floor":14,"key":"Gremlin Horn"}],"event_choices":[{"event_name":"Golden Shrine","player_choice":"Pray","floor":3,"damage_taken":0},{"event_name":"Big Fish","player_choice":"Donut","floor":11,"damage_taken":0}],"is_beta":false,"boss_relics":[],"items_purged_floors":[2],"is_endless":false,"potions_floor_spawned":[1,4,5,13],"killed_by":"Hexaghost","ascension_level":6}