{"path_per_floor":["M","?","M","T","?","E","R","?","T","M","R","T","M","M","R","B",null,"M","?","M","$","?","R"],"character_chosen":"DEFECT","items_purchased":["Apotheosis","Mummified Hand"],"gold_per_floor":[113,113,131,200,200,231,231,231,256,279,279,279,292,310,310,431,431,404,404,428,10,10,10,10],"floor_reached":24,"campfire_rested":4,"playtime":981,"current_hp_per_floor":[65,58,49,49,54,9,33,33,33,30,54,54,61,44,68,20,80,39,65,32,32,32,56,0],"items_purged":["Injury"],"gold":10,"score":194,"play_id":"23360bc1-b87a-43d0-9866-b95e374030fc","local_time":"20180514212521","is_prod":false,"is_daily":false,"chose_seed":false,"is_ascension_mode":false,"campfire_upgraded":0,"timestamp":1526358321,"path_taken":["M","?","?","?","?","E","R","?","T","M","R","?","M","M","R","BOSS","M","?","M","$","?","R","E"],"build_version":"2018-05-12v2","seed_source_timestamp":92771751515065,"purchased_purges":1,"victory":false,"master_deck":["Strike_B","Strike_B","Strike_B","Defend_B","Defend_B","Defend_B","Defend_B","Zap","Dualcast","White Noise","Self Repair","Coolheaded","Storm","Ball Lightning","Creative AI","Hello World","Apotheosis","Writhe"],"max_hp_per_floor":[75,75,75,75,80,80,80,80,80,80,80,80,80,80,80,80,80,80,80,80,80,80,80,80],"relics":["Runic Pyramid","Dodecahedron","Pen Nib","Golden Idol","Art of War","The Courier","Cursed Key","Mummified Hand","Potion Belt"],"card_choices":[{"not_picked":["Stack","Hologram"],"picked":"White Noise","floor":1},{"not_picked":["Hologram","Streamline","Rip and Tear"],"picked":"SKIP","floor":3},{"not_picked":["Darkness","Amplify"],"picked":"Self Repair","floor":6},{"not_picked":["Scrape","Hologram"],"picked":"Coolheaded","floor":10},{"not_picked":["Skim","Blizzard"],"picked":"Storm","floor":13},{"not_picked":["Beam Cell","Axe Kick"],"picked":"Ball Lightning","floor":14},{"not_picked":["Electrodynamics","Machine Learning"],"picked":"Creative AI","floor":16},{"not_picked":["Reprogram+1","Redo","Barrage"],"picked":"SKIP","floor":18},{"not_picked":["Steam","Axe Kick"],"picked":"Hello World","floor":20}],"player_experience":86349,"potions_floor_usage":[],"damage_taken":[{"damage":10,"enemies":"Jaw Worm","floor":1,"turns":4},{"damage":9,"enemies":"2 Louse","floor":3,"turns":3},{"damage":45,"enemies":"3 Sentries","floor":6,"turns":11},{"damage":10,"enemies":"Cultist","floor":10,"turns":4},{"damage":0,"enemies":"Exordium Wildlife","floor":13,"turns":4},{"damage":24,"enemies":"Red Slaver","floor":14,"turns":5},{"damage":55,"enemies":"The Guardian","floor":16,"turns":13},{"damage":48,"enemies":"2 Thieves","floor":18,"turns":5},{"damage":47,"enemies":"Chosen","floor":20,"turns":6},{"damage":58,"enemies":"Slavers","floor":24,"turns":3}],"event_choices":[{"event_name":"Golden Wing","player_choice":"Card Removal","floor":2,"damage_taken":0},{"event_name":"Big Fish","player_choice":"Donut","floor":5,"damage_taken":0},{"event_name":"Golden Idol","player_choice":"Take Wound","floor":8,"damage_taken":0},{"event_name":"The Library","player_choice":"Heal","floor":19,"damage_taken":0},{"event_name":"The Mausoleum","player_choice":"Yes","floor":22,"damage_taken":0}],"boss_relics":[{"not_picked":["Calling Bell","Nuclear Battery"],"picked":"Cursed Key"}],"potions_floor_spawned":[1,10,14],"seed_played":"-7901762134509063535","killed_by":"Slavers","ascension_level":0,"is_trial":false}