{"path_per_floor":["M","?","M","M","?","E","M","R","T","R","?","M","E","M","R","B",null],"character_chosen":"DEFECT","items_purchased":[],"gold_per_floor":[115,115,129,142,217,248,267,267,267,267,217,233,273,298,298,424,454,475],"floor_reached":18,"campfire_rested":2,"playtime":782,"item_purchase_floors":[],"current_hp_per_floor":[75,57,56,54,43,14,2,30,30,36,36,36,9,11,39,24,93,32],"items_purged":[],"gold":475,"score":208,"play_id":"d6d4f7c0-df96-43df-95e3-fbd3b285f863","local_time":"20180521201939","is_prod":false,"is_daily":false,"chose_seed":false,"is_ascension_mode":true,"campfire_upgraded":1,"timestamp":1526959179,"campfire_choices":[{"floor":8,"key":"REST"},{"data":"Consume","floor":10,"key":"SMITH"},{"floor":15,"key":"REST"}],"path_taken":["M","?","?","M","?","E","M","R","T","R","?","M","E","M","R","BOSS","M"],"build_version":"2018-05-18","seed_source_timestamp":693827406170812,"purchased_purges":0,"victory":false,"master_deck":["Strike_B","Strike_B","Strike_B","Defend_B","Defend_B","Defend_B","Defend_B","Zap","Dualcast","Cold Snap","Sunder","Coolheaded","Sunder","Consume+1","Ball Lightning","Defragment","Go for the Eyes","Rainbow","Clumsy","Normality","Regret"],"max_hp_per_floor":[75,75,75,75,75,75,75,75,75,75,75,75,75,75,75,75,93,93],"relics":["Eternal Feather","Golden Idol","Darkstone Periapt","Bottled Flame","The Courier","Calling Bell","Tiny Chest","Kunai","Turnip"],"card_choices":[{"not_picked":["Skim","Hologram"],"picked":"Cold Snap","floor":1},{"not_picked":["Steam","Double Energy"],"picked":"Sunder","floor":3},{"not_picked":["Lockon","Stack"],"picked":"Coolheaded","floor":4},{"not_picked":["Aggregate","Beam Cell"],"picked":"Sunder","floor":6},{"not_picked":["Barrage","Machine Learning"],"picked":"Consume","floor":7},{"not_picked":["Skim","Fusion"],"picked":"Ball Lightning","floor":12},{"not_picked":["FTL","Steam"],"picked":"Defragment","floor":13},{"not_picked":["Coolheaded","Undo"],"picked":"Go for the Eyes","floor":14},{"not_picked":["Reboot","Nova"],"picked":"Rainbow","floor":16},{"not_picked":["Hologram","Sunder","Double Energy"],"picked":"SKIP","floor":18}],"player_experience":112655,"potions_floor_usage":[14,16],"damage_taken":[{"damage":0,"enemies":"Small Slimes","floor":1,"turns":3},{"damage":1,"enemies":"2 Louse","floor":3,"turns":2},{"damage":2,"enemies":"Cultist","floor":4,"turns":4},{"damage":29,"enemies":"Lagavulin","floor":6,"turns":9},{"damage":12,"enemies":"Blue Slaver","floor":7,"turns":4},{"damage":0,"enemies":"3 Louse","floor":12,"turns":3},{"damage":27,"enemies":"Gremlin Nob","floor":13,"turns":4},{"damage":12,"enemies":"Lots of Slimes","floor":14,"turns":5},{"damage":15,"enemies":"Slime Boss","floor":16,"turns":7},{"damage":61,"enemies":"3 Byrds","floor":18,"turns":6}],"relics_obtained":[{"floor":6,"key":"Darkstone Periapt"},{"floor":9,"key":"Bottled Flame"},{"floor":13,"key":"The Courier"},{"floor":17,"key":"Tiny Chest"},{"floor":17,"key":"Kunai"},{"floor":17,"key":"Turnip"}],"event_choices":[{"event_name":"Golden Idol","player_choice":"Take Damage","floor":2,"damage_taken":0},{"event_name":"World of Goop","player_choice":"Gather Gold","floor":5,"damage_taken":0},{"event_name":"The Cleric","player_choice":"Card Removal","floor":11,"damage_taken":0}],"boss_relics":[{"not_picked":["Astrolabe","Snecko Eye"],"picked":"Calling Bell"}],"items_purged_floors":[],"potions_floor_spawned":[6,12,13,14],"seed_played":"-6781567586212186446","killed_by":"3 Byrds","ascension_level":1,"potions_obtained":[{"floor":6,"key":"Regen Potion"},{"floor":12,"key":"FocusPotion"},{"floor":13,"key":"PowerPotion"},{"floor":14,"key":"SpeedPotion"}],"is_trial":false}