{"path_per_floor":["M","M","?","M","M","E","M","R","T","R","M","E","T","M","R","B",null,"M"],"character_chosen":"IRONCLAD","items_purchased":[],"gold_per_floor":[116,135,135,146,160,195,215,215,293,293,303,328,328,338,338,434,434,454],"floor_reached":19,"campfire_rested":2,"playtime":1713,"current_hp_per_floor":[80,75,75,80,73,48,39,63,63,63,69,60,60,55,82,61,90,93],"items_purged":[],"gold":454,"play_id":"b7111644-aa92-4e3d-97b5-e66df38fd69f","is_prod":false,"is_daily":false,"is_ascension_mode":false,"campfire_upgraded":1,"path_taken":["M","M","?","M","M","E","?","R","T","R","M","E","?","M","R","BOSS","M","M"],"build_version":"2018-02-01-PROD3","purchased_purges":0,"victory":false,"master_deck":["Strike_R","Strike_R","Strike_R","Strike_R","Defend_R","Defend_R","Defend_R","Defend_R","Bash+1","Dropkick","Anger","Juggernaut","Battle Trance+1","Headbutt","Twin Strike","Dropkick","Inflame","Heavy Blade","Iron Wave","Feed"],"max_hp_per_floor":[80,80,80,80,80,80,80,80,80,80,80,90,90,90,90,90,90,93],"relics":["Black Blood","Vajra","Shuriken","Pear","Charon\u0027s Ashes"],"card_choices":[{"not_picked":["Anger","Sword Boomerang"],"picked":"Dropkick"},{"not_picked":["Perfected Strike","Infernal Blade"],"picked":"Anger"},{"not_picked":["Whirlwind","Wild Strike"],"picked":"Battle Trance"},{"not_picked":["Cleave","Body Slam"],"picked":"Headbutt"},{"not_picked":["Brutality","Perfected Strike"],"picked":"Twin Strike"},{"not_picked":["Sword Boomerang","Rage"],"picked":"Dropkick"},{"not_picked":["Thunderclap","Rampage"],"picked":"Inflame"},{"not_picked":["Wild Strike","Clash"],"picked":"Heavy Blade"},{"not_picked":["Dropkick","Pummel"],"picked":"Iron Wave"},{"not_picked":["Brutality","Reaper"],"picked":"Feed"}],"player_experience":121118,"potions_floor_usage":[18,18],"damage_taken":[{"damage":0.0,"enemies":"Small Slimes","floor":1.0,"turns":4.0},{"damage":11.0,"enemies":"Blue Slaver","floor":2.0,"turns":4.0},{"damage":1.0,"enemies":"Cultist","floor":4.0,"turns":3.0},{"damage":13.0,"enemies":"Exordium Wildlife","floor":5.0,"turns":3.0},{"damage":31.0,"enemies":"Lagavulin","floor":6.0,"turns":7.0},{"damage":15.0,"enemies":"Looter","floor":7.0,"turns":3.0},{"damage":0.0,"enemies":"Lots of Slimes","floor":11.0,"turns":2.0},{"damage":25.0,"enemies":"3 Sentries","floor":12.0,"turns":5.0},{"damage":11.0,"enemies":"Red Slaver","floor":14.0,"turns":3.0},{"damage":27.0,"enemies":"The Guardian","floor":16.0,"turns":7.0},{"damage":0,"enemies":"Chosen","floor":18,"turns":3},{"damage":0,"enemies":"2 Thieves","floor":19,"turns":1}],"event_choices":[{"event_name":"Living Wall","player_choice":"Change","floor":3.0,"damage_taken":0.0}],"boss_relics":[{"not_picked":["Tiny House","Philosopher\u0027s Stone"],"picked":"Black Blood"}],"potions_floor_spawned":[2,5,7,12,14],"seed_played":"-1989554729828374718","killed_by":"2 Thieves","ascension_level":0,"is_trial":false}