{"path_per_floor":["M","?","?","M","$","E","R","E","T","E","R","M","?","$","R","B",null,"M","M","?","?","M","E","R","E","T","M","R","?","R","M","R","B",null,"M","?","M","M","M","E","R","E","T","R","?","M","R","E","R","B"],"character_chosen":"THE_SILENT","items_purchased":["Leg Sweep","Flying Knee"],"gold_per_floor":[116,116,86,97,24,57,57,90,90,117,117,131,131,30,30,125,125,145,161,86,86,105,137,137,167,167,185,185,285,285,296,296,400,400,416,0,15,28,40,72,72,97,97,97,97,107,107,139,139,139],"floor_reached":51,"campfire_rested":6,"playtime":3929,"current_hp_per_floor":[63,56,56,56,56,33,54,33,33,9,33,24,24,24,48,25,66,59,53,53,53,47,29,53,40,40,37,37,37,37,27,51,25,66,66,66,66,63,59,59,59,59,65,65,65,65,65,67,88,71],"items_purged":["Regret"],"gold":139,"score":1290,"play_id":"ad87cade-0177-404a-bd48-cd9910130324","local_time":"20180512113656","is_prod":false,"is_daily":false,"chose_seed":false,"is_ascension_mode":true,"campfire_upgraded":0,"timestamp":1526150216,"path_taken":["M","?","?","M","$","E","R","E","T","E","R","?","?","$","R","BOSS","M","M","?","?","M","E","R","E","T","M","R","?","R","M","R","BOSS","M","?","M","M","M","E","R","E","T","R","?","M","R","E","R","BOSS"],"build_version":"2018-05-10","seed_source_timestamp":296517594724025,"purchased_purges":3,"victory":true,"master_deck":["Defend_G","Defend_G","Defend_G","Defend_G","Strike_G","Strike_G","Survivor","Neutralize","AscendersBane","Malaise","Quick Slash","Leg Sweep","Backstab","Escape Plan","Heel Hook","Flying Knee","Adrenaline","Crippling Poison+1","Distraction+1","Acrobatics+1","Sucker Punch","Escape Plan","Quick Slash","Sucker Punch","Cloak And Dagger+1","After Image","Clumsy","Clumsy","Infinite Blades","Terror+1","Dagger Spray+1","Heel Hook+1","Sucker Punch+1","Accuracy+1"],"max_hp_per_floor":[70,70,70,70,70,70,70,80,80,80,80,80,80,80,80,80,80,80,80,80,80,80,80,80,80,80,80,80,80,80,80,80,80,80,80,80,80,80,80,80,80,80,86,86,86,86,86,88,88,88],"relics":["Cursed Key","Ginger","Paper Crane","Pear","Peace Pipe","Omamori","Astrolabe","Bag of Preparation","Girya","Kunai","Calling Bell","Ancient Tea Set","Darkstone Periapt","Thread and Needle","Red Mask","Juzu Bracelet","Lantern","Bottled Flame","Singing Bowl"],"card_choices":[{"not_picked":["Poisoned Stab","Quick Slash"],"picked":"Malaise","floor":1},{"not_picked":["Backstab","Masterful Stab"],"picked":"Quick Slash","floor":4},{"not_picked":["Deflect","Escape Plan"],"picked":"Backstab","floor":6},{"not_picked":["Phantasmal Killer","PiercingWail"],"picked":"Escape Plan","floor":8},{"not_picked":["Dodge and Roll","Burst"],"picked":"Heel Hook","floor":10},{"not_picked":["Backflip","Dodge and Roll"],"picked":"Deadly Poison","floor":12},{"not_picked":["Phantasmal Killer","Glass Knife"],"picked":"Adrenaline","floor":16},{"not_picked":["Poisoned Stab","Catalyst"],"picked":"Sucker Punch","floor":18},{"not_picked":["Expertise","Reflex"],"picked":"Escape Plan","floor":19},{"not_picked":["Slice","Catalyst"],"picked":"Quick Slash","floor":22},{"not_picked":["Terror","Calculated Gamble"],"picked":"Tactician","floor":23},{"not_picked":["PiercingWail","Backflip"],"picked":"Sucker Punch","floor":25},{"not_picked":["Flechettes","Accuracy"],"picked":"Cloak And Dagger","floor":27},{"not_picked":["Tools of the Trade","A Thousand Cuts"],"picked":"After Image","floor":33},{"not_picked":["Outmaneuver","Underhanded Strike"],"picked":"Infinite Blades","floor":35},{"not_picked":["Flying Knee","Underhanded Strike"],"picked":"Terror","floor":37},{"not_picked":["Masterful Stab","Leg Sweep"],"picked":"Dagger Spray","floor":39},{"not_picked":["Poisoned Stab","Bane"],"picked":"Heel Hook","floor":40},{"not_picked":["PiercingWail","Dodge and Roll"],"picked":"Sucker Punch","floor":42},{"not_picked":["Acrobatics","Distraction"],"picked":"Accuracy","floor":46}],"player_experience":279335,"potions_floor_usage":[8,8,16,16,19,23,23,23,33,33,39,50,50,50],"damage_taken":[{"damage":0,"enemies":"Cultist","floor":1,"turns":4},{"damage":0,"enemies":"Jaw Worm","floor":4,"turns":6},{"damage":23,"enemies":"3 Sentries","floor":6,"turns":11},{"damage":31,"enemies":"Gremlin Nob","floor":8,"turns":6},{"damage":24,"enemies":"Lagavulin","floor":10,"turns":11},{"damage":9,"enemies":"Small Slimes","floor":12,"turns":4},{"damage":23,"enemies":"Hexaghost","floor":16,"turns":16},{"damage":7,"enemies":"3 Byrds","floor":18,"turns":5},{"damage":6,"enemies":"2 Thieves","floor":19,"turns":3},{"damage":6,"enemies":"Snake Plant","floor":22,"turns":5},{"damage":18,"enemies":"Gremlin Leader","floor":23,"turns":10},{"damage":13,"enemies":"Slavers","floor":25,"turns":6},{"damage":3,"enemies":"Snecko","floor":27,"turns":6},{"damage":10,"enemies":"Cultist and Chosen","floor":31,"turns":6},{"damage":26,"enemies":"Collector","floor":33,"turns":14},{"damage":0,"enemies":"3 Shapes","floor":35,"turns":6},{"damage":0,"enemies":"Orb Walker","floor":37,"turns":3},{"damage":3,"enemies":"Sphere and 2 Shapes","floor":38,"turns":6},{"damage":4,"enemies":"4 Shapes","floor":39,"turns":6},{"damage":0,"enemies":"2 Orb Walkers","floor":40,"turns":5},{"damage":0,"enemies":"Nemesis","floor":42,"turns":5},{"damage":0,"enemies":"Maw","floor":46,"turns":5},{"damage":0,"enemies":"Giant Head","floor":48,"turns":5},{"damage":17,"enemies":"Awakened One","floor":50,"turns":11}],"event_choices":[{"event_name":"Scrap Ooze","player_choice":"success","floor":2,"damage_taken":7},{"event_name":"The Woman in Blue","player_choice":"Bought 2 Potions","floor":3,"damage_taken":0},{"event_name":"Dead Adventurer","player_choice":"Searched \u00270\u0027 times","floor":13,"damage_taken":0},{"event_name":"Beggar","player_choice":"Gave Gold","floor":20,"damage_taken":0},{"event_name":"Ghosts","player_choice":"Ignored","floor":21,"damage_taken":0},{"event_name":"Golden Shrine","player_choice":"Pray","floor":29,"damage_taken":0},{"event_name":"Tomb of Lord Red Mask","player_choice":"Paid","floor":36,"damage_taken":0}],"boss_relics":[{"not_picked":["Philosopher\u0027s Stone","Runic Pyramid"],"picked":"Astrolabe"},{"not_picked":["Sozu","Orrery"],"picked":"Calling Bell"}],"potions_floor_spawned":[6,10,16,18,19,27,31,37,38,39,42,48],"seed_played":"-7933846012623600210","ascension_level":11,"is_trial":false}