{"gold_per_floor":[117,135,101,114,289,289,316,316,316,316,330,330,342,356,356,356],"floor_reached":16,"playtime":817,"items_purged":[],"score":112,"play_id":"f708cf8f-3153-4ad3-ad78-f00bebd1caab","local_time":"20180905222503","is_ascension_mode":true,"campfire_choices":[{"data":"Static Discharge","floor":6,"key":"SMITH"},{"floor":10,"key":"REST"},{"floor":15,"key":"REST"}],"neow_cost":"NONE","seed_source_timestamp":457388025410201,"circlet_count":0,"master_deck":["Strike_B","Strike_B","Strike_B","Strike_B","Defend_B","Defend_B","Defend_B","Defend_B","Zap","Dualcast","Reboot","Coolheaded","Sunder","Static Discharge+1","Storm+1","Doubt","Conserve Battery","Conserve Battery","Static Discharge","Heatsinks+1","Redo"],"relics":["Cracked Core","Dodecahedron","Dream Catcher","Frozen Egg 2"],"potions_floor_usage":[13],"damage_taken":[{"damage":3,"enemies":"Jaw Worm","floor":1,"turns":4},{"damage":1,"enemies":"2 Louse","floor":2,"turns":5},{"damage":0,"enemies":"Cultist","floor":4,"turns":3},{"damage":57,"enemies":"Gremlin Nob","floor":7,"turns":5},{"damage":18,"enemies":"2 Fungi Beasts","floor":11,"turns":3},{"damage":0,"enemies":"Blue Slaver","floor":13,"turns":3},{"damage":14,"enemies":"Large Slime","floor":14,"turns":5},{"damage":30,"enemies":"The Guardian","floor":16,"turns":5}],"seed_played":"9151056011456293440","potions_obtained":[{"floor":11,"key":"Fire Potion"}],"is_trial":false,"path_per_floor":["M","M","$","M","?","R","E","?","T","R","M","T","M","M","R"],"character_chosen":"DEFECT","items_purchased":["Static Discharge"],"campfire_rested":2,"item_purchase_floors":[3],"current_hp_per_floor":[72,71,71,71,71,71,14,14,14,36,18,18,18,4,26,0],"gold":356,"neow_bonus":"ONE_RANDOM_RARE_CARD","is_prod":false,"is_daily":false,"chose_seed":false,"campfire_upgraded":1,"win_rate":0,"timestamp":1536179103,"path_taken":["M","M","$","M","?","R","E","?","T","R","M","?","M","M","R","BOSS"],"build_version":"2018-08-30","purchased_purges":0,"victory":false,"max_hp_per_floor":[75,75,75,75,75,75,75,75,75,75,75,75,75,75,75,75],"card_choices":[{"not_picked":["Gash","Skim"],"picked":"Coolheaded","floor":1},{"not_picked":["Stack","Leap"],"picked":"Sunder","floor":2},{"not_picked":["Hologram","Gash"],"picked":"Storm","floor":4},{"not_picked":["Leap","Rainbow"],"picked":"Conserve Battery","floor":7},{"not_picked":["Self Repair","Ball Lightning"],"picked":"Conserve Battery","floor":10},{"not_picked":["Hello World","Leap"],"picked":"Static Discharge","floor":11},{"not_picked":["Rebound","Barrage"],"picked":"Heatsinks+1","floor":13},{"not_picked":["Sweeping Beam","Gash"],"picked":"Redo","floor":14}],"player_experience":124503,"relics_obtained":[{"floor":7,"key":"Dodecahedron"},{"floor":9,"key":"Dream Catcher"},{"floor":12,"key":"Frozen Egg 2"}],"event_choices":[{"event_name":"Liars Game","player_choice":"agreed","floor":5,"damage_taken":0},{"event_name":"Upgrade Shrine","player_choice":"Upgraded","floor":8,"damage_taken":0}],"is_beta":false,"boss_relics":[],"items_purged_floors":[],"is_endless":false,"potions_floor_spawned":[11],"killed_by":"The Guardian","ascension_level":2}