{"path_per_floor":["M","M","M","M","?","R","$","R","T","E","?","R","M","?","R","B",null,"M","$","M","M","M","R","$","?","T","M","M","R","E","M","R","B",null,"M","$","M","M","?","R","M"],"character_chosen":"DEFECT","items_purchased":["Deep Breath","Vajra","Streamline","Rebound","Rebound","Skim"],"gold_per_floor":[117,133,151,171,171,171,66,66,90,115,115,115,128,428,428,533,533,518,193,210,224,237,237,112,35,35,54,70,70,96,114,114,211,211,229,54,67,77,77,77,89,89],"floor_reached":42,"campfire_rested":5,"playtime":3273,"current_hp_per_floor":[75,67,61,54,59,59,59,59,59,30,30,69,69,51,51,16,80,65,65,34,14,2,41,41,41,41,28,17,56,35,21,60,20,80,61,61,61,28,28,67,25,0],"items_purged":["Thunder Strike","Strike_B","Strike_B"],"gold":89,"score":472,"play_id":"7d159e90-c6c6-4be8-8929-0ae5d4f028d9","local_time":"20180518233038","is_prod":false,"is_daily":false,"chose_seed":false,"is_ascension_mode":false,"campfire_upgraded":3,"timestamp":1526679038,"campfire_choices":[{"data":"Streamline","floor":6.0,"key":"SMITH"},{"data":"Deep Breath","floor":8.0,"key":"SMITH"},{"floor":12.0,"key":"REST"},{"data":"Hologram","floor":15.0,"key":"SMITH"},{"floor":23.0,"key":"REST"},{"floor":29.0,"key":"REST"},{"floor":32.0,"key":"REST"},{"floor":40.0,"key":"REST"}],"path_taken":["M","M","M","M","?","R","$","R","T","E","?","R","?","?","R","BOSS","M","$","M","M","M","R","$","?","T","M","M","R","E","M","R","BOSS","M","$","M","M","?","R","M","M"],"build_version":"2018-05-17","seed_source_timestamp":0,"purchased_purges":3,"victory":false,"master_deck":["Strike_B","Strike_B","Defend_B","Defend_B","Defend_B","Defend_B","Zap","Streamline+1","Rebound","Undo","Leap","Deep Breath+1","Double Energy","Doom and Gloom","Hologram+1","Streamline+1","Streamline","Rebound","Streamline","Undo+1","Rebound","Rebound","J.A.X.","Steam","Skim+1","Beam Cell","Rebound","Machine Learning","Go for the Eyes+1","Skim","Steam Power+1"],"max_hp_per_floor":[75,75,75,75,80,80,80,80,80,80,80,80,80,80,80,80,80,80,80,80,80,80,80,80,80,80,80,80,80,80,80,80,80,80,80,80,80,80,80,80,80,80],"relics":["Cracked Core","Regal Pillow","Orichalcum","Old Coin","Sozu","Vajra","Question Card","Art of War","Nuclear Battery"],"card_choices":[{"not_picked":["Genetic Algorithm","Conserve Battery"],"picked":"Streamline","floor":1.0},{"not_picked":["Hologram","Capacitor"],"picked":"Rebound","floor":2.0},{"not_picked":["Sunder","Chaos"],"picked":"Undo","floor":3.0},{"not_picked":["Go for the Eyes","Lockon"],"picked":"Leap","floor":4.0},{"not_picked":["Loop","Turbo"],"picked":"Double Energy","floor":10.0},{"not_picked":["Undo","BootSequence"],"picked":"Hologram","floor":13.0},{"not_picked":["Rainbow","Fission"],"picked":"Thunder Strike","floor":16.0},{"not_picked":["Go for the Eyes","Coolheaded"],"picked":"Streamline+1","floor":18.0},{"not_picked":["Ball Lightning","Steam"],"picked":"Streamline","floor":20.0},{"not_picked":["Steam+1","Beam Cell"],"picked":"Undo+1","floor":21.0},{"not_picked":["Beam Cell","Meteor Strike"],"picked":"Rebound","floor":22.0},{"not_picked":["Coolheaded","Go for the Eyes","Leap"],"picked":"Steam","floor":27.0},{"not_picked":["Coolheaded","Ball Lightning","Lockon+1"],"picked":"Skim+1","floor":28.0},{"not_picked":["Turbo+1","Heatsinks","Axe Kick+1"],"picked":"Beam Cell","floor":30.0},{"not_picked":["Darkness","Cold Snap","Creative AI"],"picked":"Rebound","floor":31.0},{"not_picked":["Electrodynamics","Fission","Creative AI"],"picked":"Machine Learning","floor":33.0},{"not_picked":["Beam Cell","Auto Shields","Gash"],"picked":"Go for the Eyes+1","floor":35.0},{"not_picked":["Reinforced Body+1","Melter","Sweeping Beam","Ball Lightning"],"picked":"SKIP","floor":37.0},{"not_picked":["Defragment","Fusion","Genetic Algorithm+1","Reinforced Body+1"],"picked":"SKIP","floor":38.0},{"not_picked":["Beam Cell","Capacitor+1","All For One"],"picked":"Steam Power+1","floor":41.0}],"player_experience":90440,"potions_floor_usage":[],"damage_taken":[{"damage":0.0,"enemies":"2 Louse","floor":1.0,"turns":2.0},{"damage":8.0,"enemies":"Small Slimes","floor":2.0,"turns":3.0},{"damage":6.0,"enemies":"Cultist","floor":3.0,"turns":3.0},{"damage":7.0,"enemies":"Blue Slaver","floor":4.0,"turns":4.0},{"damage":29.0,"enemies":"Gremlin Nob","floor":10.0,"turns":4.0},{"damage":0.0,"enemies":"Gremlin Gang","floor":13.0,"turns":2.0},{"damage":35.0,"enemies":"Slime Boss","floor":16.0,"turns":10.0},{"damage":15.0,"enemies":"2 Thieves","floor":18.0,"turns":4.0},{"damage":31.0,"enemies":"3 Byrds","floor":20.0,"turns":5.0},{"damage":20.0,"enemies":"Centurion and Healer","floor":21.0,"turns":6.0},{"damage":12.0,"enemies":"Snake Plant","floor":22.0,"turns":5.0},{"damage":13.0,"enemies":"Slaver and Parasite","floor":27.0,"turns":7.0},{"damage":11.0,"enemies":"Centurion and Healer","floor":28.0,"turns":6.0},{"damage":21.0,"enemies":"Book of Stabbing","floor":30.0,"turns":4.0},{"damage":14.0,"enemies":"Snecko","floor":31.0,"turns":4.0},{"damage":40.0,"enemies":"Champ","floor":33.0,"turns":9.0},{"damage":19.0,"enemies":"Flame Bruiser 1 Orb","floor":35.0,"turns":5.0},{"damage":0.0,"enemies":"Orb Walker","floor":37.0,"turns":3.0},{"damage":33.0,"enemies":"Flame Bruiser 2 Orb","floor":38.0,"turns":6.0},{"damage":42.0,"enemies":"Sphere and 2 Shapes","floor":41.0,"turns":5.0},{"damage":25,"enemies":"Spire Growth","floor":42,"turns":4}],"relics_obtained":[{"floor":9.0,"key":"Regal Pillow"},{"floor":10.0,"key":"Orichalcum"},{"floor":26.0,"key":"Question Card"},{"floor":30.0,"key":"Art of War"}],"event_choices":[{"event_name":"Big Fish","player_choice":"Donut","floor":5.0,"damage_taken":0.0},{"event_name":"Transmorgrifier","player_choice":"Transform","floor":11.0,"damage_taken":0.0},{"event_name":"Scrap Ooze","player_choice":"success","floor":14.0,"damage_taken":18.0},{"event_name":"Drug Dealer","player_choice":"Got JAXXED","floor":25.0,"damage_taken":0.0},{"event_name":"Mysterious Sphere","player_choice":"Ignore","floor":39.0,"damage_taken":0.0}],"boss_relics":[],"potions_floor_spawned":[1,3,4,13,21,22,27,33,38,41],"seed_played":"3454647972939292646","killed_by":"Spire Growth","ascension_level":0,"potions_obtained":[{"floor":1.0,"key":"AttackPotion"},{"floor":3.0,"key":"Swift Potion"},{"floor":4.0,"key":"Energy Potion"},{"floor":13.0,"key":"Ancient Potion"}],"is_trial":false}