{"path_per_floor":["M","M","M","M","?","E","R","E","T","M","R","?","R","M","R"],"character_chosen":"DEFECT","items_purchased":[],"gold_per_floor":[16,34,54,70,145,171,171,200,280,297,297,360,360,377,377,377],"floor_reached":16,"campfire_rested":2,"playtime":17485,"item_purchase_floors":[],"current_hp_per_floor":[61,60,58,50,39,30,52,22,22,22,44,44,44,43,43,0],"items_purged":[],"gold":377,"score":168,"play_id":"58227a3a-276a-4a59-af4c-6ad9a167014e","local_time":"20180526225854","is_prod":false,"is_daily":false,"chose_seed":false,"is_ascension_mode":true,"campfire_upgraded":0,"win_rate":0,"timestamp":1527368334,"campfire_choices":[{"floor":7,"key":"REST"},{"floor":11,"key":"REST"},{"floor":13,"key":"DIG"},{"floor":15,"key":"DIG"}],"path_taken":["M","M","M","M","?","E","R","E","T","?","R","?","R","M","R","BOSS"],"build_version":"2018-05-25","seed_source_timestamp":34247104424095,"purchased_purges":0,"victory":false,"master_deck":["Strike_B","Strike_B","Strike_B","Strike_B","Defend_B","Defend_B","Defend_B","Defend_B","Zap","Dualcast","AscendersBane","Core Surge","Steam","Glacier","Compile Driver","Leap","Reinforced Body","Defragment","Capacitor","Fusion"],"max_hp_per_floor":[75,75,75,75,75,75,75,75,75,75,75,75,75,75,75,75],"relics":["Cracked Core","Shovel","Prayer Wheel","Bottled Flame","Anchor","Bottled Lightning"],"card_choices":[{"not_picked":["Buffer","Creative AI"],"picked":"Core Surge","floor":0},{"not_picked":["Skim","Rebound"],"picked":"Steam","floor":1},{"not_picked":["Barrage","Steam"],"picked":"Glacier","floor":2},{"not_picked":["Cold Snap","Rebound"],"picked":"Compile Driver","floor":3},{"not_picked":["Go for the Eyes","Ball Lightning"],"picked":"Leap","floor":4},{"not_picked":["Go for the Eyes","White Noise"],"picked":"Reinforced Body","floor":6},{"not_picked":["Consume","Double Energy"],"picked":"Defragment","floor":8},{"not_picked":["Amplify","Compile Driver","Chaos"],"picked":"SKIP","floor":10},{"not_picked":["Stack","Sweeping Beam","Barrage"],"picked":"SKIP","floor":10},{"not_picked":["Chaos","Hologram"],"picked":"Capacitor","floor":14},{"not_picked":["Steam","Blizzard"],"picked":"Fusion","floor":14}],"player_experience":105275,"potions_floor_usage":[6,8,14,16],"damage_taken":[{"damage":7,"enemies":"Small Slimes","floor":1,"turns":3},{"damage":1,"enemies":"2 Louse","floor":2,"turns":2},{"damage":2,"enemies":"Jaw Worm","floor":3,"turns":4},{"damage":8,"enemies":"Red Slaver","floor":4,"turns":3},{"damage":9,"enemies":"3 Sentries","floor":6,"turns":9},{"damage":30,"enemies":"Gremlin Nob","floor":8,"turns":5},{"damage":0,"enemies":"Exordium Wildlife","floor":10,"turns":4},{"damage":1,"enemies":"Large Slime","floor":14,"turns":7},{"damage":46,"enemies":"Slime Boss","floor":16,"turns":10}],"relics_obtained":[{"floor":6,"key":"Shovel"},{"floor":8,"key":"Prayer Wheel"},{"floor":9,"key":"Bottled Flame"},{"floor":13,"key":"Anchor"},{"floor":15,"key":"Bottled Lightning"}],"event_choices":[{"event_name":"World of Goop","player_choice":"Gather Gold","floor":5,"damage_taken":0},{"event_name":"Golden Wing","player_choice":"Gained Gold","floor":12,"damage_taken":0}],"boss_relics":[],"items_purged_floors":[],"potions_floor_spawned":[1,3,4,10],"seed_played":"-6878749338745953121","killed_by":"Slime Boss","ascension_level":10,"potions_obtained":[{"floor":1,"key":"GamblersBrew"},{"floor":3,"key":"Swift Potion"},{"floor":4,"key":"LiquidBronze"},{"floor":10,"key":"LiquidBronze"}],"is_trial":false}