{"gold_per_floor":[140,167,167,183,264,293,293,319,319,330,350,129,141,155,155,252,252,268,286,300,318,318,318,337,372,372,382,382,130,145,172,172,276,276,293,348,348,348,364,364,698,698,721,721,747,192,192,227,227,227],"floor_reached":51,"playtime":2529,"items_purged":["Strike_R","Twin Strike"],"score":1138,"play_id":"67f1b68c-83fd-4869-b90d-dff5d19cf763","local_time":"20180819193633","is_ascension_mode":true,"campfire_choices":[{"data":"Armaments","floor":7,"key":"SMITH"},{"data":"Berserk","floor":15,"key":"SMITH"},{"floor":23,"key":"REST"},{"floor":28,"key":"REST"},{"data":"1","floor":32,"key":"LIFT"},{"data":"2","floor":40,"key":"LIFT"},{"data":"3","floor":42,"key":"LIFT"},{"floor":44,"key":"REST"},{"data":"Inflame","floor":49,"key":"SMITH"}],"neow_cost":"NONE","seed_source_timestamp":430945836233379,"circlet_count":0,"master_deck":["Defend_R","Defend_R","Defend_R","Defend_R","Bash+1","Armaments+1","Battle Trance+1","Berserk+1","Cleave","Double Tap+1","Flex+1","Bite","Bite","Bite","Bite","Bite","Dropkick","Inflame+1","Reaper","Madness+1","Madness+1","Limit Break+1","Flex+1","Trip+1","Master of Strategy+1"],"relics":["Burning Blood","Tiny Chest","Pen Nib","Toxic Egg 2","Unceasing Top","Lantern","Mummified Hand","Bag of Preparation","Black Star","Calipers","StoneCalendar","Girya","Singing Bowl","Regal Pillow","Bag of Marbles","Sozu","Prayer Wheel","Dead Branch","Old Coin","Ginger","Vajra","Bottled Flame","Dodecahedron","Centennial Puzzle","Magic Flower","Shuriken","Bottled Tornado"],"potions_floor_usage":[6,20,21,25,30,33,33,36],"damage_taken":[{"damage":6,"enemies":"Cultist","floor":1,"turns":4},{"damage":7,"enemies":"Small Slimes","floor":4,"turns":3},{"damage":8,"enemies":"Gremlin Nob","floor":6,"turns":3},{"damage":35,"enemies":"Lagavulin","floor":8,"turns":8},{"damage":0,"enemies":"2 Louse","floor":10,"turns":2},{"damage":6,"enemies":"Blue Slaver","floor":11,"turns":3},{"damage":0,"enemies":"3 Louse","floor":13,"turns":2},{"damage":0,"enemies":"2 Fungi Beasts","floor":14,"turns":2},{"damage":37,"enemies":"Hexaghost","floor":16,"turns":9},{"damage":2,"enemies":"Chosen","floor":18,"turns":3},{"damage":13,"enemies":"3 Byrds","floor":19,"turns":4},{"damage":59,"enemies":"Snake Plant","floor":20,"turns":5},{"damage":0,"enemies":"Sentry and Sphere","floor":21,"turns":3},{"damage":0,"enemies":"3 Cultists","floor":24,"turns":4},{"damage":51,"enemies":"Slavers","floor":25,"turns":4},{"damage":15,"enemies":"Snecko","floor":27,"turns":4},{"damage":19,"enemies":"Snake Plant","floor":30,"turns":2},{"damage":18,"enemies":"Gremlin Leader","floor":31,"turns":3},{"damage":41,"enemies":"Collector","floor":33,"turns":4},{"damage":21,"enemies":"3 Darklings","floor":35,"turns":5},{"damage":23,"floor":36,"turns":3},{"damage":0,"enemies":"3 Shapes","floor":39,"turns":1},{"damage":45,"enemies":"Nemesis","floor":41,"turns":5},{"damage":26,"enemies":"Giant Head","floor":45,"turns":3},{"damage":0,"floor":47,"turns":2},{"damage":0,"enemies":"2 Orb Walkers","floor":48,"turns":2},{"damage":15,"enemies":"Donu and Deca","floor":50,"turns":3}],"seed_played":"3778846547662996628","potions_obtained":[{"floor":1,"key":"Poison Potion"},{"floor":10,"key":"Ancient Potion"},{"floor":19,"key":"GamblersBrew"},{"floor":21,"key":"Strength Potion"},{"floor":27,"key":"Energy Potion"},{"floor":30,"key":"Energy Potion"},{"floor":31,"key":"LiquidBronze"},{"floor":33,"key":"SpeedPotion"}],"is_trial":false,"path_per_floor":["M","T","?","M","T","E","R","E","T","M","M","$","M","M","R","B",null,"M","M","M","M","?","R","M","E","T","M","R","$","M","E","R","B",null,"M","?","?","?","M","R","E","R","T","R","E","$","?","E","R","B"],"character_chosen":"IRONCLAD","items_purchased":["Bag of Preparation","Singing Bowl","Trip+1","Centennial Puzzle","Master of Strategy+1"],"campfire_rested":3,"item_purchase_floors":[12,29,46,46,46],"current_hp_per_floor":[72,72,72,71,71,69,69,40,40,46,46,46,52,58,58,27,67,71,64,11,17,17,33,56,25,25,29,45,45,46,48,48,30,53,62,52,52,44,56,56,42,42,42,68,64,64,70,72,72,72],"gold":227,"neow_bonus":"RANDOM_COMMON_RELIC","is_prod":false,"is_daily":false,"chose_seed":false,"campfire_upgraded":3,"win_rate":0,"timestamp":1534732593,"path_taken":["M","?","?","M","?","E","R","E","T","M","M","$","M","M","R","BOSS","M","M","M","M","?","R","M","E","T","M","R","?","?","E","R","BOSS","M","?","?","?","?","R","E","R","T","R","E","$","?","E","R","BOSS"],"build_version":"2018-08-16","purchased_purges":2,"victory":true,"max_hp_per_floor":[80,80,80,80,80,80,80,80,80,80,80,80,80,80,80,80,80,80,80,80,80,56,56,56,56,56,56,56,56,58,60,60,60,60,62,64,64,64,68,68,68,68,68,68,68,68,70,72,72,72],"card_choices":[{"not_picked":["Fire Breathing","Sword Boomerang"],"picked":"Twin Strike","floor":1},{"not_picked":["Iron Wave","Hemokinesis"],"picked":"Armaments","floor":4},{"not_picked":["Twin Strike","Armaments+1"],"picked":"Battle Trance+1","floor":6},{"not_picked":["Bludgeon","Iron Wave"],"picked":"Berserk","floor":8},{"not_picked":["Twin Strike","Heavy Blade"],"picked":"Cleave","floor":10},{"not_picked":["Dual Wield+1","Perfected Strike","Corruption"],"picked":"SKIP","floor":11},{"not_picked":["Cleave","Warcry+1","Wild Strike"],"picked":"SKIP","floor":13},{"not_picked":["Heavy Blade","Wild Strike","Twin Strike"],"picked":"SKIP","floor":14},{"not_picked":["Demon Form","Juggernaut"],"picked":"Double Tap+1","floor":16},{"not_picked":["Carnage+1","Headbutt","Iron Wave"],"picked":"SKIP","floor":18},{"not_picked":["Havoc+1","Clothesline","Body Slam"],"picked":"SKIP","floor":19},{"not_picked":["Hemokinesis","Combust+1","Cleave"],"picked":"SKIP","floor":20},{"not_picked":["Burning Pact+1","Pummel"],"picked":"Flex+1","floor":21},{"not_picked":["Headbutt","Iron Wave"],"picked":"Dropkick","floor":24},{"not_picked":["Evolve","Clash+1"],"picked":"Inflame","floor":25},{"not_picked":["Perfected Strike","Brutality","Warcry+1"],"picked":"SKIP","floor":27},{"not_picked":["Armaments+1","Clash","Perfected Strike"],"picked":"Singing Bowl","floor":30},{"not_picked":["Juggernaut","Clothesline","Heavy Blade"],"picked":"Singing Bowl","floor":31},{"not_picked":["Fiend Fire","Dark Embrace"],"picked":"Reaper","floor":33},{"not_picked":["Sentinel+1","Wild Strike","Twin Strike"],"picked":"Singing Bowl","floor":35},{"not_picked":["Perfected Strike+1","Twin Strike","Clothesline"],"picked":"Singing Bowl","floor":36},{"not_picked":["Anger+1","Heavy Blade","Clash"],"picked":"Singing Bowl","floor":39},{"not_picked":["Sword Boomerang","Cleave+1","Armaments+1"],"picked":"Singing Bowl","floor":39},{"not_picked":["Heavy Blade+1","Burning Pact+1"],"picked":"Limit Break+1","floor":41},{"not_picked":["Flame Barrier+1","Havoc+1"],"picked":"Flex+1","floor":45},{"not_picked":["Twin Strike","Iron Wave+1","Heavy Blade"],"picked":"Singing Bowl","floor":47},{"not_picked":["Pummel","Offering+1","Sentinel+1"],"picked":"Singing Bowl","floor":48}],"player_experience":424060,"relics_obtained":[{"floor":2,"key":"Pen Nib"},{"floor":5,"key":"Toxic Egg 2"},{"floor":6,"key":"Unceasing Top"},{"floor":8,"key":"Lantern"},{"floor":9,"key":"Mummified Hand"},{"floor":25,"key":"Calipers"},{"floor":25,"key":"StoneCalendar"},{"floor":26,"key":"Girya"},{"floor":31,"key":"Regal Pillow"},{"floor":31,"key":"Bag of Marbles"},{"floor":36,"key":"Prayer Wheel"},{"floor":41,"key":"Old Coin"},{"floor":41,"key":"Ginger"},{"floor":43,"key":"Vajra"},{"floor":45,"key":"Bottled Flame"},{"floor":45,"key":"Dodecahedron"},{"floor":47,"key":"Magic Flower"},{"floor":48,"key":"Shuriken"},{"floor":48,"key":"Bottled Tornado"}],"event_choices":[{"event_name":"Living Wall","player_choice":"Grow","floor":3,"damage_taken":0},{"event_name":"Vampires","player_choice":"Became a vampire","floor":22,"damage_taken":0},{"event_name":"Mysterious Sphere","player_choice":"Fight","floor":36,"damage_taken":0},{"event_name":"Accursed Blacksmith","player_choice":"Rummage","floor":37,"damage_taken":0},{"event_name":"Winding Halls","player_choice":"Embrace Madness","floor":38,"damage_taken":0},{"event_name":"MindBloom","player_choice":"Fight","floor":47,"damage_taken":0}],"is_beta":false,"boss_relics":[{"not_picked":["White Beast Statue","Runic Dome"],"picked":"Black Star"},{"not_picked":["Lizard Tail","Mark of Pain"],"picked":"Sozu"}],"items_purged_floors":[12,46],"is_endless":false,"potions_floor_spawned":[1,10,19,21,27,30,31,33,35,41,48],"ascension_level":6}