{"path_per_floor":["M","M","T","M","T","R","M","R","T","R","M","M","M","E","R","B",null,"M","$","M","$","M","R","M","M","T","R","E","R","M","M","R","B",null,"M","M","M","M","?","R","M","R","T","E","M","M","?","$","R","B"],"character_chosen":"IRONCLAD","items_purchased":["Battle Trance","Torii","Pen Nib","Shockwave","Panacea"],"gold_per_floor":[109,129,155,167,194,194,213,213,213,213,233,251,264,292,292,393,393,379,310,330,35,51,51,68,78,78,78,112,112,131,141,141,239,239,258,274,289,305,305,305,318,318,318,350,364,383,383,94,94,94],"floor_reached":51,"campfire_rested":1,"playtime":3643,"current_hp_per_floor":[45,51,51,57,57,57,55,55,55,55,52,58,58,56,56,25,80,70,70,71,71,75,75,75,75,75,75,73,73,75,79,79,69,86,86,71,77,55,55,55,53,79,79,85,90,81,81,81,81,57],"items_purged":["Doubt"],"gold":94,"score":809,"play_id":"22a22309-1a73-445c-a03d-e1dcd05b2546","local_time":"20180331170741","is_prod":false,"is_daily":false,"is_ascension_mode":true,"campfire_upgraded":8,"timestamp":1522541261,"path_taken":["M","M","?","?","?","R","M","R","T","R","M","M","M","E","R","BOSS","M","$","M","?","M","R","M","M","T","R","E","R","?","M","R","BOSS","M","M","M","M","?","R","M","R","T","E","M","?","?","$","R","BOSS"],"build_version":"2018-03-29v2","purchased_purges":1,"victory":true,"master_deck":["Strike_R","Strike_R","Strike_R","Strike_R","Strike_R","Defend_R","Defend_R","Defend_R","Defend_R","Bash","Impervious","Shrug It Off","Perfected Strike+1","Offering","Disarm+1","Shrug It Off","True Grit+1","Ghostly Armor","Double Tap+1","Perfected Strike+1","Battle Trance","Bloodletting","Pummel+1","Pommel Strike+1","Parasite","Armaments+1","Twin Strike+1","Feel No Pain+1","Ghostly Armor+1","Seeing Red","Perfected Strike","Pommel Strike+1","Shrug It Off","Barricade","Shockwave","Panacea+1"],"max_hp_per_floor":[80,80,80,80,80,80,80,80,80,80,80,80,80,80,80,80,80,80,80,80,80,82,82,82,82,82,82,82,82,82,84,84,86,86,86,86,86,88,88,88,88,88,88,88,90,92,92,92,92,92],"relics":["Burning Blood","Vajra","Singing Bowl","Shovel","Mummified Hand","Prayer Wheel","Cursed Key","Torii","Red Skull","Thread and Needle","Anchor","Sozu","Dream Catcher","The Courier","Pen Nib"],"card_choices":[{"not_picked":["Offering","Exhume"],"picked":"Impervious","floor":0.0},{"not_picked":["Whirlwind","Sentinel"],"picked":"Shrug It Off","floor":1.0},{"not_picked":["Clash","Iron Wave"],"picked":"Perfected Strike","floor":2.0},{"not_picked":["Havoc","Anger"],"picked":"Offering","floor":4.0},{"not_picked":["Sentinel","Thunderclap"],"picked":"Disarm","floor":7.0},{"not_picked":["Clash","Rupture"],"picked":"Shrug It Off","floor":11.0},{"not_picked":["Wild Strike","Iron Wave"],"picked":"Rupture","floor":12.0},{"not_picked":["Warcry","Corruption"],"picked":"True Grit","floor":13.0},{"not_picked":["Heavy Blade","Clash"],"picked":"Ghostly Armor","floor":14.0},{"not_picked":["Fiend Fire","Brutality"],"picked":"Double Tap","floor":16},{"not_picked":["Rampage","Wild Strike"],"picked":"Perfected Strike","floor":18},{"not_picked":["Second Wind","Combust"],"picked":"Bloodletting","floor":20},{"not_picked":["Burning Pact","Second Wind"],"picked":"Pummel","floor":24},{"not_picked":["Heavy Blade","Dual Wield"],"picked":"Pommel Strike","floor":25},{"not_picked":["Clothesline","Shrug It Off"],"picked":"Armaments","floor":26},{"not_picked":["Demon Form","Body Slam"],"picked":"Twin Strike","floor":28},{"not_picked":["True Grit","Clash"],"picked":"Feel No Pain","floor":30},{"not_picked":["Warcry","Anger"],"picked":"Ghostly Armor","floor":35},{"not_picked":["Armaments","Disarm"],"picked":"Seeing Red","floor":36},{"not_picked":["Iron Wave","Searing Blow"],"picked":"Perfected Strike","floor":37},{"not_picked":["Disarm","Headbutt"],"picked":"Pommel Strike","floor":41},{"not_picked":["Cleave","Havoc"],"picked":"Shrug It Off","floor":43},{"not_picked":["Corruption","Havoc"],"picked":"Barricade","floor":44}],"player_experience":138060,"potions_floor_usage":[16,24,33,41,44,50],"damage_taken":[{"damage":1.0,"enemies":"Cultist","floor":1.0,"turns":3.0},{"damage":0.0,"enemies":"Small Slimes","floor":2.0,"turns":4.0},{"damage":0.0,"enemies":"Gremlin Gang","floor":4.0,"turns":8.0},{"damage":8.0,"enemies":"Red Slaver","floor":7.0,"turns":4.0},{"damage":9.0,"enemies":"3 Louse","floor":11.0,"turns":4.0},{"damage":0.0,"enemies":"2 Fungi Beasts","floor":12.0,"turns":2.0},{"damage":6.0,"enemies":"Exordium Wildlife","floor":13.0,"turns":3.0},{"damage":8.0,"enemies":"Gremlin Nob","floor":14.0,"turns":4.0},{"damage":37,"enemies":"Slime Boss","floor":16,"turns":13},{"damage":16,"enemies":"2 Thieves","floor":18,"turns":4},{"damage":5,"enemies":"Shell Parasite","floor":20,"turns":3},{"damage":4,"enemies":"3 Cultists","floor":22,"turns":4},{"damage":6,"enemies":"Snake Plant","floor":24,"turns":5},{"damage":6,"enemies":"Centurion and Healer","floor":25,"turns":4},{"damage":8,"enemies":"Gremlin Leader","floor":28,"turns":5},{"damage":4,"enemies":"Cultist and Chosen","floor":30,"turns":3},{"damage":4,"enemies":"Snake Plant","floor":31,"turns":1},{"damage":18,"enemies":"Collector","floor":33,"turns":9},{"damage":0,"enemies":"Orb Walker","floor":35,"turns":2},{"damage":21,"enemies":"3 Darklings","floor":36,"turns":6},{"damage":0,"enemies":"4 Shapes","floor":37,"turns":6},{"damage":30,"enemies":"Maw","floor":38,"turns":7},{"damage":8,"enemies":"3 Darklings","floor":41,"turns":7},{"damage":0,"enemies":"2 Orb Walkers","floor":44,"turns":4},{"damage":1,"enemies":"Sphere and 2 Shapes","floor":45,"turns":7},{"damage":17,"enemies":"Maw","floor":46,"turns":9},{"damage":30,"enemies":"Awakened One","floor":50,"turns":13}],"event_choices":[{"event_name":"Tomb of Lord Red Mask","player_choice":"Ignored","floor":47,"damage_taken":0}],"boss_relics":[{"not_picked":["White Beast Statue","Pandora\u0027s Box"],"picked":"Cursed Key"},{"not_picked":["Philosopher\u0027s Stone","Runic Pyramid"],"picked":"Sozu"}],"potions_floor_spawned":[1,2,4,14,16,22,25,28,31,33,35,44,45,46],"seed_played":"-6585651364106032197","ascension_level":3,"is_trial":false}