{"path_per_floor":["M","?","M","M","$","E","R","M","T","$","E","?","R","?","R","B",null,"M","$","M","?","?"],"character_chosen":"IRONCLAD","items_purchased":["Feel No Pain","Clothesline","Shrug It Off","Body Slam","Impervious","True Grit","Headbutt"],"gold_per_floor":[115,115,131,146,15,43,43,58,107,29,58,58,58,233,233,332,332,347,55,67,67,67,67],"floor_reached":23,"campfire_rested":1,"playtime":1272,"current_hp_per_floor":[74,74,78,77,77,54,54,49,49,49,44,28,52,52,52,56,74,76,76,69,69,54,0],"items_purged":["Doubt"],"gold":67,"score":315,"play_id":"15fae92e-abe5-47a8-8697-154dbd3bdc59","local_time":"20180408154237","is_prod":false,"is_daily":false,"is_ascension_mode":true,"campfire_upgraded":2,"timestamp":1523194957,"path_taken":["M","?","M","M","$","E","R","M","T","$","E","?","R","?","R","BOSS","M","$","M","?","?","E"],"build_version":"2018-04-05v2","purchased_purges":2,"victory":false,"master_deck":["Strike_R","Strike_R","Strike_R","Strike_R","Defend_R","Defend_R+1","Defend_R+1","Bash+1","AscendersBane","Evolve","True Grit+1","Rampage","Havoc","Feel No Pain+1","Clothesline+1","Entrench+1","Havoc+1","Shrug It Off+1","Body Slam+1","Shrug It Off+1","Dark Embrace","Impervious+1","True Grit+1","Headbutt","Dual Wield+1"],"max_hp_per_floor":[80,80,80,80,80,80,80,80,80,80,80,80,80,80,80,80,80,80,80,80,80,85,85],"relics":["Burning Blood","Toxic Egg 2","War Paint","Juzu Bracelet","Sozu"],"card_choices":[{"not_picked":["Rupture","Heavy Blade"],"picked":"True Grit","floor":1.0},{"not_picked":["Warcry","Combust"],"picked":"Rampage","floor":3.0},{"not_picked":["Flex","Pommel Strike"],"picked":"Havoc","floor":4.0},{"not_picked":["Rampage","Whirlwind"],"picked":"Entrench","floor":6.0},{"not_picked":["True Grit","Infernal Blade"],"picked":"Havoc","floor":8},{"not_picked":["Fire Breathing","Double Tap"],"picked":"Shrug It Off","floor":11},{"not_picked":["Bludgeon","Immolate"],"picked":"Dark Embrace","floor":16},{"not_picked":["Thunderclap","Cleave"],"picked":"Dual Wield","floor":20}],"player_experience":268925,"potions_floor_usage":[16,16,23],"damage_taken":[{"damage":4.0,"enemies":"Jaw Worm","floor":1.0,"turns":4.0},{"damage":2.0,"enemies":"Small Slimes","floor":3.0,"turns":5.0},{"damage":7.0,"enemies":"2 Louse","floor":4.0,"turns":3.0},{"damage":29.0,"enemies":"3 Sentries","floor":6.0,"turns":7.0},{"damage":11,"enemies":"Large Slime","floor":8,"turns":11},{"damage":11,"enemies":"Lagavulin","floor":11,"turns":7},{"damage":14,"enemies":"Hexaghost","floor":16,"turns":11},{"damage":4,"enemies":"Shell Parasite","floor":18,"turns":6},{"damage":13,"enemies":"3 Byrds","floor":20,"turns":8},{"damage":54,"enemies":"Gremlin Leader","floor":23,"turns":7}],"event_choices":[{"event_name":"Living Wall","player_choice":"Grow","floor":2.0,"damage_taken":0.0},{"event_name":"Shining Light","player_choice":"Entered Light","floor":12,"damage_taken":0},{"event_name":"Liars Game","player_choice":"agreed","floor":14,"damage_taken":0},{"event_name":"Back to Basics","player_choice":"Elegance","floor":21,"damage_taken":0},{"event_name":"Forgotten Altar","player_choice":"Shed Blood","floor":22,"damage_taken":0}],"boss_relics":[{"not_picked":["Calling Bell","Snecko Eye"],"picked":"Sozu"}],"potions_floor_spawned":[3,6,11,18],"seed_played":"-8535577219642799993","killed_by":"Gremlin Leader","ascension_level":12,"is_trial":false}