{"path_per_floor":["M","M","$","M","M","R","M","$","T","M","R","M","R","$","R","B",null,"M","M"],"character_chosen":"IRONCLAD","items_purchased":["Flex","Good Instincts","Warcry"],"gold_per_floor":[368,380,156,176,190,190,208,83,110,122,122,136,136,11,11,109,109,128,145],"floor_reached":20,"campfire_rested":0,"playtime":2562,"current_hp_per_floor":[65,71,71,70,66,66,72,72,72,66,66,64,64,64,64,22,72,48,38],"items_purged":["True Grit","Defend_R","Bash"],"gold":145,"play_id":"98bc5333-1030-4469-858c-f2a7eaaf4441","is_prod":false,"is_daily":false,"campfire_rituals":0,"campfire_upgraded":4,"is_hardmode":false,"path_taken":["M","M","$","?","M","R","M","$","T","M","R","M","R","$","R","BOSS","M","M","?"],"build_version":"2018-01-04-PROD1","purchased_purges":3,"victory":false,"master_deck":["Strike_R","Strike_R","Strike_R","Strike_R","Strike_R","Defend_R","Defend_R","Defend_R","Cleave","Flex","Good Instincts","Limit Break","Shrug It Off","Flex","Warcry","Pummel","Berserk","Headbutt","Dual Wield"],"max_hp_per_floor":[72,72,72,72,72,72,72,72,72,72,72,72,72,72,72,72,72,72,72],"relics":["Black Blood","Prayer Wheel"],"campfire_meditates":0,"card_choices":[{"not_picked":["Pummel","Headbutt"],"picked":"True Grit"},{"not_picked":["Sword Boomerang","Body Slam"],"picked":"Cleave"},{"not_picked":["Armaments","Sword Boomerang"],"picked":"Limit Break"},{"not_picked":["Body Slam","Anger"],"picked":"Shrug It Off"},{"not_picked":["Cleave","Warcry"],"picked":"Flex"},{"not_picked":["Headbutt","Body Slam"],"picked":"Pummel"},{"not_picked":["Impervious","Barricade"],"picked":"Berserk"},{"not_picked":["Sever Soul","Sword Boomerang"],"picked":"Headbutt"},{"not_picked":["Iron Wave","Seeing Red"],"picked":"Dual Wield"}],"player_experience":32758,"potions_floor_usage":[16,19,20],"damage_taken":[{"damage":13,"enemies":"Blue Slaver","floor":1,"turns":5},{"damage":0,"enemies":"Small Slimes","floor":2,"turns":5},{"damage":7,"enemies":"Jaw Worm","floor":4,"turns":3},{"damage":10,"enemies":"3 Louse","floor":5,"turns":3},{"damage":0,"enemies":"Exordium Wildlife","floor":7,"turns":2},{"damage":12,"enemies":"Lots of Slimes","floor":10,"turns":3},{"damage":8,"enemies":"2 Fungi Beasts","floor":12,"turns":3},{"damage":48,"enemies":"Slime Boss","floor":16,"turns":9},{"damage":34,"enemies":"Chosen","floor":18,"turns":7},{"damage":20,"enemies":"Spheric Guardian","floor":19,"turns":4},{"damage":40,"enemies":"Centurion and Healer","floor":20,"turns":7}],"event_choices":[],"boss_relics":[{"not_picked":["Astrolabe","Philosopher\u0027s Stone"],"picked":"Black Blood"}],"potions_floor_spawned":[2,4,18],"seed_played":"-7915882507981718403","killed_by":"Centurion and Healer","is_trial":false}