{"gold_per_floor":[114,114,74,74,94,94,63,82,82,82,96,129,304,304,304,400,400,415,378,388,399,399,399,399,399,399,399,251,251,273,301,301,309],"floor_reached":33,"playtime":1114,"items_purged":[],"score":247,"play_id":"6cf7b2e6-e9e4-47a8-a155-b9783e12d294","local_time":"20190111170227","is_ascension_mode":false,"campfire_choices":[{"data":"Sunder","floor":6,"key":"SMITH"},{"floor":15,"key":"REST"},{"floor":23,"key":"REST"},{"data":"White Noise","floor":25,"key":"SMITH"},{"data":"Time Bomb","floor":27,"key":"SMITH"},{"floor":32,"key":"REST"}],"neow_cost":"NONE","seed_source_timestamp":191643015959221,"circlet_count":0,"master_deck":["Strike_B","Strike_B","Strike_B","Strike_B","Defend_B","Defend_B","Defend_B","Defend_B","Zap","Dualcast","Chaos","Sunder+1","Sweeping Beam","Crystallizer","Melter","FIFO Queue","hubris:DoWhile","Core Surge","White Noise+1","Ball Lightning+1","Undo","Time Bomb+1","hubris:Ukulele+1","Panic Button"],"relics":["Cracked Core","NeowsBlessing","hubris:Icosahedron","Iron Hammer","Replay:Rubber Ducky","Inserter","hubris:CrystalStatue","Bandana"],"potions_floor_usage":[16,21,33],"damage_taken":[{"damage":0,"enemies":"Jaw Worm","floor":1,"turns":1},{"damage":0,"enemies":"Cultist","floor":3,"turns":1},{"damage":0,"enemies":"2 Louse","floor":5,"turns":1},{"damage":11,"enemies":"2 Fungi Beasts","floor":7,"turns":3},{"damage":0,"enemies":"Large Slime","floor":8,"turns":4},{"damage":4,"enemies":"Gremlin Gang","floor":11,"turns":3},{"damage":23,"enemies":"Lagavulin","floor":12,"turns":6},{"damage":65,"enemies":"Fading Forest","floor":16,"turns":11},{"damage":14,"enemies":"Chosen","floor":18,"turns":5},{"damage":0,"enemies":"Spheric Guardian","floor":20,"turns":1},{"damage":24,"enemies":"Shelled Parasite and Fungi","floor":21,"turns":5},{"damage":35,"enemies":"Cultist and Chosen","floor":30,"turns":6},{"damage":21,"enemies":"Snake Plant","floor":31,"turns":3},{"damage":27,"enemies":"Collector","floor":33,"turns":3}],"seed_played":"-3401407315397765498","potions_obtained":[{"floor":3,"key":"Reflective Coating"},{"floor":5,"key":"FearPotion"},{"floor":16,"key":"Swift Potion"}],"is_trial":false,"path_per_floor":["M","?","M","$","M","R","M","M","T","$","M","E","?","?","R","B",null,"M","$","M","M","?","R","?","R","T","R","$","?","M","M","R","B"],"character_chosen":"DEFECT","items_purchased":["Ball Lightning+1","Bandana"],"campfire_rested":3,"item_purchase_floors":[19,28],"current_hp_per_floor":[75,75,75,75,75,75,64,64,64,64,60,37,37,37,59,4,75,61,61,61,37,37,59,59,59,59,59,59,59,24,3,25,0],"gold":309,"neow_bonus":"THREE_ENEMY_KILL","is_prod":false,"is_daily":false,"chose_seed":false,"campfire_upgraded":3,"win_rate":0,"timestamp":1547222547,"path_taken":["M","?","?","?","M","R","M","M","T","$","M","E","?","?","R","BOSS","M","$","?","M","?","R","?","R","T","R","$","?","M","M","R","BOSS"],"build_version":"2019-01-10","purchased_purges":0,"victory":false,"max_hp_per_floor":[75,75,75,75,75,75,75,75,75,75,75,75,75,75,75,75,75,75,75,75,75,75,75,75,75,75,75,75,75,75,75,75,75],"card_choices":[{"not_picked":["Compile Driver","Go for the Eyes"],"picked":"Chaos","floor":1},{"not_picked":["Hologram","Conserve Battery"],"picked":"Sunder","floor":3},{"not_picked":["Coolheaded","Barrage"],"picked":"Sweeping Beam","floor":5},{"not_picked":["Heatsinks","Stack"],"picked":"Crystallizer","floor":7},{"not_picked":["BasicCrystalCard","Genetic Algorithm"],"picked":"Melter","floor":8},{"not_picked":["Go for the Eyes","Rip and Tear"],"picked":"FIFO Queue","floor":11},{"not_picked":["Heatsinks","Beam Cell"],"picked":"hubris:DoWhile","floor":12},{"not_picked":["Rainbow","Biased Cognition"],"picked":"Core Surge","floor":16},{"not_picked":["Beam Cell","Steam"],"picked":"White Noise","floor":18},{"not_picked":["Barrage","Sweeping Beam"],"picked":"Undo","floor":20},{"not_picked":["Hologram","Coolheaded"],"picked":"Time Bomb","floor":21},{"not_picked":["Steam","Heatsinks+1"],"picked":"hubris:Ukulele+1","floor":30},{"not_picked":["BasicCrystalCard","Leap+1"],"picked":"Panic Button","floor":31}],"player_experience":509703,"relics_obtained":[{"floor":9,"key":"Iron Hammer"},{"floor":12,"key":"Replay:Rubber Ducky"},{"floor":26,"key":"hubris:CrystalStatue"}],"event_choices":[{"damage_healed":0,"gold_gain":175,"player_choice":"AGREE","damage_taken":0,"max_hp_gain":0,"max_hp_loss":0,"event_name":"Liars Game","floor":13,"gold_loss":0,"cards_obtained":["Doubt"]},{"damage_healed":0,"gold_gain":0,"player_choice":"Got Potions","damage_taken":0,"max_hp_gain":0,"max_hp_loss":0,"event_name":"Lab","floor":14,"gold_loss":0},{"damage_healed":0,"gold_gain":0,"player_choice":"Ignored","damage_taken":0,"max_hp_gain":0,"max_hp_loss":0,"event_name":"Vampires","floor":22,"gold_loss":0},{"cards_removed":["Doubt"],"damage_healed":0,"gold_gain":0,"player_choice":"Elegance","damage_taken":0,"max_hp_gain":0,"max_hp_loss":0,"event_name":"Back to Basics","floor":24,"gold_loss":0},{"damage_healed":0,"gold_gain":0,"player_choice":"Ignored","damage_taken":0,"max_hp_gain":0,"max_hp_loss":0,"event_name":"Ghosts","floor":29,"gold_loss":0}],"is_beta":false,"boss_relics":[{"not_picked":["Honey Jar","Runic Pyramid"],"picked":"Inserter"}],"items_purged_floors":[],"is_endless":false,"potions_floor_spawned":[3,5,12,16,18,20],"killed_by":"Collector","ascension_level":0}