{"path_per_floor":["M","?","M","M","?","R","E","M","T","R","$","M","M","?","R","B",null,"M","?","M","$","?"],"character_chosen":"THE_SILENT","items_purchased":["Dash","Eviscerate","Prepared","Prepared"],"gold_per_floor":[116,116,128,143,143,143,175,187,187,187,0,20,40,5,5,104,134,151,151,168,44,44,44],"floor_reached":23,"campfire_rested":0,"playtime":2706,"current_hp_per_floor":[69,69,69,68,68,68,48,47,47,47,47,47,47,64,64,37,75,75,52,42,42,42,0],"items_purged":["Defend_G"],"gold":44,"score":216,"play_id":"aa5119f6-7837-4def-a6d3-5dd405d8d69d","local_time":"20180326173323","is_prod":false,"is_daily":false,"is_ascension_mode":false,"campfire_upgraded":3,"timestamp":1522078403,"path_taken":["M","?","?","M","?","R","E","M","T","R","?","M","M","?","R","BOSS","M","?","M","$","?","E"],"build_version":"2018-03-22v2","purchased_purges":2,"victory":false,"master_deck":["Defend_G","Defend_G","Defend_G","Defend_G","Survivor","Neutralize+1","Flying Knee+1","Acrobatics","Night Terror+1","Escape Plan","Dagger Throw","Dash+1","Eviscerate","Prepared","PiercingWail","Burst","Acrobatics","Calculated Gamble+1","Bite","Bite","Bite","Bite","Bite","Well Laid Plans","Prepared"],"max_hp_per_floor":[70,70,70,70,70,70,70,70,70,70,70,70,70,70,70,70,75,75,52,52,52,52,52],"relics":["Ring of the Snake","Torii","Spirit Poop","Anchor","Gambling Chip","Tiny House"],"card_choices":[{"not_picked":["Poisoned Stab","Deadly Poison"],"picked":"Flying Knee","floor":1},{"not_picked":["Slice","Dodge and Roll"],"picked":"Acrobatics","floor":3},{"not_picked":["Sucker Punch","Backflip"],"picked":"Night Terror","floor":4},{"not_picked":["Backflip","Endless Agony"],"picked":"Escape Plan","floor":7},{"not_picked":["Calculated Gamble","Outmaneuver"],"picked":"Dagger Throw","floor":8},{"not_picked":["Expertise","Bouncing Flask"],"picked":"PiercingWail","floor":12},{"not_picked":["Glass Knife","Night Terror"],"picked":"Burst","floor":16},{"not_picked":["Terror","Poisoned Stab"],"picked":"Acrobatics","floor":17},{"not_picked":["Accuracy","Deadly Poison"],"picked":"Calculated Gamble","floor":18},{"not_picked":["Distraction","PiercingWail"],"picked":"Well Laid Plans","floor":20}],"player_experience":86029,"potions_floor_usage":[16,16,20,23],"damage_taken":[{"damage":1,"enemies":"Cultist","floor":1,"turns":5},{"damage":0,"enemies":"2 Louse","floor":3,"turns":2},{"damage":1,"enemies":"Jaw Worm","floor":4,"turns":5},{"damage":20,"enemies":"3 Sentries","floor":7,"turns":9},{"damage":1,"enemies":"Lots of Slimes","floor":8,"turns":5},{"damage":0,"enemies":"Exordium Wildlife","floor":12,"turns":3},{"damage":0,"enemies":"Large Slime","floor":13,"turns":4},{"damage":27,"enemies":"Slime Boss","floor":16,"turns":16},{"damage":0,"enemies":"Chosen","floor":18,"turns":3},{"damage":14,"enemies":"3 Byrds","floor":20,"turns":6},{"damage":53,"enemies":"Gremlin Leader","floor":23,"turns":6}],"event_choices":[{"event_name":"Bonfire Elementals","player_choice":"CURSE","floor":2,"damage_taken":0},{"event_name":"Upgrade Shrine","player_choice":"Upgraded","floor":5,"damage_taken":0},{"event_name":"The Cleric","player_choice":"Healed","floor":14,"damage_taken":0},{"event_name":"Vampires","player_choice":"Became a vampire","floor":19,"damage_taken":0},{"event_name":"Cursed Tome","player_choice":"Ignored","floor":22,"damage_taken":0}],"boss_relics":[{"not_picked":["Runic Pyramid","Sozu"],"picked":"Tiny House"}],"potions_floor_spawned":[8,13,16],"seed_played":"4371310863221111012","killed_by":"Gremlin Leader","ascension_level":0,"is_trial":false}