{"path_per_floor":["M","M","M","M","M","R","M","M","T","T","R","M","M","M","R","B",null,"M","?","M","?","M","E","R","?","T","$","M","E","M","M","R","B",null,"M","M","$","?","M","R","?","M","T","?","E","M","?","?","R","B"],"character_chosen":"THE_SILENT","items_purchased":["Mummified Hand","Flash of Steel","Apotheosis","Crippling Poison"],"gold_per_floor":[112,124,138,157,171,171,187,202,202,202,202,216,232,243,243,344,344,356,356,370,340,355,382,382,382,682,71,91,120,131,141,141,244,244,260,278,140,0,11,11,11,28,28,28,61,76,76,76,76,76],"floor_reached":51,"campfire_rested":1,"playtime":3153,"current_hp_per_floor":[66,66,66,66,61,61,57,55,55,55,55,55,52,57,57,47,70,64,64,64,64,61,56,56,56,56,56,56,52,40,38,59,41,70,70,45,45,45,45,45,70,70,70,70,70,70,76,76,76,24],"items_purged":["Defend_G","Strike_G"],"gold":76,"score":742,"play_id":"eed55cab-09e7-4461-aaa0-51229fbcc520","local_time":"20180327222734","is_prod":false,"is_daily":false,"is_ascension_mode":false,"campfire_upgraded":3,"timestamp":1522182454,"path_taken":["M","M","M","M","M","R","M","M","T","?","R","M","M","M","R","BOSS","M","?","?","?","M","E","R","?","T","$","?","E","M","M","R","BOSS","M","M","$","?","M","R","?","?","T","?","E","?","?","?","R","BOSS"],"build_version":"2018-03-22v2","purchased_purges":2,"victory":true,"master_deck":["Defend_G","Defend_G","Defend_G","Defend_G","Strike_G","Strike_G","Strike_G","Strike_G","Survivor","Dagger Spray","Cloak And Dagger+1","Sucker Punch","Bullet Time","Blade Dance","Outmaneuver","Calculated Gamble","Accuracy","Blade Dance","Cloak And Dagger","After Image+1","Backstab","Cloak And Dagger","Endless Agony+1","Adrenaline","Flash of Steel","Apotheosis+1","Flying Knee+1","Predator","Terror","Dodge and Roll+1","Bullet Time","Blur+1","Dodge and Roll+1","Backflip+1","Skewer+1","Writhe"],"max_hp_per_floor":[70,70,70,70,70,70,70,70,70,70,70,70,70,70,70,70,70,70,70,70,70,70,70,70,70,70,70,70,70,70,70,70,70,70,70,70,70,70,70,70,70,70,70,70,70,70,76,76,76,76],"relics":["Ring of the Snake","Girya","Dead Branch","Philosopher\u0027s Stone","Darkstone Periapt","Old Coin","Mummified Hand","Unceasing Top","Sozu","Red Mask","Shovel","Sundial"],"card_choices":[{"not_picked":["All Out Attack","Dodge and Roll"],"picked":"Dagger Spray","floor":1},{"not_picked":["Underhanded Strike","Crippling Poison"],"picked":"Cloak And Dagger","floor":2},{"not_picked":["Calculated Gamble","Flying Knee"],"picked":"Sucker Punch","floor":3},{"not_picked":["Outmaneuver","Dodge and Roll"],"picked":"Bullet Time","floor":4},{"not_picked":["Underhanded Strike","Dagger Throw"],"picked":"Blade Dance","floor":5},{"not_picked":["Quick Slash","Eviscerate"],"picked":"Outmaneuver","floor":7},{"not_picked":["Outmaneuver","Acrobatics"],"picked":"Calculated Gamble","floor":8},{"not_picked":["Outmaneuver","Poisoned Stab"],"picked":"Accuracy","floor":12},{"not_picked":["Deflect","Prepared"],"picked":"Blade Dance","floor":13},{"not_picked":["Accuracy","Reflex"],"picked":"Cloak And Dagger","floor":14},{"not_picked":["Unload","Venomology"],"picked":"After Image","floor":16},{"not_picked":["Heel Hook","Deadly Poison"],"picked":"Backstab","floor":18},{"not_picked":["Flying Knee","PiercingWail"],"picked":"Endless Agony","floor":20},{"not_picked":["Quick Slash","Blur"],"picked":"Adrenaline","floor":23},{"not_picked":["Dagger Spray","Poisoned Stab"],"picked":"Flying Knee","floor":28},{"not_picked":["Poisoned Stab","Footwork"],"picked":"Predator","floor":29},{"not_picked":["Slice","Concentrate"],"picked":"Terror","floor":30},{"not_picked":["Caltrops","Bouncing Flask"],"picked":"Dodge and Roll","floor":31},{"not_picked":["Adrenaline","Grand Finale"],"picked":"Bullet Time","floor":33},{"not_picked":["Backflip","Terror"],"picked":"Blur","floor":35},{"not_picked":["Riddle With Holes","Dash"],"picked":"Dodge and Roll","floor":36},{"not_picked":["Predator","Eviscerate"],"picked":"Backflip","floor":39},{"not_picked":["Deadly Poison","Venomology"],"picked":"Skewer","floor":45}],"player_experience":124574,"potions_floor_usage":[14,16,16,22,29,30,33,33,50,50],"damage_taken":[{"damage":4,"enemies":"Cultist","floor":1,"turns":4},{"damage":0,"enemies":"Jaw Worm","floor":2,"turns":4},{"damage":0,"enemies":"Small Slimes","floor":3,"turns":2},{"damage":0,"enemies":"Looter","floor":4,"turns":4},{"damage":5,"enemies":"Gremlin Gang","floor":5,"turns":5},{"damage":4,"enemies":"Large Slime","floor":7,"turns":5},{"damage":2,"enemies":"Exordium Thugs","floor":8,"turns":5},{"damage":0,"enemies":"3 Louse","floor":12,"turns":2},{"damage":3,"enemies":"Large Slime","floor":13,"turns":6},{"damage":4,"enemies":"Exordium Wildlife","floor":14,"turns":4},{"damage":25,"enemies":"Hexaghost","floor":16,"turns":9},{"damage":6,"enemies":"2 Thieves","floor":18,"turns":2},{"damage":0,"enemies":"Spheric Guardian","floor":20,"turns":2},{"damage":3,"enemies":"Snecko","floor":22,"turns":3},{"damage":5,"enemies":"Slavers","floor":23,"turns":2},{"damage":0,"enemies":"3 Cultists","floor":28,"turns":3},{"damage":4,"enemies":"Book of Stabbing","floor":29,"turns":3},{"damage":12,"enemies":"Snake Plant","floor":30,"turns":3},{"damage":2,"enemies":"Snecko","floor":31,"turns":3},{"damage":18,"enemies":"Champ","floor":33,"turns":6},{"damage":0,"enemies":"Orb Walker","floor":35,"turns":1},{"damage":25,"enemies":"3 Darklings","floor":36,"turns":3},{"damage":0,"enemies":"Maw","floor":39,"turns":5},{"damage":0,"enemies":"Sphere and 2 Shapes","floor":42,"turns":2},{"damage":0,"enemies":"Nemesis","floor":45,"turns":5},{"damage":0,"enemies":"4 Shapes","floor":46,"turns":2},{"damage":52,"enemies":"Time Eater","floor":50,"turns":10}],"event_choices":[{"event_name":"The Library","player_choice":"Read","floor":19,"damage_taken":0},{"event_name":"The Woman in Blue","player_choice":"Bought 2 Potions","floor":21,"damage_taken":0},{"event_name":"Cursed Tome","player_choice":"Ignored","floor":25,"damage_taken":0},{"event_name":"Tomb of Lord Red Mask","player_choice":"Paid","floor":38,"damage_taken":0},{"event_name":"Bonfire Elementals","player_choice":"UNCOMMON","floor":41,"damage_taken":0},{"event_name":"Winding Halls","player_choice":"Writhe","floor":47,"damage_taken":0},{"event_name":"Mysterious Sphere","player_choice":"Ignore","floor":48,"damage_taken":0}],"boss_relics":[{"not_picked":["Calling Bell","Eternal Feather"],"picked":"Philosopher\u0027s Stone"},{"not_picked":["The Specimen","Snecko Eye"],"picked":"Sozu"}],"potions_floor_spawned":[1,12,13,16,23,29,31,33,36,42,46],"seed_played":"-393186509407592248","ascension_level":0,"is_trial":false}