{"gold_per_floor":[116,116,40,40,55,55,117,117,142,161,176,195,224,224,224,327,327,346,365,365,245,245,245,262,262,262,239,267,267,267,281,281,385,385,416,273,289,289,307,335,243,243,243,243,253,269,300,316,316,316,316,316,12,44,44],"floor_reached":56,"playtime":5857,"items_purged":["Strike_R","Strike_R"],"score":1731,"play_id":"b1c91937-9b1f-47b4-9325-71fbf8853a5d","local_time":"20181228153135","is_ascension_mode":true,"campfire_choices":[{"data":"Corruption","floor":6.0,"key":"SMITH"},{"data":"Armaments","floor":8.0,"key":"SMITH"},{"data":"Barricade","floor":15.0,"key":"SMITH"},{"floor":23.0,"key":"REST"},{"floor":25.0,"key":"REST"},{"floor":29.0,"key":"RECALL"},{"floor":32.0,"key":"REST"},{"floor":42.0,"key":"REST"},{"floor":44.0,"key":"REST"},{"floor":49,"key":"REST"},{"floor":52,"key":"REST"}],"neow_cost":"NONE","seed_source_timestamp":0,"circlet_count":0,"master_deck":["Strike_R","Defend_R","Defend_R","Defend_R","Defend_R","Bash","True Grit","Corruption+1","Jack Of All Trades","Bash","Iron Wave","Armaments+1","Shockwave","Burning Pact","Barricade+1","Demon Form","Uppercut","Havoc","Body Slam","Pommel Strike","Battle Trance","Cleave","Juggernaut","Dark Embrace","Entrench+1","True Grit","Armaments","Dark Shackles","Second Wind+1","Reaper","Pommel Strike","Disarm+1","True Grit+1","Spot Weakness+1","Entrench"],"special_seed":0,"relics":["Burning Blood","NeowsBlessing","Tiny Chest","Red Skull","Fusion Hammer","Matryoshka","Potion Belt","Mercury Hourglass","Darkstone Periapt","Dream Catcher","Snecko Eye","Singing Bowl","Smiling Mask","Orichalcum","Bag of Preparation","ClockworkSouvenir","Ice Cream"],"potions_floor_usage":[55],"damage_taken":[{"damage":0.0,"enemies":"2 Louse","floor":1.0,"turns":1.0},{"damage":0.0,"enemies":"Cultist","floor":5.0,"turns":1.0},{"damage":0.0,"enemies":"Lagavulin","floor":7.0,"turns":1.0},{"damage":7.0,"enemies":"Small Slimes","floor":10.0,"turns":5.0},{"damage":0.0,"enemies":"3 Louse","floor":11.0,"turns":5.0},{"damage":16.0,"enemies":"Lots of Slimes","floor":12.0,"turns":4.0},{"damage":29.0,"enemies":"3 Sentries","floor":13.0,"turns":11.0},{"damage":8.0,"enemies":"Slime Boss","floor":16.0,"turns":8.0},{"damage":28.0,"enemies":"3 Byrds","floor":18.0,"turns":6.0},{"damage":17.0,"enemies":"2 Thieves","floor":19.0,"turns":4.0},{"damage":42.0,"enemies":"Sentry and Sphere","floor":24.0,"turns":7.0},{"damage":14.0,"enemies":"Gremlin Leader","floor":28.0,"turns":6.0},{"damage":13.0,"enemies":"Snake Plant","floor":31.0,"turns":4.0},{"damage":49.0,"enemies":"Collector","floor":33.0,"turns":9.0},{"damage":9.0,"enemies":"3 Shapes","floor":35.0,"turns":3.0},{"damage":8.0,"enemies":"Orb Walker","floor":37.0,"turns":2.0},{"damage":7.0,"enemies":"Writhing Mass","floor":39.0,"turns":5.0},{"damage":45.0,"enemies":"Reptomancer","floor":40.0,"turns":5.0},{"damage":32.0,"enemies":"Transient","floor":45.0,"turns":5.0},{"damage":16.0,"enemies":"4 Shapes","floor":46.0,"turns":5.0},{"damage":0.0,"enemies":"Nemesis","floor":47.0,"turns":3.0},{"damage":8,"enemies":"Sphere and 2 Shapes","floor":48,"turns":5},{"damage":42,"enemies":"Donu and Deca","floor":50,"turns":7},{"damage":1,"enemies":"Shield and Spear","floor":54,"turns":3},{"damage":56,"enemies":"The Heart","floor":55,"turns":7}],"seed_played":"-8679651184201798652","potions_obtained":[{"floor":1.0,"key":"EssenceOfSteel"},{"floor":10.0,"key":"GamblersBrew"},{"floor":11.0,"key":"Fire Potion"},{"floor":16.0,"key":"SteroidPotion"},{"floor":28.0,"key":"Swift Potion"},{"floor":35.0,"key":"Ancient Potion"},{"floor":37.0,"key":"SkillPotion"},{"floor":39.0,"key":"SkillPotion"},{"floor":46.0,"key":"EssenceOfSteel"}],"is_trial":false,"path_per_floor":["M","?","$","?","M","R","E","R","T","M","M","M","E","?","R","B",null,"M","M","?","$","?","R","M","R","T","$","E","R","?","M","R","B",null,"M","$","M","$","M","E","$","R","T","R","M","M","E","M","R","B",null,"R","$","E","B",null],"character_chosen":"IRONCLAD","items_purchased":["Corruption","Havoc","Pommel Strike","Dark Embrace","Dark Shackles","ClockworkSouvenir","Weak Potion"],"campfire_rested":7,"item_purchase_floors":[3,21,27,36,41,53,53],"current_hp_per_floor":[78,71,71,71,77,77,80,80,80,79,80,70,47,47,47,45,71,49,38,38,38,29,53,17,41,41,41,33,33,33,26,50,7,62,59,59,57,57,56,17,17,41,41,65,46,81,82,82,84,74,82,84,84,84,79],"gold":44,"neow_bonus":"THREE_ENEMY_KILL","is_prod":false,"is_daily":false,"chose_seed":false,"campfire_upgraded":3,"win_rate":0,"timestamp":1546032695,"path_taken":["M","?","$","?","?","R","E","R","T","M","M","M","E","?","R","BOSS","M","M","?","$","?","R","M","R","T","$","E","R","?","?","R","BOSS","M","?","M","$","M","E","$","R","T","R","M","M","E","?","R","BOSS","R","$","E","BOSS"],"build_version":"2018-12-20","purchased_purges":2,"victory":true,"max_hp_per_floor":[80,80,80,80,80,80,80,80,80,80,80,80,80,80,80,80,80,80,80,80,80,80,80,80,80,80,80,80,80,80,80,80,80,80,80,80,80,80,80,80,80,80,80,80,80,82,82,84,84,84,84,84,84,84,84],"card_choices":[{"not_picked":["Infernal Blade","Anger"],"picked":"True Grit","floor":1.0},{"not_picked":["Warcry","Body Slam"],"picked":"Iron Wave","floor":5.0},{"not_picked":["Perfected Strike","Offering"],"picked":"Armaments","floor":7.0},{"not_picked":["Thunderclap","Heavy Blade"],"picked":"Shockwave","floor":10.0},{"not_picked":["Thunderclap","True Grit","Headbutt"],"picked":"SKIP","floor":11.0},{"not_picked":["Sword Boomerang","Thunderclap","Blood for Blood"],"picked":"SKIP","floor":12.0},{"not_picked":["Intimidate","Sword Boomerang"],"picked":"Burning Pact","floor":13.0},{"not_picked":["Immolate","Exhume"],"picked":"Demon Form","floor":16.0},{"not_picked":["Headbutt","Sword Boomerang+1","Rupture+1"],"picked":"SKIP","floor":18.0},{"not_picked":["Twin Strike+1","True Grit"],"picked":"Uppercut","floor":19.0},{"not_picked":["Evolve","Anger"],"picked":"Body Slam","floor":24.0},{"not_picked":["Fiend Fire","Clothesline"],"picked":"Battle Trance","floor":28.0},{"not_picked":["Fire Breathing","Headbutt","Reckless Charge"],"picked":"SKIP","floor":31.0},{"not_picked":["Armaments","Rage"],"picked":"Cleave","floor":32.0},{"not_picked":["Reaper","Exhume"],"picked":"Juggernaut","floor":33.0},{"not_picked":["Sword Boomerang","Clothesline+1","Warcry+1"],"picked":"SKIP","floor":35.0},{"not_picked":["Body Slam+1","Hemokinesis"],"picked":"Entrench+1","floor":37.0},{"not_picked":["Wild Strike","Whirlwind"],"picked":"True Grit","floor":39.0},{"not_picked":["Thunderclap+1","Corruption+1"],"picked":"Armaments","floor":40.0},{"not_picked":["Warcry","Heavy Blade+1"],"picked":"Second Wind+1","floor":42.0},{"not_picked":["Wild Strike","Twin Strike"],"picked":"Reaper","floor":44.0},{"not_picked":["Second Wind","Anger"],"picked":"Pommel Strike","floor":45.0},{"not_picked":["Thunderclap","Corruption","Heavy Blade+1"],"picked":"Singing Bowl","floor":46.0},{"not_picked":["Reckless Charge","Dark Embrace"],"picked":"Disarm+1","floor":47.0},{"not_picked":["Pommel Strike+1","Perfected Strike+1","Rage"],"picked":"Singing Bowl","floor":48},{"not_picked":["Evolve+1","Heavy Blade+1"],"picked":"True Grit+1","floor":49},{"not_picked":["Inflame+1","Heavy Blade+1"],"picked":"Spot Weakness+1","floor":52},{"not_picked":["Flex+1","Perfected Strike"],"picked":"Entrench","floor":54}],"player_experience":323262,"relics_obtained":[{"floor":7.0,"key":"Tiny Chest"},{"floor":13.0,"key":"Red Skull"},{"floor":26.0,"key":"Potion Belt"},{"floor":26.0,"key":"Mercury Hourglass"},{"floor":28.0,"key":"Darkstone Periapt"},{"floor":30.0,"key":"Dream Catcher"},{"floor":40.0,"key":"Singing Bowl"},{"floor":43.0,"key":"Smiling Mask"},{"floor":43.0,"key":"Orichalcum"},{"floor":47.0,"key":"Bag of Preparation"},{"floor":54,"key":"Ice Cream"}],"event_choices":[{"cards_removed":["Strike_R"],"damage_healed":0.0,"max_hp_gain":0.0,"max_hp_loss":0.0,"gold_gain":0.0,"event_name":"Golden Wing","player_choice":"Card Removal","floor":2.0,"gold_loss":0.0,"damage_taken":7.0},{"damage_healed":0.0,"max_hp_gain":0.0,"max_hp_loss":0.0,"gold_gain":0.0,"event_name":"Match and Keep!","player_choice":"2 cards matched","floor":4.0,"gold_loss":0.0,"damage_taken":0.0,"cards_obtained":["Jack Of All Trades","Bash"]},{"damage_healed":0.0,"max_hp_gain":0.0,"max_hp_loss":0.0,"gold_gain":0.0,"cards_transformed":["Strike_R"],"event_name":"Living Wall","player_choice":"Change","floor":14.0,"gold_loss":0.0,"damage_taken":0.0,"cards_obtained":["Barricade"]},{"damage_healed":0.0,"max_hp_gain":0.0,"max_hp_loss":0.0,"gold_gain":0.0,"event_name":"The Mausoleum","player_choice":"Opened","floor":20.0,"gold_loss":0.0,"damage_taken":0.0,"relics_obtained":["Matryoshka"]},{"damage_healed":0.0,"max_hp_gain":0.0,"max_hp_loss":0.0,"gold_gain":0.0,"event_name":"Cursed Tome","player_choice":"Stopped","floor":22.0,"gold_loss":0.0,"damage_taken":9.0},{"damage_healed":0.0,"max_hp_gain":0.0,"max_hp_loss":0.0,"gold_gain":0.0,"event_name":"Wheel of Change","player_choice":"Relic","floor":30.0,"gold_loss":0.0,"damage_taken":0.0}],"is_beta":false,"boss_relics":[{"not_picked":["Velvet Choker","Runic Dome"],"picked":"Fusion Hammer"},{"not_picked":["Tiny House","Runic Cube"],"picked":"Snecko Eye"}],"items_purged_floors":[21,53],"is_endless":false,"potions_floor_spawned":[1,10,11,16,28,35,37,39,46],"ascension_level":8}