{"gold_per_floor":[115,115,130,145,125,125,160,160,160,160,193,208,208,231,231,351,351,367,392,407,76,126,126,160,160,213,213,232,232,232,266,266,391,391,416,416,474,488,173,173,211,211,262,262,262,282,282,306,306,306],"floor_reached":51,"playtime":2017,"items_purged":["Berserk"],"score":910,"play_id":"b7d7e1bf-223f-4601-b296-39b4fcdd493a","local_time":"20180925180742","is_ascension_mode":true,"campfire_choices":[{"data":"True Grit","floor":6,"key":"SMITH"},{"data":"Demon Form","floor":8,"key":"SMITH"},{"data":"Bash","floor":10,"key":"SMITH"},{"data":"Uppercut","floor":13,"key":"SMITH"},{"data":"True Grit","floor":15,"key":"SMITH"},{"data":"Metamorphosis","floor":23,"key":"SMITH"},{"data":"Immolate","floor":25,"key":"SMITH"},{"floor":27,"key":"REST"},{"data":"Burning Pact","floor":30,"key":"SMITH"},{"data":"Heavy Blade","floor":32,"key":"SMITH"},{"data":"Dual Wield","floor":40,"key":"SMITH"},{"data":"Feed","floor":42,"key":"SMITH"},{"data":"Bite","floor":47,"key":"SMITH"},{"data":"Bite","floor":49,"key":"SMITH"}],"neow_cost":"NONE","seed_source_timestamp":980294727031110,"circlet_count":0,"master_deck":["Defend_R","Defend_R","Defend_R","Bash+1","True Grit+1","Shrug It Off","Demon Form+1","Heavy Blade+1","Uppercut+1","True Grit+1","Immolate+1","Corruption+1","Clothesline+1","Burning Pact+1","Shrug It Off","Metamorphosis+1","Sentinel+1","Bite","Bite","Bite","Bite+1","Bite+1","Feed+1","Warcry+1","Shockwave+1","Shrug It Off+1","Dual Wield+1","Metallicize+1","Injury","Parasite"],"relics":["Burning Blood","Centennial Puzzle","Golden Idol","Question Card","Ancient Tea Set","Mummified Hand","Cursed Key","Oddly Smooth Stone","Regal Pillow","Bottled Flame","Empty Cage","Du-Vu Doll","Letter Opener","Sundial","Red Skull","Bird Faced Urn","Darkstone Periapt"],"potions_floor_usage":[7,16,31,33,33,50,50,50],"damage_taken":[{"damage":0,"enemies":"2 Louse","floor":1,"turns":4},{"damage":1,"enemies":"Small Slimes","floor":3,"turns":4},{"damage":3,"enemies":"Jaw Worm","floor":4,"turns":5},{"damage":33,"enemies":"3 Sentries","floor":7,"turns":11},{"damage":10,"enemies":"Lagavulin","floor":11,"turns":5},{"damage":16,"enemies":"Large Slime","floor":12,"turns":6},{"damage":0,"enemies":"Red Slaver","floor":14,"turns":4},{"damage":20,"enemies":"Hexaghost","floor":16,"turns":6},{"damage":23,"enemies":"2 Thieves","floor":18,"turns":4},{"damage":23,"enemies":"3 Byrds","floor":19,"turns":4},{"damage":18,"enemies":"3 Cultists","floor":20,"turns":5},{"damage":22,"enemies":"Gremlin Leader","floor":24,"turns":6},{"damage":5,"enemies":"Snake Plant","floor":28,"turns":3},{"damage":20,"enemies":"Slavers","floor":31,"turns":3},{"damage":46,"enemies":"Collector","floor":33,"turns":7},{"damage":11,"enemies":"3 Shapes","floor":35,"turns":4},{"damage":26,"enemies":"Mysterious Sphere","floor":37,"turns":5},{"damage":10,"enemies":"Orb Walker","floor":38,"turns":5},{"damage":14,"enemies":"2 Orb Walkers","floor":41,"turns":4},{"damage":6,"enemies":"Mind Bloom Boss Battle","floor":44,"turns":6},{"damage":18,"enemies":"Sphere and 2 Shapes","floor":46,"turns":9},{"damage":7,"enemies":"Jaw Worm Horde","floor":48,"turns":3},{"damage":58,"enemies":"Awakened One","floor":50,"turns":9}],"seed_played":"5945070115807444244","potions_obtained":[{"floor":3,"key":"GamblersBrew"},{"floor":5,"key":"SteroidPotion"},{"floor":7,"key":"Dexterity Potion"},{"floor":11,"key":"LiquidBronze"},{"floor":16,"key":"Dexterity Potion"},{"floor":19,"key":"Block Potion"},{"floor":28,"key":"EssenceOfSteel"},{"floor":31,"key":"Energy Potion"},{"floor":37,"key":"Swift Potion"},{"floor":44,"key":"SpeedPotion"},{"floor":48,"key":"SkillPotion"}],"is_trial":false,"path_per_floor":["M","?","M","M","?","R","E","R","T","R","E","M","R","M","R","B",null,"M","M","M","$","?","R","E","R","T","R","M","?","R","E","R","B",null,"M","?","?","M","$","R","E","R","T","?","T","M","R","M","R","B"],"character_chosen":"IRONCLAD","items_purchased":["Shrug It Off","Metamorphosis","Letter Opener","Dual Wield"],"campfire_rested":1,"item_purchase_floors":[21,21,39,39],"current_hp_per_floor":[80,60,65,68,68,68,41,41,41,41,37,27,27,33,33,19,80,63,46,34,34,34,34,18,18,18,57,58,56,56,46,46,22,53,56,56,45,55,55,55,62,62,62,66,66,70,70,74,74,50],"gold":306,"neow_bonus":"RANDOM_COMMON_RELIC","is_prod":false,"is_daily":false,"chose_seed":false,"campfire_upgraded":13,"win_rate":0,"timestamp":1537891662,"path_taken":["M","?","M","M","?","R","E","R","T","R","E","M","R","M","R","BOSS","M","M","M","$","?","R","E","R","T","R","M","?","R","E","R","BOSS","M","?","?","M","$","R","E","R","T","?","?","?","R","M","R","BOSS"],"build_version":"2018-09-24","purchased_purges":1,"victory":true,"max_hp_per_floor":[80,80,80,80,80,80,80,80,80,80,80,80,80,80,80,80,80,80,80,80,80,80,80,80,80,80,80,80,56,56,56,56,56,53,56,56,59,59,59,59,62,62,62,66,66,70,70,74,74,74],"card_choices":[{"not_picked":["Flex","Burning Pact"],"picked":"True Grit","floor":1},{"not_picked":["Clash","Pommel Strike"],"picked":"Shrug It Off","floor":3},{"not_picked":["Pummel","Corruption"],"picked":"Demon Form","floor":4},{"not_picked":["Perfected Strike","Seeing Red"],"picked":"Heavy Blade","floor":7},{"not_picked":["Heavy Blade","Dropkick","Flex"],"picked":"Berserk","floor":11},{"not_picked":["Burning Pact","Perfected Strike","Ghostly Armor"],"picked":"Uppercut","floor":12},{"not_picked":["Cleave","Dual Wield","Spot Weakness"],"picked":"True Grit","floor":14},{"not_picked":["Berserk","Dark Embrace","Bludgeon"],"picked":"Immolate","floor":16},{"not_picked":["Clothesline+1","Sentinel","Seeing Red+1"],"picked":"Corruption+1","floor":18},{"not_picked":["Heavy Blade+1","Burning Pact+1","Thunderclap"],"picked":"Clothesline+1","floor":19},{"not_picked":["True Grit","Spot Weakness","Warcry"],"picked":"Burning Pact","floor":20},{"not_picked":["Clothesline","Entrench","Body Slam","Cleave"],"picked":"SKIP","floor":24},{"not_picked":["Clash","Thunderclap+1","Flex+1"],"picked":"Sentinel+1","floor":28},{"not_picked":["Flex+1","Bloodletting","Clothesline","Headbutt"],"picked":"SKIP","floor":31},{"not_picked":["Barricade","Bludgeon","Immolate"],"picked":"Feed","floor":33},{"not_picked":["Perfected Strike+1","Armaments","Sword Boomerang+1"],"picked":"Warcry+1","floor":35},{"not_picked":["Pommel Strike+1","Pummel+1","Headbutt+1"],"picked":"Shockwave+1","floor":37},{"not_picked":["Thunderclap","Havoc+1","Anger"],"picked":"Shrug It Off+1","floor":38},{"not_picked":["Feed","Armaments+1","Infernal Blade"],"picked":"Metallicize+1","floor":41},{"not_picked":["Thunderclap","Fire Breathing","Reckless Charge+1","Bloodletting+1"],"picked":"SKIP","floor":46},{"not_picked":["Thunderclap","Fire Breathing","Reckless Charge+1","Bloodletting+1"],"picked":"SKIP","floor":46},{"not_picked":["Dropkick","Headbutt","Cleave+1","Heavy Blade"],"picked":"SKIP","floor":48}],"player_experience":147784,"relics_obtained":[{"floor":7,"key":"Question Card"},{"floor":9,"key":"Ancient Tea Set"},{"floor":11,"key":"Mummified Hand"},{"floor":24,"key":"Oddly Smooth Stone"},{"floor":26,"key":"Regal Pillow"},{"floor":31,"key":"Bottled Flame"},{"floor":37,"key":"Du-Vu Doll"},{"floor":41,"key":"Sundial"},{"floor":43,"key":"Red Skull"},{"floor":44,"key":"Bird Faced Urn"},{"floor":45,"key":"Darkstone Periapt"}],"event_choices":[{"event_name":"Golden Idol","player_choice":"Take Damage","floor":2,"damage_taken":0},{"event_name":"The Woman in Blue","player_choice":"Bought 1 Potion","floor":5,"damage_taken":0},{"event_name":"The Joust","player_choice":"Bet on Murderer","floor":22,"damage_taken":0},{"event_name":"Vampires","player_choice":"Became a vampire","floor":29,"damage_taken":0},{"event_name":"Tomb of Lord Red Mask","player_choice":"Ignored","floor":36,"damage_taken":0},{"event_name":"Mysterious Sphere","player_choice":"Fight","floor":37,"damage_taken":0},{"event_name":"MindBloom","player_choice":"Fight","floor":44,"damage_taken":0}],"is_beta":true,"boss_relics":[{"not_picked":["Eternal Feather","Mark of Pain"],"picked":"Cursed Key"},{"not_picked":["Busted Crown","Sozu"],"picked":"Empty Cage"}],"items_purged_floors":[21],"is_endless":false,"potions_floor_spawned":[3,7,11,16,19,28,31,37,44,48],"ascension_level":4}