{"gold_per_floor":[110,121,133,133,156,156,179,223,249,285,84,84,158,182,182,301,301,324,324],"floor_reached":19,"playtime":2107,"items_purged":[],"score":222,"play_id":"37702067-4ccd-42b8-86cc-26dfd2b89288","local_time":"20180903071335","is_ascension_mode":true,"campfire_choices":[{"data":"Flex","floor":6,"key":"SMITH"},{"floor":12,"key":"REST"},{"floor":15,"key":"REST"}],"neow_cost":"NONE","seed_source_timestamp":228601416030378,"circlet_count":0,"master_deck":["Strike_R","Strike_R","Strike_R","Strike_R","Strike_R","Defend_R","Defend_R","Defend_R","Defend_R","Bash","Ghostly Armor","Warcry","Flex+1","Injury","Headbutt","Inflame","Metallicize","Iron Wave","Power Through","Dark Embrace","True Grit+1"],"relics":["Black Blood","Golden Idol","Pen Nib","Ancient Tea Set","Bag of Marbles","Strawberry","Lantern"],"potions_floor_usage":[5,5,8,10,14,16,19],"damage_taken":[{"damage":1,"enemies":"Cultist","floor":1,"turns":4},{"damage":18,"enemies":"Small Slimes","floor":2,"turns":4},{"damage":8,"enemies":"Jaw Worm","floor":3,"turns":4},{"damage":0,"enemies":"2 Fungi Beasts","floor":5,"turns":3},{"damage":4,"enemies":"Large Slime","floor":7,"turns":5},{"damage":44,"enemies":"Lagavulin","floor":8,"turns":6},{"damage":30,"enemies":"3 Sentries","floor":10,"turns":8},{"damage":20,"enemies":"Gremlin Nob","floor":13,"turns":4},{"damage":6,"enemies":"Blue Slaver","floor":14,"turns":3},{"damage":48,"enemies":"The Guardian","floor":16,"turns":11},{"damage":40,"enemies":"Spheric Guardian","floor":18,"turns":6},{"damage":71,"enemies":"Masked Bandits","floor":19,"turns":9}],"seed_played":"-8115276594700818154","potions_obtained":[{"floor":1,"key":"AttackPotion"},{"floor":2,"key":"Explosive Potion"},{"floor":3,"key":"Explosive Potion"},{"floor":7,"key":"BloodPotion"},{"floor":14,"key":"Poison Potion"},{"floor":18,"key":"Energy Potion"}],"is_trial":false,"path_per_floor":["M","M","M","?","M","R","M","E","T","E","$","R","?","M","R","B",null,"M"],"character_chosen":"IRONCLAD","items_purchased":["Strawberry","Dexterity Potion"],"campfire_rested":2,"item_purchase_floors":[11,11],"current_hp_per_floor":[88,76,74,74,80,80,82,52,52,28,35,63,49,49,77,35,95,65,0],"gold":324,"neow_bonus":"TEN_PERCENT_HP_BONUS","is_prod":false,"is_daily":false,"chose_seed":false,"campfire_upgraded":1,"win_rate":0,"timestamp":1535951615,"path_taken":["M","M","?","?","M","R","M","E","T","E","$","R","?","M","R","BOSS","M","?"],"build_version":"2018-08-30","purchased_purges":0,"victory":false,"max_hp_per_floor":[88,88,88,88,88,88,88,88,88,88,95,95,95,95,95,95,95,95,95],"card_choices":[{"not_picked":["Dropkick","Second Wind"],"picked":"Ghostly Armor","floor":1},{"not_picked":["Uppercut","Rampage"],"picked":"Warcry","floor":2},{"not_picked":["Burning Pact","Entrench"],"picked":"Flex","floor":3},{"not_picked":["Corruption","Heavy Blade"],"picked":"Headbutt","floor":5},{"not_picked":["Wild Strike","Anger"],"picked":"Inflame","floor":7},{"not_picked":["Headbutt","Thunderclap"],"picked":"Metallicize","floor":8},{"not_picked":["Thunderclap","Feel No Pain"],"picked":"Iron Wave","floor":10},{"not_picked":["Carnage","Flex"],"picked":"Power Through","floor":13},{"not_picked":["Immolate","Clash","Perfected Strike"],"picked":"SKIP","floor":14},{"not_picked":["Feed","Bludgeon"],"picked":"Dark Embrace","floor":16},{"not_picked":["Iron Wave","Spot Weakness"],"picked":"True Grit+1","floor":18}],"player_experience":82947,"relics_obtained":[{"floor":8,"key":"Pen Nib"},{"floor":9,"key":"Ancient Tea Set"},{"floor":10,"key":"Bag of Marbles"},{"floor":13,"key":"Lantern"}],"event_choices":[{"event_name":"Golden Idol","player_choice":"Take Wound","floor":4,"damage_taken":0},{"event_name":"Dead Adventurer","player_choice":"Searched \u00271\u0027 times","floor":13,"damage_taken":0},{"event_name":"Masked Bandits","player_choice":"Fought Bandits","floor":19,"damage_taken":0}],"is_beta":false,"boss_relics":[{"not_picked":["White Beast Statue","Velvet Choker"],"picked":"Black Blood"}],"items_purged_floors":[],"is_endless":false,"potions_floor_spawned":[1,2,3,7,14,18],"killed_by":"Masked Bandits","ascension_level":2}