{"gold_per_floor":[114,114,114,132,132,132,148,73,73,73,101,115,390,403,403,403],"floor_reached":16,"playtime":1200,"items_purged":["Strike_B"],"score":160,"play_id":"9583b40e-6c76-4d80-b5ff-f73083cdd790","local_time":"20180919042214","is_ascension_mode":true,"campfire_choices":[{"floor":6,"key":"REST"},{"data":"Zap","floor":10,"key":"SMITH"},{"floor":15,"key":"REST"}],"neow_cost":"","seed_source_timestamp":314842638249121,"circlet_count":0,"master_deck":["Strike_B","Strike_B","Strike_B","Defend_B","Defend_B","Defend_B","Defend_B","Zap+1","Dualcast+1","AscendersBane","Go for the Eyes","BootSequence","Conserve Battery","Sunder","Reinforced Body","Regret","Storm"],"relics":["Cracked Core","Happy Flower","Matryoshka","Cables"],"potions_floor_usage":[11,11,14],"damage_taken":[{"damage":2,"enemies":"Jaw Worm","floor":1,"turns":4},{"damage":10,"enemies":"Small Slimes","floor":4,"turns":4},{"damage":0,"enemies":"2 Louse","floor":7,"turns":2},{"damage":35,"enemies":"3 Sentries","floor":11,"turns":11},{"damage":0,"enemies":"Exordium Wildlife","floor":12,"turns":3},{"damage":0,"enemies":"Gremlin Gang","floor":14,"turns":3},{"damage":61,"enemies":"The Guardian","floor":16,"turns":13}],"seed_played":"1450593705821979500","potions_obtained":[{"floor":5,"key":"Poison Potion"},{"floor":5,"key":"Strength Potion"},{"floor":7,"key":"Block Potion"},{"floor":11,"key":"GamblersBrew"}],"is_trial":false,"path_per_floor":["M","?","?","M","?","R","M","$","T","R","E","M","?","M","R"],"character_chosen":"DEFECT","items_purchased":[],"campfire_rested":2,"item_purchase_floors":[],"current_hp_per_floor":[66,66,59,49,49,71,71,71,71,71,36,36,36,36,58,0],"gold":403,"neow_bonus":"","is_prod":false,"is_daily":false,"chose_seed":false,"campfire_upgraded":1,"win_rate":0,"timestamp":1537323734,"path_taken":["M","?","?","M","?","R","?","$","T","R","E","?","?","M","R","BOSS"],"build_version":"2018-09-06","purchased_purges":1,"victory":false,"max_hp_per_floor":[75,75,75,75,75,75,75,75,75,75,75,75,75,75,75,75],"card_choices":[{"not_picked":["Beam Cell","Aggregate"],"picked":"Go for the Eyes","floor":1},{"not_picked":["Hologram","Barrage"],"picked":"BootSequence","floor":4},{"not_picked":["Turbo","Gash"],"picked":"Conserve Battery","floor":7},{"not_picked":["Fission","Buffer"],"picked":"Sunder","floor":11},{"not_picked":["Steam","Ball Lightning"],"picked":"Reinforced Body","floor":12},{"not_picked":["Recycle","Hello World"],"picked":"Storm","floor":14}],"player_experience":387885,"relics_obtained":[{"floor":9,"key":"Matryoshka"},{"floor":11,"key":"Cables"}],"event_choices":[{"event_name":"Living Wall","player_choice":"Grow","floor":2,"damage_taken":0},{"event_name":"Scrap Ooze","player_choice":"success","floor":3,"damage_taken":7},{"event_name":"The Lab","player_choice":"Got Potions","floor":5,"damage_taken":0},{"event_name":"Golden Shrine","player_choice":"Desecrate","floor":13,"damage_taken":0}],"is_beta":false,"boss_relics":[],"items_purged_floors":[8],"is_endless":false,"potions_floor_spawned":[7,11],"killed_by":"The Guardian","ascension_level":12}