{"gold_per_floor":[117,131,131,131,3,3,3,3,3,31,31,44,69,88,88,88],"floor_reached":16,"playtime":621,"items_purged":["Strike_B"],"score":157,"play_id":"85703993-9d1d-41f2-9d44-be61b5eb1f3f","local_time":"20180917004034","is_ascension_mode":true,"campfire_choices":[{"data":"Zap","floor":6,"key":"SMITH"},{"data":"Loop","floor":8,"key":"SMITH"},{"floor":11,"key":"REST"},{"floor":15,"key":"REST"}],"neow_cost":"","seed_source_timestamp":129320959609227,"circlet_count":0,"master_deck":["Strike_B","Strike_B","Strike_B","Defend_B","Defend_B","Defend_B","Defend_B","Zap+1","Dualcast+1","Sunder","Loop+1","Steam","Steam","Conserve Battery","Electrodynamics"],"relics":["Cracked Core","Omamori","Boot","Shuriken"],"potions_floor_usage":[10,16],"damage_taken":[{"damage":3,"enemies":"Small Slimes","floor":1,"turns":3},{"damage":0,"enemies":"2 Louse","floor":2,"turns":2},{"damage":19,"enemies":"3 Sentries","floor":10,"turns":6},{"damage":0,"enemies":"Cultist","floor":12,"turns":3},{"damage":25,"enemies":"Gremlin Nob","floor":13,"turns":4},{"damage":0,"enemies":"Looter","floor":14,"turns":3},{"damage":68,"enemies":"Hexaghost","floor":16,"turns":9}],"seed_played":"1257860190297024272","potions_obtained":[{"floor":1,"key":"Strength Potion"},{"floor":14,"key":"Ancient Potion"}],"is_trial":false,"path_per_floor":["M","M","?","?","$","R","?","R","T","E","R","M","E","M","R"],"character_chosen":"DEFECT","items_purchased":["Steam"],"campfire_rested":2,"item_purchase_floors":[5],"current_hp_per_floor":[65,65,70,70,70,70,62,62,62,43,67,67,42,42,66,0],"gold":88,"neow_bonus":"","is_prod":false,"is_daily":false,"chose_seed":false,"campfire_upgraded":2,"win_rate":0,"timestamp":1537137634,"path_taken":["M","M","?","?","$","R","?","R","T","E","R","M","E","M","R","BOSS"],"build_version":"2018-09-06","purchased_purges":1,"victory":false,"max_hp_per_floor":[75,75,80,80,80,80,80,80,80,80,80,80,80,80,80,80],"card_choices":[{"not_picked":["Stack","Beam Cell"],"picked":"Sunder","floor":1},{"not_picked":["Tempest","Force Field"],"picked":"Loop","floor":2},{"not_picked":["Ball Lightning","Coolheaded","Rebound"],"picked":"SKIP","floor":10},{"not_picked":["Hologram","Gash"],"picked":"Steam","floor":12},{"not_picked":["Hello World","Coolheaded"],"picked":"Conserve Battery","floor":13},{"not_picked":["Compile Driver","Beam Cell"],"picked":"Electrodynamics","floor":14}],"player_experience":263276,"relics_obtained":[{"floor":9,"key":"Omamori"},{"floor":10,"key":"Boot"},{"floor":13,"key":"Shuriken"}],"event_choices":[{"event_name":"Big Fish","player_choice":"Donut","floor":3,"damage_taken":0},{"event_name":"Upgrade Shrine","player_choice":"Upgraded","floor":4,"damage_taken":0},{"event_name":"Wheel of Change","player_choice":"Damage","floor":7,"damage_taken":0}],"is_beta":false,"boss_relics":[],"items_purged_floors":[5],"is_endless":false,"potions_floor_spawned":[1,14],"killed_by":"Hexaghost","ascension_level":9}