{"path_per_floor":["M","M","?","M","?","R","M","R","T","M","M","$","R","M","R","B",null,"M","M","$","?","M","R","E","M","T","R","$","?"],"character_chosen":"THE_SILENT","items_purchased":["War Paint","GhostInAJar"],"gold_per_floor":[113,129,79,98,98,98,118,118,141,159,176,30,30,48,48,125,125,113,124,47,47,67,67,101,116,142,142,67,67,67],"floor_reached":30,"campfire_rested":3,"playtime":3256,"item_purchase_floors":[12,20],"current_hp_per_floor":[59,33,33,33,26,26,26,26,26,26,16,16,35,35,35,23,55,30,8,8,8,8,27,15,2,2,21,21,21,0],"items_purged":["Strike_G"],"gold":67,"score":411,"play_id":"8d11bec1-2c3a-4263-84b0-8fb81114b55f","local_time":"20180604195445","is_prod":false,"is_daily":false,"chose_seed":false,"is_ascension_mode":true,"campfire_upgraded":3,"win_rate":0,"timestamp":1528134885,"campfire_choices":[{"data":"Neutralize","floor":6,"key":"SMITH"},{"data":"Malaise","floor":8,"key":"SMITH"},{"floor":13,"key":"REST"},{"data":"Noxious Fumes","floor":15,"key":"SMITH"},{"floor":23,"key":"REST"},{"floor":27,"key":"REST"}],"path_taken":["M","M","?","M","?","R","M","R","T","M","?","$","R","M","R","BOSS","M","M","$","?","M","R","E","M","T","R","?","?","E"],"build_version":"2018-05-31","seed_source_timestamp":123596658240724,"purchased_purges":1,"victory":false,"master_deck":["Defend_G","Defend_G+1","Defend_G","Defend_G","Defend_G+1","Strike_G","Survivor","Neutralize+1","AscendersBane","Malaise+1","Dagger Throw","Endless Agony","Heel Hook","Flying Knee","Noxious Fumes+1","Glass Knife","Escape Plan","Dodge and Roll","Calculated Gamble","Bouncing Flask","Dodge and Roll","Clumsy"],"max_hp_per_floor":[66,66,66,66,66,66,66,66,66,66,66,66,66,66,66,66,66,66,66,66,66,66,66,66,66,66,66,66,66,66],"relics":["Ring of the Snake","Snake Skull","War Paint","Cursed Key","Anchor","Bronze Scales"],"card_choices":[{"not_picked":["Underhanded Strike","Cloak And Dagger"],"picked":"Malaise","floor":1},{"not_picked":["Choke","Bane"],"picked":"Dagger Throw","floor":2},{"not_picked":["Setup","Prepared","Masterful Stab"],"picked":"SKIP","floor":4},{"not_picked":["Prepared","PiercingWail"],"picked":"Endless Agony","floor":7},{"not_picked":["Acrobatics","Calculated Gamble"],"picked":"Heel Hook","floor":10},{"not_picked":["Outmaneuver","Prepared"],"picked":"Flying Knee","floor":11},{"not_picked":["Acrobatics","Sucker Punch"],"picked":"Noxious Fumes","floor":14},{"not_picked":["A Thousand Cuts","Wraith Form v2"],"picked":"Glass Knife","floor":16},{"not_picked":["Dagger Spray","All Out Attack"],"picked":"Escape Plan","floor":18},{"not_picked":["Quick Slash","Prepared"],"picked":"Dodge and Roll","floor":19},{"not_picked":["Outmaneuver","Slice"],"picked":"Calculated Gamble","floor":22},{"not_picked":["Setup","Flechettes"],"picked":"Bouncing Flask","floor":24},{"not_picked":["Deflect","Heel Hook"],"picked":"Dodge and Roll","floor":25}],"player_experience":339364,"potions_floor_usage":[16,24,30,30],"damage_taken":[{"damage":0,"enemies":"Small Slimes","floor":1,"turns":5},{"damage":26,"enemies":"Jaw Worm","floor":2,"turns":12},{"damage":0,"enemies":"Cultist","floor":4,"turns":4},{"damage":0,"enemies":"3 Louse","floor":7,"turns":6},{"damage":0,"enemies":"Blue Slaver","floor":10,"turns":5},{"damage":10,"enemies":"Large Slime","floor":11,"turns":11},{"damage":0,"enemies":"Red Slaver","floor":14,"turns":5},{"damage":12,"enemies":"The Guardian","floor":16,"turns":10},{"damage":25,"enemies":"2 Thieves","floor":18,"turns":4},{"damage":22,"enemies":"Spheric Guardian","floor":19,"turns":6},{"damage":0,"enemies":"Snecko","floor":22,"turns":6},{"damage":12,"enemies":"Book of Stabbing","floor":24,"turns":8},{"damage":13,"enemies":"Sentry and Sphere","floor":25,"turns":6},{"damage":22,"enemies":"Slavers","floor":30,"turns":3}],"relics_obtained":[{"floor":9,"key":"Snake Skull"},{"floor":24,"key":"Anchor"},{"floor":26,"key":"Bronze Scales"}],"event_choices":[{"event_name":"The Cleric","player_choice":"Card Removal","floor":3,"damage_taken":0},{"event_name":"Golden Wing","player_choice":"Card Removal","floor":5,"damage_taken":0},{"event_name":"Cursed Tome","player_choice":"Ignored","floor":21,"damage_taken":0},{"event_name":"Beggar","player_choice":"Ignored","floor":29,"damage_taken":0}],"boss_relics":[{"not_picked":["Velvet Choker","Runic Dome"],"picked":"Cursed Key"}],"items_purged_floors":[28],"potions_floor_spawned":[7,10,14,16,22,25],"seed_played":"-5429058677483184223","killed_by":"Slavers","ascension_level":14,"potions_obtained":[{"floor":7,"key":"PowerPotion"},{"floor":10,"key":"EntropicBrew"},{"floor":14,"key":"Dexterity Potion"},{"floor":16,"key":"Energy Potion"},{"floor":25,"key":"LiquidBronze"}],"is_trial":false}