{"path_per_floor":["M","$","M","?","M","E","R","?","T","E","M","R","E","M","R","B",null,"M","$","M","M","M","R","E","R","T","?","$","R","E","M","R","B",null,"M","M","M","?","M","R","E","R","T","?","R","$","?","M","R","B"],"character_chosen":"DEFECT","items_purchased":["Emotion Chip","Go for the Eyes","Conserve Battery","Static Discharge"],"gold_per_floor":[112,37,55,55,67,96,96,96,96,124,136,136,170,190,190,292,292,304,0,14,26,40,40,69,69,94,94,19,19,48,64,64,161,161,173,193,206,206,223,223,248,248,248,248,248,79,127,147,147,147],"floor_reached":51,"campfire_rested":2,"playtime":2691,"item_purchase_floors":[19,28,28,46],"current_hp_per_floor":[74,74,71,64,62,47,47,47,47,39,35,35,15,14,36,17,61,48,48,52,31,28,28,29,29,29,29,29,29,37,40,40,46,68,64,72,75,75,75,75,66,66,66,75,75,75,41,47,69,75],"items_purged":["Strike_B","Writhe"],"gold":147,"score":1000,"play_id":"7eb15dce-5674-4376-a511-abd3640ba1c6","local_time":"20180602203851","is_prod":false,"is_daily":false,"chose_seed":false,"is_ascension_mode":true,"campfire_upgraded":8,"win_rate":0,"timestamp":1527986331,"campfire_choices":[{"data":"Zap","floor":7,"key":"SMITH"},{"data":"Dualcast","floor":12,"key":"SMITH"},{"floor":15,"key":"REST"},{"data":"Defragment","floor":23,"key":"SMITH"},{"data":"Reboot","floor":25,"key":"SMITH"},{"data":"Sunder","floor":29,"key":"SMITH"},{"data":"Go for the Eyes","floor":32,"key":"SMITH"},{"data":"Recycle","floor":40,"key":"SMITH"},{"floor":42,"key":"DIG"},{"data":"Buffer","floor":45,"key":"SMITH"},{"floor":49,"key":"REST"}],"path_taken":["M","?","M","?","?","E","R","?","T","E","M","R","E","M","R","BOSS","M","$","M","M","M","R","E","R","T","?","?","R","E","M","R","BOSS","M","M","M","?","M","R","E","R","T","?","R","$","?","M","R","BOSS"],"build_version":"2018-05-30v2","seed_source_timestamp":36166825045232,"purchased_purges":2,"victory":true,"master_deck":["Zap+1","Dualcast+1","Gash","Auto Shields","Sweeping Beam","Cold Snap","Chill","Reboot+1","Coolheaded","Ball Lightning","Recycle+1","Storm","Reprogram","Coolheaded","Defragment+1","Sunder+1","Auto Shields+1","Loop+1","Beam Cell+1","Go for the Eyes+1","Conserve Battery","Sweeping Beam+1","Meteor Strike","Gash+1","Rebound+1","Gash+1","Streamline+1","Buffer+1","Static Discharge","Coolheaded+1","Defragment+1"],"max_hp_per_floor":[75,75,75,75,75,75,75,75,75,75,75,75,75,75,75,75,75,75,75,75,75,75,75,75,75,75,75,75,75,75,75,75,75,75,75,75,75,75,75,75,75,75,75,75,75,75,75,75,75,75],"relics":["Cracked Core","Bird Faced Urn","Calipers","Sundial","Dead Branch","Pandora\u0027s Box","Emotion Chip","Thread and Needle","DataDisk","Anchor","Nuclear Battery","Shovel","Torii","Bottled Tornado","Du-Vu Doll"],"card_choices":[{"not_picked":["Blizzard","Conserve Battery","Coolheaded"],"picked":"SKIP","floor":1},{"not_picked":["Compile Driver","Ball Lightning"],"picked":"Gash","floor":3},{"not_picked":["Compile Driver","Gash"],"picked":"Auto Shields","floor":5},{"not_picked":["Streamline","Beam Cell"],"picked":"Sweeping Beam","floor":6},{"not_picked":["Biased Cognition","Force Field"],"picked":"Cold Snap","floor":10},{"not_picked":["Redo","Go for the Eyes","Barrage"],"picked":"SKIP","floor":11},{"not_picked":["Ball Lightning","Fission","Aggregate"],"picked":"SKIP","floor":13},{"not_picked":["Sunder","Reinforced Body"],"picked":"Chill","floor":14},{"not_picked":["Creative AI","Amplify"],"picked":"Reboot","floor":16},{"not_picked":["Leap","Steam"],"picked":"Defragment","floor":18},{"not_picked":["Conserve Battery","Stack+1"],"picked":"Sunder","floor":20},{"not_picked":["Fusion","Force Field"],"picked":"Auto Shields+1","floor":21},{"not_picked":["Aggregate","Reinforced Body"],"picked":"Loop","floor":22},{"not_picked":["Doom and Gloom","Recycle+1"],"picked":"Beam Cell+1","floor":24},{"not_picked":["Tempest","Turbo"],"picked":"Sweeping Beam+1","floor":30},{"not_picked":["Static Discharge","Reprogram","Melter"],"picked":"SKIP","floor":31},{"not_picked":["All For One","Biased Cognition"],"picked":"Meteor Strike","floor":33},{"not_picked":["Conserve Battery+1","Reinforced Body"],"picked":"Gash+1","floor":35},{"not_picked":["Genetic Algorithm+1","Go for the Eyes+1"],"picked":"Rebound+1","floor":36},{"not_picked":["Consume+1","Barrage+1"],"picked":"Gash+1","floor":37},{"not_picked":["Beam Cell","Conserve Battery"],"picked":"Streamline+1","floor":39},{"not_picked":["Hologram","Reprogram+1"],"picked":"Buffer","floor":41},{"not_picked":["Ball Lightning+1","Streamline+1"],"picked":"Coolheaded+1","floor":47},{"not_picked":["Cold Snap","Redo"],"picked":"Defragment+1","floor":48}],"player_experience":265161,"potions_floor_usage":[6,24,33,33,33,50,50,50],"damage_taken":[{"damage":1,"enemies":"Cultist","floor":1,"turns":3},{"damage":3,"enemies":"2 Louse","floor":3,"turns":2},{"damage":2,"enemies":"Jaw Worm","floor":5,"turns":3},{"damage":15,"enemies":"Lagavulin","floor":6,"turns":6},{"damage":8,"enemies":"3 Sentries","floor":10,"turns":5},{"damage":4,"enemies":"Looter","floor":11,"turns":3},{"damage":20,"enemies":"Lagavulin","floor":13,"turns":6},{"damage":1,"enemies":"Red Slaver","floor":14,"turns":2},{"damage":19,"enemies":"Hexaghost","floor":16,"turns":9},{"damage":15,"enemies":"Chosen","floor":18,"turns":5},{"damage":0,"enemies":"Spheric Guardian","floor":20,"turns":3},{"damage":36,"enemies":"Snake Plant","floor":21,"turns":3},{"damage":7,"enemies":"Snecko","floor":22,"turns":8},{"damage":14,"enemies":"Book of Stabbing","floor":24,"turns":5},{"damage":0,"enemies":"Gremlin Leader","floor":30,"turns":7},{"damage":3,"enemies":"Centurion and Healer","floor":31,"turns":5},{"damage":0,"enemies":"Automaton","floor":33,"turns":13},{"damage":8,"enemies":"3 Darklings","floor":35,"turns":3},{"damage":0,"enemies":"Flame Bruiser 1 Orb","floor":36,"turns":3},{"damage":0,"enemies":"Maw","floor":37,"turns":7},{"damage":0,"enemies":"Spire Growth","floor":39,"turns":4},{"damage":9,"enemies":"Giant Head","floor":41,"turns":8},{"damage":36,"enemies":"Mysterious Sphere","floor":47,"turns":4},{"damage":0,"enemies":"4 Shapes","floor":48,"turns":4},{"damage":9,"enemies":"Donu and Deca","floor":50,"turns":11}],"relics_obtained":[{"floor":6,"key":"Bird Faced Urn"},{"floor":9,"key":"Calipers"},{"floor":10,"key":"Sundial"},{"floor":13,"key":"Dead Branch"},{"floor":24,"key":"Thread and Needle"},{"floor":26,"key":"DataDisk"},{"floor":30,"key":"Anchor"},{"floor":41,"key":"Shovel"},{"floor":42,"key":"Torii"},{"floor":43,"key":"Bottled Tornado"},{"floor":47,"key":"Du-Vu Doll"}],"event_choices":[{"event_name":"Golden Wing","player_choice":"Card Removal","floor":4,"damage_taken":0},{"event_name":"The Woman in Blue","player_choice":"Bought 0 Potions","floor":8,"damage_taken":0},{"event_name":"The Lab","player_choice":"Got Potions","floor":27,"damage_taken":0},{"event_name":"Upgrade Shrine","player_choice":"Upgraded","floor":38,"damage_taken":0},{"event_name":"Winding Halls","player_choice":"Writhe","floor":44,"damage_taken":0},{"event_name":"Mysterious Sphere","player_choice":"Fight","floor":47,"damage_taken":0}],"boss_relics":[{"not_picked":["Orrery","Inserter"],"picked":"Pandora\u0027s Box"},{"not_picked":["Calling Bell","Runic Pyramid"],"picked":"Nuclear Battery"}],"items_purged_floors":[2,46],"potions_floor_spawned":[1,5,6,18,21,22,24,35,36,41,47],"seed_played":"4074828670336579470","ascension_level":5,"potions_obtained":[{"floor":1,"key":"SpeedPotion"},{"floor":5,"key":"Weak Potion"},{"floor":6,"key":"Explosive Potion"},{"floor":18,"key":"LiquidBronze"},{"floor":21,"key":"GamblersBrew"},{"floor":24,"key":"EntropicBrew"},{"floor":27,"key":"Swift Potion"}],"is_trial":false}