{"gold_per_floor":[119,194,119,133,150,150,150,164,189,189,189,201,201,201,201,275,275,291,291,307,307],"floor_reached":21,"playtime":722,"items_purged":["Strike_B"],"score":313,"play_id":"cf2d4766-a9d0-4af1-8a9c-69aa05e83090","local_time":"20180924025209","is_ascension_mode":true,"campfire_choices":[{"floor":6,"key":"REST"},{"data":"Zap","floor":11,"key":"SMITH"},{"data":"Zap","floor":15,"key":"SMITH"}],"neow_cost":"NONE","seed_source_timestamp":741921171898692,"circlet_count":0,"master_deck":["Strike_B","Strike_B","Defend_B","Defend_B","Zap+1","Dualcast","AscendersBane","Self Repair","Auto Shields","Ball Lightning","Zap+1","Reboot","Self Repair","Rip and Tear","Echo Form","Writhe"],"relics":["Cracked Core","Lantern","Busted Crown","Ancient Tea Set"],"potions_floor_usage":[16,16,21],"damage_taken":[{"damage":2,"enemies":"Jaw Worm","floor":1,"turns":3},{"damage":17,"enemies":"2 Louse","floor":4,"turns":3},{"damage":0,"enemies":"Small Slimes","floor":5,"turns":3},{"damage":11,"enemies":"Blue Slaver","floor":8,"turns":5},{"damage":6,"enemies":"2 Fungi Beasts","floor":12,"turns":3},{"damage":33,"enemies":"Hexaghost","floor":16,"turns":8},{"damage":28,"enemies":"Spheric Guardian","floor":18,"turns":4},{"damage":33,"enemies":"Shell Parasite","floor":20,"turns":5},{"damage":51,"enemies":"Masked Bandits","floor":21,"turns":3}],"seed_played":"-9215291586113844321","potions_obtained":[{"floor":5,"key":"PowerPotion"},{"floor":8,"key":"SteroidPotion"},{"floor":12,"key":"EssenceOfSteel"},{"floor":20,"key":"Regen Potion"}],"is_trial":false,"path_per_floor":["M","?","$","M","M","R","?","M","T","?","R","M","?","?","R","B",null,"M","?","M"],"character_chosen":"DEFECT","items_purchased":[],"campfire_rested":1,"item_purchase_floors":[],"current_hp_per_floor":[62,51,51,41,48,69,69,65,65,65,65,66,66,59,59,40,63,49,49,37,0],"gold":307,"neow_bonus":"REMOVE_CARD","is_prod":false,"is_daily":false,"chose_seed":false,"campfire_upgraded":2,"win_rate":0,"timestamp":1537750329,"path_taken":["M","?","$","M","M","R","?","M","T","?","R","M","?","?","R","BOSS","M","?","M","?"],"build_version":"2018-09-20","purchased_purges":1,"victory":false,"max_hp_per_floor":[71,71,71,71,71,71,71,71,71,71,71,71,71,71,71,71,71,71,71,71,71],"card_choices":[{"not_picked":["Barrage","Conserve Battery"],"picked":"Self Repair","floor":1},{"not_picked":["Stack","Streamline"],"picked":"Auto Shields","floor":4},{"not_picked":["Rebound","Streamline","Hello World"],"picked":"SKIP","floor":5},{"not_picked":["Cold Snap","Compile Driver"],"picked":"Ball Lightning","floor":8},{"not_picked":["Hologram","Rip and Tear"],"picked":"Self Repair","floor":12},{"not_picked":["Hyperbeam","Creative AI"],"picked":"Echo Form","floor":16},{"not_picked":["Beam Cell"],"picked":"SKIP","floor":18},{"not_picked":["Double Energy"],"picked":"SKIP","floor":20}],"player_experience":612116,"relics_obtained":[{"floor":9,"key":"Lantern"}],"event_choices":[{"event_name":"World of Goop","player_choice":"Gather Gold","floor":2,"damage_taken":0},{"event_name":"Dead Adventurer","player_choice":"Searched \u00270\u0027 times","floor":7,"damage_taken":0},{"event_name":"Match and Keep!","player_choice":"2 cards matched","floor":10,"damage_taken":0},{"event_name":"Transmorgrifier","player_choice":"Transform","floor":13,"damage_taken":0},{"event_name":"Golden Wing","player_choice":"Card Removal","floor":14,"damage_taken":0},{"event_name":"The Mausoleum","player_choice":"Yes","floor":19,"damage_taken":0},{"event_name":"Masked Bandits","player_choice":"Fought Bandits","floor":21,"damage_taken":0}],"is_beta":false,"boss_relics":[{"not_picked":["Philosopher\u0027s Stone","Snecko Eye"],"picked":"Busted Crown"}],"items_purged_floors":[3],"is_endless":false,"potions_floor_spawned":[5,8,12,20],"killed_by":"Masked Bandits","ascension_level":17}