{"gold_per_floor":[117,117,74,85,105,105,124,124,124,124,150,150,49,61,61,156,156,156,156,81,81,30,30,30,30,30,30,30,30,30,30,30,30,30,30,30,30,30,30,30,30,30,30,30,30,30,30,30],"floor_reached":48,"playtime":2041,"items_purged":["Meteor Strike"],"score":520,"play_id":"a0d5c9cc-c0bb-4e44-ae03-36ef2a11db99","local_time":"20180911072938","is_ascension_mode":false,"campfire_choices":[{"data":"Defragment","floor":6,"key":"SMITH"},{"data":"Redo","floor":8,"key":"SMITH"},{"data":"Zap","floor":10,"key":"SMITH"},{"floor":15,"key":"REST"},{"data":"Streamline","floor":23,"key":"SMITH"},{"floor":25,"key":"REST"},{"floor":29,"key":"REST"},{"floor":32,"key":"REST"},{"floor":40,"key":"REST"},{"floor":45,"key":"REST"}],"neow_cost":"NONE","seed_source_timestamp":4821392399317,"circlet_count":0,"master_deck":["Zap+1","Dualcast","Genetic Algorithm","Defragment+1","Ball Lightning","Redo+1","Ball Lightning","Flash of Steel","Auto Shields+1","Streamline+1","Electrodynamics","Streamline","Redo","Echo Form","Steam Power","Sweeping Beam","Barrage","Hologram","Cold Snap","Cold Snap","White Noise","Defragment+1","Purity","Ball Lightning+1","Loop","Ball Lightning","Consume+1","Melter+1"],"relics":["Cracked Core","Gambling Chip","Pocketwatch","Strawberry","Ectoplasm","Mummified Hand","Blue Candle","Bottled Flame","Pandora\u0027s Box","Dream Catcher"],"potions_floor_usage":[16,16,19,21,28,33,42,42,48,48],"damage_taken":[{"damage":1,"enemies":"Jaw Worm","floor":1,"turns":4},{"damage":0,"enemies":"2 Louse","floor":4,"turns":2},{"damage":0,"enemies":"Cultist","floor":5,"turns":2},{"damage":8,"enemies":"3 Louse","floor":7,"turns":3},{"damage":13,"enemies":"3 Sentries","floor":11,"turns":4},{"damage":7,"enemies":"Lots of Slimes","floor":14,"turns":3},{"damage":14,"enemies":"Hexaghost","floor":16,"turns":6},{"damage":16,"enemies":"3 Byrds","floor":18,"turns":3},{"damage":0,"enemies":"Chosen","floor":19,"turns":1},{"damage":0,"enemies":"Centurion and Healer","floor":21,"turns":5},{"damage":19,"enemies":"Book of Stabbing","floor":24,"turns":5},{"damage":18,"enemies":"Snake Plant","floor":27,"turns":3},{"damage":30,"enemies":"Slavers","floor":28,"turns":3},{"damage":16,"enemies":"Shelled Parasite and Fungi","floor":31,"turns":3},{"damage":36,"enemies":"Collector","floor":33,"turns":7},{"damage":22,"enemies":"3 Darklings","floor":35,"turns":3},{"damage":17,"enemies":"Orb Walker","floor":39,"turns":3},{"damage":20,"enemies":"Maw","floor":42,"turns":5},{"damage":28,"enemies":"4 Shapes","floor":46,"turns":3},{"damage":10,"enemies":"Sphere and 2 Shapes","floor":47,"turns":3},{"damage":74,"enemies":"Giant Head","floor":48,"turns":6}],"seed_played":"-1649181263524813970","potions_obtained":[{"floor":1,"key":"Ancient Potion"},{"floor":7,"key":"Block Potion"},{"floor":14,"key":"GamblersBrew"},{"floor":16,"key":"Weak Potion"},{"floor":18,"key":"SmokeBomb"},{"floor":21,"key":"GamblersBrew"},{"floor":31,"key":"LiquidBronze"},{"floor":33,"key":"AttackPotion"},{"floor":35,"key":"Energy Potion"},{"floor":42,"key":"Fruit Juice"},{"floor":46,"key":"EssenceOfSteel"}],"is_trial":false,"path_per_floor":["M","?","?","M","M","R","M","R","T","R","E","?","$","M","R","B",null,"M","M","$","M","$","R","E","R","T","M","E","R","$","M","R","B",null,"M","?","$","?","M","R","?","M","T","?","R","M","M"],"character_chosen":"DEFECT","items_purchased":["Flash of Steel","Streamline"],"campfire_rested":6,"item_purchase_floors":[13,22],"current_hp_per_floor":[74,79,79,79,79,79,71,71,71,71,58,40,40,33,59,45,87,71,71,71,71,71,71,52,78,78,60,30,56,56,40,66,30,87,65,65,65,65,48,74,74,59,59,59,86,58,48,0],"gold":30,"neow_bonus":"THREE_CARDS","is_prod":false,"is_daily":false,"chose_seed":false,"campfire_upgraded":4,"win_rate":0.0,"timestamp":1536647378,"path_taken":["M","?","?","?","M","R","M","R","T","R","E","?","$","M","R","BOSS","M","M","$","M","?","R","E","R","T","M","E","R","$","M","R","BOSS","M","?","$","?","M","R","?","M","T","?","R","M","M","E"],"build_version":"2018-09-06","purchased_purges":1,"victory":false,"max_hp_per_floor":[75,80,80,80,80,80,80,80,80,80,80,87,87,87,87,87,87,87,87,87,87,87,87,87,87,87,87,87,87,87,87,87,87,87,87,87,87,87,87,87,87,92,92,92,92,92,92,92],"card_choices":[{"not_picked":["Leap","Steam"],"picked":"Genetic Algorithm","floor":0},{"not_picked":["Barrage","Leap"],"picked":"Defragment","floor":1},{"not_picked":["Gash","Leap"],"picked":"Ball Lightning","floor":4},{"not_picked":["Go for the Eyes","Leap"],"picked":"Redo","floor":5},{"not_picked":["Undo","Steam"],"picked":"Ball Lightning","floor":7},{"not_picked":["Conserve Battery","Steam","Chill"],"picked":"SKIP","floor":11},{"not_picked":["Stack","Barrage","Turbo"],"picked":"SKIP","floor":14},{"not_picked":["Creative AI","Multi-Cast"],"picked":"Meteor Strike","floor":16},{"not_picked":["Chill","Rebound"],"picked":"Auto Shields+1","floor":18},{"not_picked":["Turbo","Capacitor+1","Scrape"],"picked":"SKIP","floor":21},{"not_picked":["Storm","Capacitor+1"],"picked":"Electrodynamics","floor":24},{"not_picked":["Reprogram","Barrage"],"picked":"Streamline","floor":27},{"not_picked":["Skim","Leap","Stack"],"picked":"SKIP","floor":28},{"not_picked":["Streamline","Turbo"],"picked":"Redo","floor":31},{"not_picked":["Meteor Strike","Core Surge"],"picked":"Echo Form","floor":33},{"not_picked":["Ball Lightning","Conserve Battery+1"],"picked":"White Noise","floor":35},{"not_picked":["Hologram+1","Chaos+1","Coolheaded+1"],"picked":"SKIP","floor":39},{"not_picked":["Trip","Blind"],"picked":"Purity","floor":41},{"not_picked":["Go for the Eyes+1","Stack"],"picked":"Ball Lightning+1","floor":42},{"not_picked":["Doom and Gloom+1","Rebound+1"],"picked":"Ball Lightning","floor":45},{"not_picked":["Gash","Coolheaded+1"],"picked":"Consume+1","floor":46},{"not_picked":["Beam Cell+1","Undo"],"picked":"Melter+1","floor":47}],"player_experience":140136,"relics_obtained":[{"floor":9,"key":"Gambling Chip"},{"floor":11,"key":"Pocketwatch"},{"floor":24,"key":"Mummified Hand"},{"floor":26,"key":"Blue Candle"},{"floor":28,"key":"Bottled Flame"},{"floor":43,"key":"Dream Catcher"}],"event_choices":[{"event_name":"Big Fish","player_choice":"Donut","floor":2,"damage_taken":0},{"event_name":"World of Goop","player_choice":"Left","floor":3,"damage_taken":0},{"event_name":"Scrap Ooze","player_choice":"success","floor":12,"damage_taken":25},{"event_name":"Purifier","player_choice":"One Purge","floor":36,"damage_taken":0},{"event_name":"Duplicator","player_choice":"One dupe","floor":38,"damage_taken":0},{"event_name":"SensoryStone","player_choice":"Memory 1","floor":41,"damage_taken":0},{"event_name":"Transmorgrifier","player_choice":"Transform","floor":44,"damage_taken":0}],"is_beta":false,"boss_relics":[{"not_picked":["Velvet Choker","Inserter"],"picked":"Ectoplasm"},{"not_picked":["Calling Bell","Empty Cage"],"picked":"Pandora\u0027s Box"}],"items_purged_floors":[20],"is_endless":false,"potions_floor_spawned":[1,7,14,16,18,21,31,33,35,42,46],"killed_by":"Giant Head","ascension_level":0}