{"path_per_floor":["M","?","M","M","M","R","E","R","T","R","E","M","M","E","R","B",null,"M","M","?","$","?","R","M","E","T","R","$","M","E","$","R","B",null,"M","M","?","M","M","E","R","?","T","$","R","M","M","$","R","B"],"character_chosen":"THE_SILENT","items_purchased":["Tingsha","Footwork","Deflect","Dash"],"gold_per_floor":[114,114,125,141,154,154,181,181,204,204,236,251,269,298,298,395,395,411,431,431,54,54,54,66,96,96,96,96,110,137,86,86,188,188,203,222,222,235,255,283,283,263,263,188,188,198,213,37,37,37],"floor_reached":51,"campfire_rested":6,"playtime":4378,"current_hp_per_floor":[34,34,34,32,28,49,39,39,39,60,44,44,41,36,57,24,70,59,59,70,70,70,70,55,29,29,50,50,50,40,40,61,31,70,70,67,67,67,63,59,59,59,59,59,59,59,59,59,70,48],"items_purged":["Pain","Infinite Blades"],"gold":37,"score":790,"play_id":"0413bc94-490f-4cf1-9773-8c53b2197396","local_time":"20180325152913","is_prod":false,"is_daily":false,"is_ascension_mode":true,"campfire_upgraded":1,"timestamp":1522016953,"path_taken":["M","?","M","?","M","R","E","R","T","R","E","?","M","E","R","BOSS","M","M","?","$","?","R","M","E","T","R","$","M","E","?","R","BOSS","M","M","?","M","M","E","R","?","T","$","R","M","M","$","R","BOSS"],"build_version":"2018-03-22v2","purchased_purges":3,"victory":true,"master_deck":["Defend_G","Defend_G","Defend_G","Defend_G","Strike_G+1","Survivor","Neutralize+1","Calculated Gamble+1","Slice","Well Laid Plans","Dodge and Roll","Flying Knee","Dagger Throw","Terror","Unload+1","After Image","Phantasmal Killer+1","Acrobatics+1","Sucker Punch+1","Riddle With Holes+1","Slice+1","Footwork","Cloak And Dagger","Dagger Spray+1","Deflect","Dagger Spray+1","Leg Sweep","Backflip","Expertise+1","Noxious Fumes+1","Deflect+1","Dash+1"],"max_hp_per_floor":[70,70,70,70,70,70,70,70,70,70,70,70,70,70,70,70,70,70,70,70,70,70,70,70,70,70,70,70,70,70,70,70,70,70,70,70,70,70,70,70,70,70,70,70,70,70,70,70,70,70],"relics":["Ring of the Snake","Girya","Whetstone","Toolbox","Molten Egg 2","Astrolabe","Tingsha","Thread and Needle","Shovel","Snake Skull","Cursed Key","Orichalcum","Calipers"],"card_choices":[{"not_picked":["Skewer","Cloak And Dagger"],"picked":"Calculated Gamble","floor":1},{"not_picked":["Sucker Punch","Bane"],"picked":"Slice","floor":3},{"not_picked":["Blur","Acrobatics"],"picked":"Well Laid Plans","floor":4},{"not_picked":["Setup","Poisoned Stab"],"picked":"Dodge and Roll","floor":5},{"not_picked":["Unload","Blur"],"picked":"Flying Knee","floor":7},{"not_picked":["Malaise","All Out Attack"],"picked":"Sucker Punch","floor":11},{"not_picked":["Choke","Cloak And Dagger"],"picked":"Dagger Throw","floor":12},{"not_picked":["Cloak And Dagger","Deadly Poison"],"picked":"Terror","floor":13},{"not_picked":["Flying Knee","Deflect"],"picked":"Unload","floor":14},{"not_picked":["Night Terror","Grand Finale"],"picked":"After Image","floor":16},{"not_picked":["Reflex","Escape Plan"],"picked":"Riddle With Holes","floor":18},{"not_picked":["Poisoned Stab","Bouncing Flask"],"picked":"Slice","floor":19},{"not_picked":["PiercingWail","Poisoned Stab"],"picked":"Cloak And Dagger","floor":24},{"not_picked":["Underhanded Strike","Escape Plan"],"picked":"Infinite Blades","floor":25},{"not_picked":["Adrenaline","Slice"],"picked":"Dagger Spray","floor":29},{"not_picked":["PiercingWail","Acrobatics"],"picked":"Dagger Spray","floor":35},{"not_picked":["Slice","Endless Agony"],"picked":"Leg Sweep","floor":36},{"not_picked":["Skewer","Bouncing Flask"],"picked":"Expertise","floor":40},{"not_picked":["Flying Knee","Dash"],"picked":"Noxious Fumes","floor":46},{"not_picked":["Bane","After Image"],"picked":"Deflect","floor":47}],"player_experience":116257,"potions_floor_usage":[7,7,25,25,33,40,50,50,50],"damage_taken":[{"damage":1,"enemies":"Jaw Worm","floor":1,"turns":9},{"damage":0,"enemies":"2 Louse","floor":3,"turns":3},{"damage":2,"enemies":"Small Slimes","floor":4,"turns":5},{"damage":4,"enemies":"Red Slaver","floor":5,"turns":6},{"damage":10,"enemies":"3 Sentries","floor":7,"turns":16},{"damage":16,"enemies":"Lagavulin","floor":11,"turns":7},{"damage":0,"enemies":"Looter","floor":12,"turns":3},{"damage":3,"enemies":"Exordium Thugs","floor":13,"turns":4},{"damage":5,"enemies":"Gremlin Nob","floor":14,"turns":3},{"damage":33,"enemies":"The Guardian","floor":16,"turns":9},{"damage":11,"enemies":"2 Thieves","floor":18,"turns":4},{"damage":0,"enemies":"Spheric Guardian","floor":19,"turns":5},{"damage":15,"enemies":"Snake Plant","floor":24,"turns":4},{"damage":41,"enemies":"Book of Stabbing","floor":25,"turns":7},{"damage":4,"enemies":"Centurion and Healer","floor":29,"turns":4},{"damage":10,"enemies":"Slavers","floor":30,"turns":4},{"damage":30,"enemies":"Automaton","floor":33,"turns":8},{"damage":0,"enemies":"Orb Walker","floor":35,"turns":3},{"damage":3,"enemies":"3 Darklings","floor":36,"turns":3},{"damage":0,"enemies":"4 Shapes","floor":38,"turns":5},{"damage":4,"enemies":"Maw","floor":39,"turns":8},{"damage":4,"enemies":"Nemesis","floor":40,"turns":5},{"damage":0,"enemies":"Sphere and 2 Shapes","floor":46,"turns":5},{"damage":0,"enemies":"3 Darklings","floor":47,"turns":4},{"damage":26,"enemies":"Awakened One","floor":50,"turns":16}],"event_choices":[{"event_name":"Liars Game","player_choice":"disagreed","floor":2,"damage_taken":0},{"event_name":"The Library","player_choice":"Heal","floor":20,"damage_taken":0},{"event_name":"Drug Dealer","player_choice":"Ignored","floor":22,"damage_taken":0},{"event_name":"Transmorgrifier","player_choice":"Transform","floor":37,"damage_taken":0},{"event_name":"The Woman in Blue","player_choice":"Bought 1 Potion","floor":42,"damage_taken":0}],"boss_relics":[{"not_picked":["Question Card","Runic Dome"],"picked":"Astrolabe"},{"not_picked":["White Beast Statue","Sozu"],"picked":"Cursed Key"}],"potions_floor_spawned":[1,5,13,16,18,24,29,30,35,39,40,47],"seed_played":"6388299470578671230","ascension_level":3,"is_trial":false}