{"gold_per_floor":[99,99,99,99,13,13,13,13,13,13,13,13,13,13,13,13,13,13,13,13,13,13,13,13,13,13,13,13,13,13,13,13,13,13,13,13,13,13,13,13,13,13,13,13,13,13,13,13,13,13],"floor_reached":50,"playtime":3943,"items_purged":[],"score":689,"play_id":"75435fb9-16aa-4cf9-b5c5-e4baf8e782ff","local_time":"20190325181748","is_ascension_mode":true,"campfire_choices":[{"data":"Bash","floor":12,"key":"SMITH"},{"data":"Perfected Strike","floor":15,"key":"SMITH"},{"data":"Double Tap","floor":23,"key":"SMITH"},{"data":"Perfected Strike","floor":30,"key":"SMITH"},{"data":"Heavy Blade","floor":32,"key":"SMITH"},{"data":"Immolate","floor":41,"key":"SMITH"},{"data":"Iron Wave","floor":46,"key":"SMITH"},{"floor":49,"key":"REST"}],"neow_cost":"NONE","seed_source_timestamp":12138980271447,"circlet_count":0,"master_deck":["Strike_R","Strike_R","Strike_R","Strike_R","Defend_R","Defend_R","Defend_R","Bash+1","Wild Strike","Flash of Steel","True Grit","Shockwave","Perfected Strike+1","Spot Weakness","Double Tap+1","Clothesline","Flame Barrier","Heavy Blade+1","Perfected Strike+1","Infernal Blade","Heavy Blade+1","Seeing Red+1","Inflame+1","Feed","Pommel Strike+1","Dropkick","Sword Boomerang+1","Immolate+1","Ghostly Armor+1","Iron Wave+1","Inflame","Pommel Strike","Warcry"],"relics":["Ectoplasm","Centennial Puzzle","Thread and Needle","Matryoshka","Spirit Poop","Dream Catcher","Mercury Hourglass","Blood Vial","Cursed Key","Ancient Tea Set","Omamori","Bronze Scales","Lantern","Empty Cage","Magic Flower","WarpedTongs","Bag of Marbles","Mummified Hand","Strawberry","Turnip"],"potions_floor_usage":[10,24,33,44,47,50,50,50],"damage_taken":[{"damage":0,"enemies":"Small Slimes","floor":1,"turns":4},{"damage":2,"enemies":"Jaw Worm","floor":4,"turns":3},{"damage":16,"enemies":"Lagavulin","floor":6,"turns":6},{"damage":0,"enemies":"Cultist","floor":8,"turns":2},{"damage":0,"enemies":"3 Sentries","floor":10,"turns":6},{"damage":0,"enemies":"Exordium Wildlife","floor":13,"turns":2},{"damage":5,"enemies":"2 Fungi Beasts","floor":14,"turns":2},{"damage":0,"enemies":"Slime Boss","floor":16,"turns":6},{"damage":0,"enemies":"3 Byrds","floor":18,"turns":3},{"damage":1,"enemies":"Spheric Guardian","floor":19,"turns":3},{"damage":0,"enemies":"Centurion and Healer","floor":21,"turns":4},{"damage":0,"enemies":"Chosen and Byrds","floor":22,"turns":4},{"damage":13,"enemies":"Slavers","floor":24,"turns":4},{"damage":0,"enemies":"Snecko","floor":25,"turns":3},{"damage":35,"enemies":"Gremlin Leader","floor":27,"turns":7},{"damage":5,"enemies":"Centurion and Healer","floor":31,"turns":3},{"damage":45,"enemies":"Collector","floor":33,"turns":8},{"damage":6,"enemies":"Orb Walker","floor":35,"turns":2},{"damage":0,"enemies":"Mind Bloom Boss Battle","floor":37,"turns":2},{"damage":2,"enemies":"3 Shapes","floor":38,"turns":3},{"damage":17,"enemies":"Reptomancer","floor":40,"turns":3},{"damage":21,"enemies":"Maw","floor":42,"turns":4},{"damage":1,"enemies":"Nemesis","floor":44,"turns":3},{"damage":0,"enemies":"Jaw Worm Horde","floor":45,"turns":2},{"damage":0,"enemies":"Transient","floor":47,"turns":5},{"damage":22,"enemies":"Reptomancer","floor":48,"turns":4},{"damage":75,"enemies":"Time Eater","floor":50,"turns":8}],"seed_played":"-3624282979733193497","potions_obtained":[{"floor":4,"key":"Regen Potion"},{"floor":6,"key":"Ancient Potion"},{"floor":19,"key":"Ancient Potion"},{"floor":27,"key":"Fire Potion"},{"floor":31,"key":"Strength Potion"},{"floor":38,"key":"SneckoOil"},{"floor":42,"key":"Strength Potion"},{"floor":44,"key":"Poison Potion"},{"floor":45,"key":"Block Potion"},{"floor":48,"key":"Swift Potion"}],"is_trial":false,"path_per_floor":["M","?","?","M","$","E","?","M","T","E","$","R","M","M","R","B",null,"M","M","$","M","M","R","E","M","T","E","$","?","R","M","R","B",null,"M","?","?","M","?","E","R","M","T","E","M","R","M","E","R","B"],"character_chosen":"IRONCLAD","items_purchased":["Flash of Steel"],"campfire_rested":1,"item_purchase_floors":[5],"current_hp_per_floor":[80,68,68,66,66,50,50,50,50,65,65,65,67,64,64,66,80,80,79,79,80,80,80,67,69,69,36,36,62,62,59,59,16,80,74,74,76,77,77,63,63,45,45,54,57,57,60,41,67,0],"gold":13,"neow_bonus":"BOSS_RELIC","is_prod":false,"is_daily":false,"chose_seed":false,"campfire_upgraded":7,"win_rate":0,"timestamp":1553537868,"path_taken":["M","?","?","?","$","E","?","M","T","E","$","R","M","M","R","BOSS","M","?","$","M","M","R","E","M","T","E","$","?","R","M","R","BOSS","M","?","?","M","?","E","R","?","T","E","M","R","M","E","R","BOSS"],"build_version":"2019-01-23","purchased_purges":0,"victory":false,"max_hp_per_floor":[80,80,80,80,80,80,80,80,80,80,80,80,80,80,80,80,80,80,80,80,80,80,80,80,80,80,80,80,80,80,80,80,80,80,80,80,80,80,80,80,80,80,80,87,87,87,87,87,87,87],"card_choices":[{"not_picked":["Clothesline","Twin Strike"],"picked":"Wild Strike","floor":1},{"not_picked":["Hemokinesis","Havoc","Evolve"],"picked":"SKIP","floor":4},{"not_picked":["Heavy Blade","Fiend Fire"],"picked":"True Grit","floor":6},{"not_picked":["Anger","Wild Strike"],"picked":"Shockwave","floor":8},{"not_picked":["Sword Boomerang","Heavy Blade"],"picked":"Perfected Strike","floor":10},{"not_picked":["Bloodletting","Reckless Charge"],"picked":"Spot Weakness","floor":13},{"not_picked":["Anger","Wild Strike","Twin Strike"],"picked":"SKIP","floor":14},{"not_picked":["Brutality","Berserk"],"picked":"Double Tap","floor":16},{"not_picked":["Pommel Strike","Searing Blow"],"picked":"Clothesline","floor":18},{"not_picked":["Anger+1","Shrug It Off"],"picked":"Flame Barrier","floor":19},{"not_picked":["Pommel Strike","Carnage"],"picked":"Heavy Blade+1","floor":21},{"not_picked":["Warcry","Sentinel"],"picked":"Perfected Strike","floor":22},{"not_picked":["Clash+1","Clothesline"],"picked":"Infernal Blade","floor":24},{"not_picked":["Twin Strike+1","Evolve"],"picked":"Heavy Blade","floor":25},{"not_picked":["Clash","Flame Barrier"],"picked":"Seeing Red+1","floor":27},{"not_picked":["Pommel Strike","Entrench+1"],"picked":"Inflame+1","floor":31},{"not_picked":["Double Tap","Barricade"],"picked":"Feed","floor":33},{"not_picked":["Clothesline","Anger"],"picked":"Pommel Strike+1","floor":35},{"not_picked":["Evolve+1","Searing Blow"],"picked":"Dropkick","floor":37},{"not_picked":["Searing Blow","Anger+1"],"picked":"Sword Boomerang+1","floor":38},{"not_picked":["Anger","Carnage+1"],"picked":"Immolate","floor":40},{"not_picked":["Spot Weakness","Bloodletting+1"],"picked":"Ghostly Armor+1","floor":42},{"not_picked":["Searing Blow+1","Havoc"],"picked":"Iron Wave","floor":44},{"not_picked":["Perfected Strike+1","Rampage"],"picked":"Inflame","floor":45},{"not_picked":["Wild Strike","Hemokinesis+1"],"picked":"Pommel Strike","floor":47},{"not_picked":["Rampage","Iron Wave"],"picked":"Warcry","floor":48}],"player_experience":208710,"relics_obtained":[{"floor":6,"key":"Matryoshka"},{"floor":9,"key":"Dream Catcher"},{"floor":9,"key":"Mercury Hourglass"},{"floor":10,"key":"Blood Vial"},{"floor":24,"key":"Ancient Tea Set"},{"floor":26,"key":"Omamori"},{"floor":26,"key":"Bronze Scales"},{"floor":27,"key":"Lantern"},{"floor":37,"key":"Magic Flower"},{"floor":40,"key":"Bag of Marbles"},{"floor":43,"key":"Mummified Hand"},{"floor":44,"key":"Strawberry"},{"floor":48,"key":"Turnip"}],"event_choices":[{"damage_healed":0,"gold_gain":0,"player_choice":"Success","damage_taken":12,"relics_obtained":["Centennial Puzzle"],"max_hp_gain":0,"max_hp_loss":0,"event_name":"Scrap Ooze","floor":2,"gold_loss":0},{"damage_healed":0,"gold_gain":0,"player_choice":"Box","damage_taken":0,"relics_obtained":["Thread and Needle"],"max_hp_gain":0,"max_hp_loss":0,"event_name":"Big Fish","floor":3,"gold_loss":0,"cards_obtained":["Regret"]},{"cards_removed":["Regret"],"damage_healed":0,"gold_gain":0,"player_choice":"Offered Curse","damage_taken":0,"relics_obtained":["Spirit Poop"],"max_hp_gain":0,"max_hp_loss":0,"event_name":"Bonfire Elementals","floor":7,"gold_loss":0},{"damage_healed":26,"gold_gain":0,"player_choice":"Heal","damage_taken":0,"max_hp_gain":0,"max_hp_loss":0,"event_name":"The Library","floor":29,"gold_loss":0},{"cards_removed":["Defend_R"],"damage_healed":0,"gold_gain":0,"player_choice":"Removed Skill","damage_taken":0,"max_hp_gain":0,"max_hp_loss":0,"event_name":"Falling","floor":36,"gold_loss":0},{"damage_healed":0,"gold_gain":0,"player_choice":"Fight","damage_taken":0,"max_hp_gain":0,"max_hp_loss":0,"event_name":"MindBloom","floor":37,"gold_loss":0},{"damage_healed":0,"gold_gain":0,"player_choice":"Rummage","damage_taken":0,"relics_obtained":["WarpedTongs"],"max_hp_gain":0,"max_hp_loss":0,"event_name":"Accursed Blacksmith","floor":39,"gold_loss":0,"cards_obtained":["Pain"]}],"is_beta":false,"boss_relics":[{"not_picked":["Coffee Dripper","Runic Dome"],"picked":"Cursed Key"},{"not_picked":["Sozu","Calling Bell"],"picked":"Empty Cage"}],"items_purged_floors":[],"is_endless":false,"potions_floor_spawned":[4,6,19,27,31,38,42,44,45,48],"killed_by":"Time Eater","ascension_level":1}