{"gold_per_floor":[19,19,19,19,19,19,29,41,41,41,69,80,80,95,95,168,168,178,178,188,204,204,204,237,256,281,281,297,308,59,59,59,131,131,149,164,164],"floor_reached":37,"playtime":1791,"items_purged":["Strike_B"],"score":729,"play_id":"d8bdac74-f197-4cba-adae-ce8813988cea","local_time":"20180923214623","is_ascension_mode":true,"campfire_choices":[{"data":"Static Discharge","floor":6,"key":"SMITH"},{"data":"Buffer","floor":10,"key":"SMITH"},{"floor":13,"key":"REST"},{"data":"Zap","floor":15,"key":"SMITH"},{"floor":23,"key":"REST"},{"floor":27,"key":"REST"},{"floor":32,"key":"REST"}],"neow_cost":"NO_GOLD","seed_source_timestamp":722504831751200,"circlet_count":0,"master_deck":["Strike_B","Strike_B","Strike_B","Defend_B","Defend_B","Defend_B","Defend_B","Zap+1","Dualcast","AscendersBane","Buffer+1","Static Discharge+1","Rip and Tear","Ball Lightning","Rip and Tear","Thunder Strike","Capacitor","Cold Snap","Coolheaded","Cold Snap+1","Creative AI"],"relics":["Cracked Core","Bottled Tornado","Ornamental Fan","Boot","Velvet Choker","Mango","Art of War","Strawberry","Runic Pyramid"],"potions_floor_usage":[14,20,21,33,35],"damage_taken":[{"damage":4,"enemies":"Jaw Worm","floor":1,"turns":3},{"damage":9,"enemies":"2 Louse","floor":7,"turns":2},{"damage":1,"enemies":"Cultist","floor":8,"turns":3},{"damage":20,"enemies":"3 Sentries","floor":11,"turns":5},{"damage":3,"enemies":"Exordium Thugs","floor":12,"turns":4},{"damage":8,"enemies":"3 Louse","floor":14,"turns":2},{"damage":8,"enemies":"Slime Boss","floor":16,"turns":9},{"damage":5,"enemies":"3 Byrds","floor":18,"turns":1},{"damage":12,"enemies":"2 Thieves","floor":20,"turns":4},{"damage":12,"enemies":"Sentry and Sphere","floor":21,"turns":5},{"damage":40,"enemies":"Book of Stabbing","floor":24,"turns":4},{"damage":4,"enemies":"Snecko","floor":25,"turns":6},{"damage":12,"enemies":"Snake Plant","floor":28,"turns":2},{"damage":19,"enemies":"3 Cultists","floor":29,"turns":4},{"damage":35,"enemies":"Automaton","floor":33,"turns":9},{"damage":43,"enemies":"3 Darklings","floor":35,"turns":6},{"damage":18,"enemies":"Orb Walker","floor":36,"turns":4},{"damage":24,"enemies":"3 Darklings","floor":37,"turns":2}],"seed_played":"-467742856827132365","potions_obtained":[{"floor":11,"key":"Explosive Potion"},{"floor":16,"key":"SneckoOil"},{"floor":20,"key":"Block Potion"},{"floor":25,"key":"Ancient Potion"},{"floor":28,"key":"Ancient Potion"},{"floor":33,"key":"GamblersBrew"},{"floor":36,"key":"FearPotion"}],"is_trial":false,"path_per_floor":["M","?","?","?","T","R","M","M","T","R","E","M","R","M","R","B",null,"M","?","M","M","?","R","E","M","T","R","M","M","$","$","R","B",null,"M","M"],"character_chosen":"DEFECT","items_purchased":["Strawberry"],"campfire_rested":4,"item_purchase_floors":[30],"current_hp_per_floor":[60,60,60,60,60,60,51,50,50,50,30,27,48,40,40,32,61,56,36,24,12,27,49,23,19,19,46,34,15,22,22,51,16,77,34,16,0],"gold":164,"neow_bonus":"THREE_RARE_CARDS","is_prod":false,"is_daily":false,"chose_seed":false,"campfire_upgraded":3,"win_rate":0,"timestamp":1537731983,"path_taken":["M","?","?","?","?","R","?","M","T","R","E","M","R","M","R","BOSS","M","?","M","?","?","R","E","M","T","R","M","M","?","$","R","BOSS","M","M","M"],"build_version":"2018-09-20","purchased_purges":1,"victory":false,"max_hp_per_floor":[71,71,71,71,71,71,71,71,71,71,71,71,71,71,71,71,71,71,76,76,76,76,76,90,90,90,90,90,90,97,97,97,97,97,97,97,97],"card_choices":[{"not_picked":["All For One","Biased Cognition"],"picked":"Buffer","floor":0},{"not_picked":["Rebound","Turbo"],"picked":"Static Discharge","floor":1},{"not_picked":["Turbo","Hologram"],"picked":"Rip and Tear","floor":7},{"not_picked":["Hologram","Coolheaded"],"picked":"Ball Lightning","floor":8},{"not_picked":["Hologram","Hello World","Compile Driver"],"picked":"SKIP","floor":11},{"not_picked":["Double Energy","Turbo","Sweeping Beam"],"picked":"SKIP","floor":12},{"not_picked":["Chill","Scrape"],"picked":"Rip and Tear","floor":14},{"not_picked":["Fission","Machine Learning"],"picked":"Thunder Strike","floor":16},{"not_picked":["Consume","Glacier"],"picked":"Capacitor","floor":18},{"not_picked":["Stack","Leap"],"picked":"Cold Snap","floor":20},{"not_picked":["Gash+1","BootSequence"],"picked":"Coolheaded","floor":21},{"not_picked":["Reinforced Body","Capacitor"],"picked":"Cold Snap+1","floor":24},{"not_picked":["Turbo+1","Lockon","Hello World"],"picked":"SKIP","floor":25},{"not_picked":["Hologram","Sweeping Beam","Streamline"],"picked":"SKIP","floor":28},{"not_picked":["Compile Driver","Force Field","Streamline"],"picked":"SKIP","floor":29},{"not_picked":["All For One","Hyperbeam"],"picked":"Creative AI","floor":33},{"not_picked":["Double Energy","Beam Cell","Stack"],"picked":"SKIP","floor":35},{"not_picked":["Gash","Aggregate+1","Lockon"],"picked":"SKIP","floor":36}],"player_experience":593657,"relics_obtained":[{"floor":5,"key":"Bottled Tornado"},{"floor":9,"key":"Ornamental Fan"},{"floor":11,"key":"Boot"},{"floor":24,"key":"Mango"},{"floor":26,"key":"Art of War"}],"event_choices":[{"event_name":"Liars Game","player_choice":"disagreed","floor":2,"damage_taken":0},{"event_name":"WeMeetAgain","player_choice":"Attack","floor":3,"damage_taken":0},{"event_name":"The Cleric","player_choice":"Leave","floor":4,"damage_taken":0},{"event_name":"Forgotten Altar","player_choice":"Shed Blood","floor":19,"damage_taken":0},{"event_name":"The Library","player_choice":"Heal","floor":22,"damage_taken":0}],"is_beta":false,"boss_relics":[{"not_picked":["Pandora\u0027s Box","White Beast Statue"],"picked":"Velvet Choker"},{"not_picked":["Philosopher\u0027s Stone","Calling Bell"],"picked":"Runic Pyramid"}],"items_purged_floors":[30],"is_endless":false,"potions_floor_spawned":[11,16,20,25,28,33,36],"killed_by":"3 Darklings","ascension_level":16}