{"gold_per_floor":[119,52,52,52,52,93,111,36,36,76,76,6,6,19,19,142,142,156,246,264,285,298,298,333,353,377,377,377,377,230,268,268,388,388,408,408,368,368,381,381,419,434,514,514,847,847,847],"floor_reached":47,"playtime":1879,"items_purged":["Regret"],"score":703,"play_id":"c1a698e0-66a7-485d-ac06-61feea40eb8e","local_time":"20181206174435","is_ascension_mode":true,"campfire_choices":[{"floor":11,"key":"DIG"},{"floor":13,"key":"DIG"},{"floor":15,"key":"REST"},{"floor":23,"key":"REST"},{"floor":27,"key":"REST"},{"floor":29,"key":"REST"},{"floor":32,"key":"REST"},{"data":"Turbo","floor":40,"key":"SMITH"},{"floor":44,"key":"RECALL"}],"neow_cost":"NONE","seed_source_timestamp":1732815267841245,"circlet_count":0,"master_deck":["Strike_B","Strike_B","Strike_B","Strike_B","Defend_B+1","Defend_B+1","Defend_B","Defend_B","Zap+1","Dualcast","Rebound","Static Discharge","Ball Lightning","Seek+1","Go for the Eyes","Ball Lightning","Conserve Battery","Echo Form","Turbo+1","FTL","Beam Cell","Undo","Sweeping Beam","Blind","Deep Breath","Self Repair","Leap","Defragment+1","Steam Power","Defragment+1","Beam Cell+1","Core Surge","Self Repair+1","Melter+1","Force Field+1","BootSequence","Writhe"],"relics":["Cracked Core","NeowsBlessing","Bag of Marbles","Shovel","Thread and Needle","Ancient Tea Set","War Paint","DataDisk","Orrery","Pen Nib","PreservedInsect","Regal Pillow","Juzu Bracelet","Eternal Feather","Lantern"],"potions_floor_usage":[9,10,16,20,22,33,41],"damage_taken":[{"damage":0,"enemies":"Jaw Worm","floor":1,"turns":1},{"damage":0,"enemies":"Lagavulin","floor":6,"turns":1},{"damage":0,"enemies":"2 Louse","floor":7,"turns":1},{"damage":15,"enemies":"3 Sentries","floor":10,"turns":5},{"damage":0,"enemies":"Cultist","floor":14,"turns":2},{"damage":22,"enemies":"Hexaghost","floor":16,"turns":6},{"damage":4,"enemies":"3 Byrds","floor":18,"turns":3},{"damage":3,"enemies":"Spheric Guardian","floor":20,"turns":3},{"damage":8,"enemies":"Snake Plant","floor":21,"turns":4},{"damage":12,"enemies":"Centurion and Healer","floor":22,"turns":5},{"damage":26,"enemies":"Book of Stabbing","floor":24,"turns":4},{"damage":12,"enemies":"Sentry and Sphere","floor":25,"turns":7},{"damage":21,"enemies":"Gremlin Leader","floor":31,"turns":6},{"damage":72,"enemies":"Collector","floor":33,"turns":11},{"damage":26,"enemies":"3 Darklings","floor":35,"turns":4},{"damage":10,"enemies":"3 Shapes","floor":39,"turns":5},{"damage":31,"enemies":"Nemesis","floor":41,"turns":7},{"damage":6,"enemies":"Maw","floor":42,"turns":7},{"damage":78,"enemies":"Giant Head","floor":47,"turns":8}],"seed_played":"2933389270576349780","potions_obtained":[{"floor":1,"key":"EssenceOfSteel"},{"floor":6,"key":"AttackPotion"},{"floor":7,"key":"Fruit Juice"},{"floor":14,"key":"FearPotion"},{"floor":21,"key":"FocusPotion"},{"floor":25,"key":"Ancient Potion"},{"floor":39,"key":"EssenceOfSteel"}],"is_trial":false,"path_per_floor":["M","$","?","?","?","E","M","$","T","E","R","$","R","M","R","B",null,"M","?","M","M","M","R","E","M","T","R","?","R","$","E","R","B",null,"M","?","?","?","M","R","E","M","T","R","?","?","E"],"character_chosen":"DEFECT","items_purchased":["Static Discharge","Go for the Eyes","Ball Lightning","Regal Pillow"],"campfire_rested":5,"item_purchase_floors":[2,12,12,30],"current_hp_per_floor":[75,75,75,57,57,57,57,57,62,47,47,47,47,47,71,49,72,68,36,33,32,20,44,18,20,20,44,44,68,68,47,80,15,64,45,45,45,45,42,60,39,53,53,74,74,80,2],"gold":847,"neow_bonus":"THREE_ENEMY_KILL","is_prod":false,"is_daily":false,"chose_seed":false,"campfire_upgraded":1,"win_rate":0,"timestamp":1544114675,"path_taken":["M","$","?","?","?","E","?","$","T","E","R","$","R","?","R","BOSS","M","?","?","M","M","R","E","M","T","R","?","R","?","E","R","BOSS","M","?","?","?","M","R","E","M","T","R","?","?","E"],"build_version":"2018-11-15","purchased_purges":1,"victory":false,"max_hp_per_floor":[75,75,75,75,75,75,75,75,80,80,80,80,80,80,80,80,80,80,80,80,80,80,80,80,80,80,80,80,80,80,80,80,80,80,80,80,80,80,80,80,80,80,80,80,80,80,80],"card_choices":[{"not_picked":["Skim","Steam"],"picked":"Rebound","floor":1},{"not_picked":["Go for the Eyes","Leap"],"picked":"Darkness","floor":6},{"not_picked":["Beam Cell","Sweeping Beam"],"picked":"Ball Lightning","floor":7},{"not_picked":["Tempest","Hello World"],"picked":"Seek","floor":10},{"not_picked":["Ball Lightning","Redo"],"picked":"Conserve Battery","floor":14},{"not_picked":["Machine Learning","Fission"],"picked":"Echo Form","floor":16},{"not_picked":["Beam Cell","Lockon"],"picked":"Turbo","floor":17},{"not_picked":["Conserve Battery","Aggregate"],"picked":"FTL","floor":17},{"not_picked":["Storm","Rainbow"],"picked":"Beam Cell","floor":17},{"not_picked":["White Noise","Steam"],"picked":"Undo","floor":17},{"not_picked":["Skim","Stack"],"picked":"Sweeping Beam","floor":17},{"not_picked":["White Noise","Go for the Eyes","Stack"],"picked":"SKIP","floor":18},{"not_picked":["Leap","Steam"],"picked":"Self Repair","floor":20},{"not_picked":["Barrage","Sweeping Beam"],"picked":"Leap","floor":21},{"not_picked":["Double Energy","Sweeping Beam"],"picked":"Defragment+1","floor":22},{"not_picked":["Sweeping Beam","FTL","Beam Cell"],"picked":"SKIP","floor":24},{"not_picked":["Coolheaded","Rebound"],"picked":"Steam Power","floor":25},{"not_picked":["Echo Form","Conserve Battery"],"picked":"Beam Cell+1","floor":31},{"not_picked":["Rainbow","Echo Form"],"picked":"Core Surge","floor":33},{"not_picked":["Rebound+1","Scrape+1"],"picked":"Self Repair+1","floor":35},{"not_picked":["Leap","Scrape+1"],"picked":"Melter+1","floor":39},{"not_picked":["Compile Driver","Turbo+1"],"picked":"Force Field+1","floor":41},{"not_picked":["Seek","Stack+1"],"picked":"BootSequence","floor":42}],"player_experience":393086,"relics_obtained":[{"floor":6,"key":"Shovel"},{"floor":9,"key":"Thread and Needle"},{"floor":10,"key":"Ancient Tea Set"},{"floor":11,"key":"War Paint"},{"floor":13,"key":"DataDisk"},{"floor":24,"key":"Pen Nib"},{"floor":26,"key":"PreservedInsect"},{"floor":31,"key":"Juzu Bracelet"},{"floor":41,"key":"Lantern"}],"event_choices":[{"damage_healed":0,"gold_gain":0,"player_choice":"Box","damage_taken":0,"relics_obtained":["Bag of Marbles"],"max_hp_gain":0,"max_hp_loss":0,"event_name":"Big Fish","floor":3,"gold_loss":0,"cards_obtained":["Regret"]},{"damage_healed":0,"gold_gain":0,"player_choice":"Take Damage","damage_taken":18,"relics_obtained":["Golden Idol"],"max_hp_gain":0,"max_hp_loss":0,"event_name":"Golden Idol","floor":4,"gold_loss":0},{"damage_healed":0,"gold_gain":0,"player_choice":"Upgraded","damage_taken":0,"max_hp_gain":0,"max_hp_loss":0,"event_name":"Upgrade Shrine","floor":5,"gold_loss":0,"cards_upgraded":["Zap"]},{"damage_healed":0,"gold_gain":90,"player_choice":"CARD CARD GOLD ","damage_taken":32,"max_hp_gain":0,"max_hp_loss":0,"event_name":"Knowing Skull","floor":19,"potions_obtained":[],"gold_loss":0,"cards_obtained":["Blind","Deep Breath"]},{"damage_healed":0,"gold_gain":0,"player_choice":"Copied","damage_taken":0,"max_hp_gain":0,"max_hp_loss":0,"event_name":"Duplicator","floor":28,"gold_loss":0,"cards_obtained":["Defragment"]},{"damage_healed":0,"gold_gain":0,"player_choice":"Ignored","damage_taken":0,"max_hp_gain":0,"max_hp_loss":0,"event_name":"Mysterious Sphere","floor":36,"gold_loss":0},{"damage_healed":0,"gold_gain":0,"player_choice":"Upgrade","damage_taken":0,"max_hp_gain":0,"max_hp_loss":0,"event_name":"Designer","floor":37,"gold_loss":40,"cards_upgraded":["Seek"]},{"cards_removed":["Darkness"],"damage_healed":0,"gold_gain":0,"player_choice":"Removed Skill","damage_taken":0,"max_hp_gain":0,"max_hp_loss":0,"event_name":"Falling","floor":38,"gold_loss":0},{"damage_healed":0,"gold_gain":333,"player_choice":"Gave Idol","damage_taken":0,"max_hp_gain":0,"max_hp_loss":0,"event_name":"The Moai Head","floor":45,"relics_lost":["Golden Idol"],"gold_loss":0},{"damage_healed":20,"gold_gain":0,"player_choice":"Writhe","damage_taken":0,"max_hp_gain":0,"max_hp_loss":0,"event_name":"Winding Halls","floor":46,"gold_loss":0,"cards_obtained":["Writhe"]}],"is_beta":false,"boss_relics":[{"not_picked":["Astrolabe","White Beast Statue"],"picked":"Orrery"},{"not_picked":["Pandora\u0027s Box","Runic Dome"],"picked":"Eternal Feather"}],"items_purged_floors":[8],"is_endless":false,"potions_floor_spawned":[1,6,7,14,21,25,39],"killed_by":"Giant Head","ascension_level":5}