{"gold_per_floor":[113,126,138,138,138,138,163,182,182,198,198,212,8,28,28,131,131,148,148,168,188,188,222,251,263,299,331,368,391,403,446,458,570,582,608,620,650,679,709,754,766,809,821,833,718,757,23,38,38,38,38,38,38,72,72],"floor_reached":56,"playtime":2336,"items_purged":["Strike_G"],"score":1557,"play_id":"4d5ade2b-27a5-4e7d-9e73-ed2ef1f759b2","local_time":"20181211010109","is_ascension_mode":true,"campfire_choices":[{"data":"Neutralize","floor":6.0,"key":"SMITH"},{"data":"Terror","floor":11.0,"key":"SMITH"},{"data":"Blade Dance","floor":15.0,"key":"SMITH"},{"data":"A Thousand Cuts","floor":25.0,"key":"SMITH"},{"data":"Cloak And Dagger","floor":30,"key":"SMITH"},{"data":"Dash","floor":32,"key":"SMITH"},{"data":"Neutralize","floor":41,"key":"SMITH"},{"data":"Leg Sweep","floor":44,"key":"SMITH"},{"floor":49,"key":"RECALL"},{"data":"Survivor","floor":52,"key":"SMITH"}],"neow_cost":"NONE","seed_source_timestamp":286107623484786,"circlet_count":0,"master_deck":["Defend_G","Defend_G","Defend_G","Defend_G","Strike_G","Strike_G+1","Strike_G","Survivor+1","Neutralize+1","Flying Knee","Leg Sweep+1","Neutralize+1","Dash+1","Terror+1","Blade Dance+1","Dagger Spray","Dagger Spray+1","A Thousand Cuts+1","Footwork+1","Predator+1","Cloak And Dagger+1","Backflip+1","Cloak And Dagger+1","Tools of the Trade+1","Well Laid Plans+1","Infinite Blades+1","Well Laid Plans+1","Cloak And Dagger+1","Footwork+1","Infinite Blades+1","Dodge and Roll+1","Caltrops+1","Poisoned Stab","Cloak And Dagger+1"],"special_seed":0,"relics":["Ring of the Snake","Dream Catcher","Anchor","Kunai","PreservedInsect","Odd Mushroom","Black Star","Mango","Ninja Scroll","MawBank","Strawberry","Pear","Toxic Egg 2","Meat on the Bone","Frozen Egg 2","WristBlade","Singing Bowl","Blood Vial","Lantern","Potion Belt","Smiling Mask","Centennial Puzzle","Gremlin Horn","Unceasing Top","Mummified Hand","Vajra","Whetstone"],"potions_floor_usage":[31,33,38,55,55,55,55,55,55,55,55],"damage_taken":[{"damage":0.0,"enemies":"Cultist","floor":1.0,"turns":4.0},{"damage":1.0,"enemies":"Jaw Worm","floor":2.0,"turns":6.0},{"damage":0.0,"enemies":"2 Louse","floor":3.0,"turns":4.0},{"damage":23.0,"enemies":"Lagavulin","floor":7.0,"turns":13.0},{"damage":0.0,"enemies":"Red Slaver","floor":8.0,"turns":4.0},{"damage":0.0,"enemies":"Looter","floor":10.0,"turns":4.0},{"damage":2.0,"enemies":"3 Louse","floor":12.0,"turns":4.0},{"damage":0.0,"enemies":"The Mushroom Lair","floor":14.0,"turns":2.0},{"damage":1.0,"enemies":"Slime Boss","floor":16.0,"turns":13.0},{"damage":0.0,"enemies":"3 Byrds","floor":18.0,"turns":3.0},{"damage":3.0,"enemies":"Shell Parasite","floor":20.0,"turns":7.0},{"damage":3.0,"enemies":"Centurion and Healer","floor":21.0,"turns":8.0},{"damage":2.0,"enemies":"Gremlin Leader","floor":23.0,"turns":5.0},{"damage":15.0,"enemies":"Snecko","floor":24.0,"turns":6.0},{"damage":2,"enemies":"Cultist and Chosen","floor":27,"turns":5},{"damage":3,"enemies":"Book of Stabbing","floor":28,"turns":5},{"damage":15,"enemies":"Chosen and Byrds","floor":29,"turns":6},{"damage":0,"enemies":"Gremlin Leader","floor":31,"turns":7},{"damage":29,"enemies":"Collector","floor":33,"turns":11},{"damage":0,"enemies":"3 Darklings","floor":35,"turns":4},{"damage":0,"enemies":"3 Shapes","floor":37,"turns":6},{"damage":6,"enemies":"Writhing Mass","floor":38,"turns":6},{"damage":4,"enemies":"3 Darklings","floor":39,"turns":7},{"damage":7,"enemies":"Nemesis","floor":40,"turns":7},{"damage":5,"enemies":"Reptomancer","floor":42,"turns":5},{"damage":21,"enemies":"Nemesis","floor":46,"turns":4},{"damage":0,"enemies":"Sphere and 2 Shapes","floor":48,"turns":6},{"damage":18,"enemies":"Time Eater","floor":50,"turns":14},{"damage":0,"enemies":"Shield and Spear","floor":54,"turns":4},{"damage":46,"enemies":"The Heart","floor":55,"turns":9}],"seed_played":"6944780572580765213","potions_obtained":[{"floor":2.0,"key":"GamblersBrew"},{"floor":8.0,"key":"Explosive Potion"},{"floor":14.0,"key":"SpeedPotion"},{"floor":16.0,"key":"LiquidBronze"},{"floor":21.0,"key":"Dexterity Potion"},{"floor":23.0,"key":"SpeedPotion"},{"floor":31,"key":"LiquidBronze"},{"floor":33,"key":"EntropicBrew"},{"floor":36,"key":"Energy Potion"},{"floor":46,"key":"Block Potion"},{"floor":54,"key":"SteroidPotion"}],"is_trial":false,"path_per_floor":["M","M","M","?","?","R","E","M","T","M","R","M","$","?","R","B",null,"M","?","M","M","?","E","M","R","T","M","E","M","R","E","R","B",null,"M","?","M","M","M","E","R","E","T","R","?","E","$","M","R","B",null,"R","$","E","B",null],"character_chosen":"THE_SILENT","items_purchased":["PreservedInsect","Dagger Spray","Unceasing Top","Mummified Hand","Caltrops+1","Poisoned Stab"],"campfire_rested":0,"item_purchase_floors":[13,13,47,47,47,47],"current_hp_per_floor":[70,69,69,62,62,62,39,39,39,39,39,37,37,37,37,36,70,70,84,81,78,78,76,61,61,68,66,73,58,58,58,58,41,101,101,101,101,95,91,84,84,81,81,81,81,62,62,64,64,60,101,101,101,103,72],"gold":72,"neow_bonus":"RANDOM_COMMON_RELIC","is_prod":false,"is_daily":false,"chose_seed":false,"campfire_upgraded":9,"win_rate":0,"timestamp":1544508069,"path_taken":["M","M","M","?","?","R","E","?","T","M","R","M","$","?","R","BOSS","M","?","M","M","?","E","M","R","T","M","E","?","R","E","R","BOSS","M","?","M","M","?","E","R","E","T","R","?","E","$","M","R","BOSS","R","$","E","BOSS"],"build_version":"2018-12-06","purchased_purges":1,"victory":true,"max_hp_per_floor":[70,70,70,70,70,70,70,70,70,70,70,70,70,70,70,70,70,70,84,84,84,84,84,84,84,91,91,101,101,101,101,101,101,101,101,101,101,101,101,101,101,101,101,101,101,101,101,101,101,101,101,101,101,103,103],"card_choices":[{"not_picked":["Blade Dance","PiercingWail","Skewer"],"picked":"SKIP","floor":1.0},{"not_picked":["Prepared","Slice"],"picked":"Flying Knee","floor":2.0},{"not_picked":["Poisoned Stab","Prepared"],"picked":"Leg Sweep","floor":3.0},{"not_picked":["Doppelganger","Flying Knee"],"picked":"Dash","floor":7.0},{"not_picked":["Eviscerate","Blade Dance","Outmaneuver"],"picked":"SKIP","floor":8.0},{"not_picked":["Bouncing Flask","Bane"],"picked":"Terror","floor":10.0},{"not_picked":["Quick Slash","PiercingWail"],"picked":"Blade Dance","floor":12.0},{"not_picked":["Underhanded Strike","Backflip"],"picked":"Dagger Spray","floor":14.0},{"not_picked":["Wraith Form v2","Storm of Steel"],"picked":"A Thousand Cuts","floor":16.0},{"not_picked":["Outmaneuver","Acrobatics"],"picked":"Footwork+1","floor":18.0},{"not_picked":["Underhanded Strike","Endless Agony","Backflip"],"picked":"SKIP","floor":20.0},{"not_picked":["Deflect","Dagger Throw"],"picked":"Predator+1","floor":21.0},{"not_picked":["Prepared","Tactician","Flechettes"],"picked":"SKIP","floor":23.0},{"not_picked":["Expertise","Prepared+1","Bane+1"],"picked":"SKIP","floor":24.0},{"not_picked":["Doppelganger","Quick Slash"],"picked":"Cloak And Dagger","floor":27},{"not_picked":["After Image","Bouncing Flask"],"picked":"Backflip+1","floor":28},{"not_picked":["Sucker Punch","Outmaneuver+1","Flying Knee"],"picked":"SKIP","floor":29},{"not_picked":["Acrobatics+1","Bouncing Flask+1"],"picked":"Cloak And Dagger+1","floor":31},{"not_picked":["Venomology+1","Wraith Form v2+1"],"picked":"Tools of the Trade+1","floor":33},{"not_picked":["Caltrops+1","Flying Knee+1"],"picked":"Well Laid Plans+1","floor":35},{"not_picked":["Sucker Punch+1","Endless Agony"],"picked":"Infinite Blades+1","floor":37},{"not_picked":["Flying Knee+1","Leg Sweep+1"],"picked":"Well Laid Plans+1","floor":38},{"not_picked":["Quick Slash","Backstab+1"],"picked":"Cloak And Dagger+1","floor":39},{"not_picked":["Leg Sweep+1","Dodge and Roll+1"],"picked":"Footwork+1","floor":40},{"not_picked":["Poisoned Stab","Dagger Spray+1"],"picked":"Infinite Blades+1","floor":42},{"not_picked":["Distraction+1","Predator"],"picked":"Dodge and Roll+1","floor":46},{"not_picked":["Die Die Die","Setup+1"],"picked":"Cloak And Dagger+1","floor":48},{"not_picked":["Concentrate+1","Flying Knee","Predator"],"picked":"Singing Bowl","floor":54}],"player_experience":539649,"relics_obtained":[{"floor":7.0,"key":"Anchor"},{"floor":9.0,"key":"Kunai"},{"floor":14.0,"key":"Odd Mushroom"},{"floor":23.0,"key":"Ninja Scroll"},{"floor":23.0,"key":"MawBank"},{"floor":26.0,"key":"Strawberry"},{"floor":28,"key":"Pear"},{"floor":28,"key":"Toxic Egg 2"},{"floor":31,"key":"Meat on the Bone"},{"floor":31,"key":"Frozen Egg 2"},{"floor":40,"key":"Singing Bowl"},{"floor":40,"key":"Blood Vial"},{"floor":42,"key":"Lantern"},{"floor":42,"key":"Potion Belt"},{"floor":46,"key":"Centennial Puzzle"},{"floor":46,"key":"Gremlin Horn"},{"floor":54,"key":"Vajra"},{"floor":54,"key":"Whetstone"}],"event_choices":[{"cards_removed":["Defend_G"],"damage_healed":0.0,"max_hp_gain":0.0,"max_hp_loss":0.0,"gold_gain":0.0,"event_name":"Golden Wing","player_choice":"Card Removal","floor":4.0,"gold_loss":0.0,"damage_taken":7.0},{"damage_healed":0.0,"max_hp_gain":0.0,"max_hp_loss":0.0,"gold_gain":0.0,"event_name":"Match and Keep!","player_choice":"1 cards matched","floor":5.0,"gold_loss":0.0,"damage_taken":0.0,"cards_obtained":["Neutralize"]},{"damage_healed":0.0,"max_hp_gain":0.0,"max_hp_loss":0.0,"gold_gain":0.0,"event_name":"Mushrooms","player_choice":"Fought Mushrooms","floor":14.0,"gold_loss":0.0,"damage_taken":0.0},{"damage_healed":0.0,"max_hp_gain":0.0,"max_hp_loss":0.0,"gold_gain":0.0,"event_name":"The Mausoleum","player_choice":"Opened","floor":19.0,"gold_loss":0.0,"damage_taken":0.0,"relics_obtained":["Mango"]},{"cards_removed":["Strike_G"],"damage_healed":0.0,"max_hp_gain":0.0,"max_hp_loss":0.0,"gold_gain":0.0,"event_name":"Bonfire Elementals","player_choice":"Offered Basic","floor":22.0,"gold_loss":0.0,"damage_taken":0.0},{"damage_healed":0,"gold_gain":0,"player_choice":"Got Potions","damage_taken":0,"max_hp_gain":0,"max_hp_loss":0,"event_name":"Lab","floor":36,"gold_loss":0},{"damage_healed":0,"gold_gain":0,"player_choice":"Paid Gold","damage_taken":0,"relics_obtained":["Smiling Mask"],"max_hp_gain":0,"max_hp_loss":0,"event_name":"WeMeetAgain","floor":45,"gold_loss":127}],"is_beta":true,"boss_relics":[{"not_picked":["Eternal Feather","Fusion Hammer"],"picked":"Black Star"},{"not_picked":["Calling Bell","Snecko Eye"],"picked":"WristBlade"}],"items_purged_floors":[47],"is_endless":false,"potions_floor_spawned":[2,8,14,16,21,23,31,33,35,37,46,54],"ascension_level":1}