{"gold_per_floor":[110,129,141,151,6,6,36,36,36,36,36,68,85,102,102,199,199,217,0,0,0,0,0,17,17,17,17,46,64,64,94,94,94],"floor_reached":33,"playtime":1993,"items_purged":["Defend_B"],"score":381,"play_id":"52e14d1b-eeb9-4cfc-a962-850571901f15","local_time":"20180916133024","is_ascension_mode":true,"campfire_choices":[{"data":"Defragment","floor":6,"key":"SMITH"},{"floor":8,"key":"REST"},{"floor":11,"key":"REST"},{"floor":15,"key":"REST"},{"floor":23,"key":"REST"},{"floor":27,"key":"REST"},{"floor":30,"key":"REST"},{"floor":32,"key":"REST"}],"neow_cost":"NONE","seed_source_timestamp":87737490375015,"circlet_count":0,"master_deck":["Strike_B","Strike_B","Strike_B","Strike_B","Defend_B","Defend_B","Defend_B","Zap+1","Dualcast","Gash","Conserve Battery","Scrape","Gash","Defragment+1","Chill","Gash","Conserve Battery","Go for the Eyes","Seek","Rebound","Glacier"],"relics":["Cracked Core","Bottled Tornado","Blue Candle","CultistMask","The Courier","Sozu","Singing Bowl","Frozen Egg 2","Gremlin Horn"],"potions_floor_usage":[7,13,16,16],"damage_taken":[{"damage":0,"enemies":"Cultist","floor":1,"turns":4},{"damage":2,"enemies":"2 Louse","floor":2,"turns":3},{"damage":7,"enemies":"Small Slimes","floor":3,"turns":3},{"damage":2,"enemies":"Red Slaver","floor":4,"turns":3},{"damage":33,"enemies":"Gremlin Nob","floor":7,"turns":4},{"damage":24,"enemies":"Lagavulin","floor":12,"turns":5},{"damage":18,"enemies":"Large Slime","floor":13,"turns":3},{"damage":6,"enemies":"Looter","floor":14,"turns":2},{"damage":32,"enemies":"The Guardian","floor":16,"turns":8},{"damage":9,"enemies":"3 Byrds","floor":18,"turns":5},{"damage":18,"enemies":"Spheric Guardian","floor":24,"turns":4},{"damage":38,"enemies":"Book of Stabbing","floor":28,"turns":6},{"damage":37,"enemies":"Cultist and Chosen","floor":29,"turns":8},{"damage":24,"enemies":"Slavers","floor":31,"turns":9},{"damage":44,"enemies":"Automaton","floor":33,"turns":6}],"seed_played":"-2174755771474195897","potions_obtained":[{"floor":3,"key":"Regen Potion"},{"floor":12,"key":"LiquidBronze"},{"floor":13,"key":"GamblersBrew"},{"floor":14,"key":"Fire Potion"}],"is_trial":false,"path_per_floor":["M","M","M","M","$","R","E","R","T","?","R","E","M","M","R","B",null,"M","?","$","?","$","R","M","$","T","R","E","M","R","E","R"],"character_chosen":"DEFECT","items_purchased":["Defragment"],"campfire_rested":7,"item_purchase_floors":[5],"current_hp_per_floor":[68,66,59,57,57,57,36,58,58,58,75,51,33,27,49,17,61,52,52,52,52,52,74,56,56,56,75,39,4,27,5,29,0],"gold":94,"neow_bonus":"UPGRADE_CARD","is_prod":false,"is_daily":false,"chose_seed":false,"campfire_upgraded":1,"win_rate":0,"timestamp":1537097424,"path_taken":["M","?","?","M","?","R","E","R","T","?","R","E","?","M","R","BOSS","M","?","?","?","$","R","M","$","T","R","E","M","R","E","R","BOSS"],"build_version":"2018-09-06","purchased_purges":1,"victory":false,"max_hp_per_floor":[75,75,75,75,75,75,75,75,75,75,75,75,75,75,75,75,75,75,75,75,75,75,75,75,75,75,75,77,79,79,81,81,81],"card_choices":[{"not_picked":["Go for the Eyes","Ball Lightning"],"picked":"Gash","floor":1},{"not_picked":["Coolheaded","Turbo"],"picked":"Conserve Battery","floor":2},{"not_picked":["Fusion","Sweeping Beam"],"picked":"Scrape","floor":3},{"not_picked":["Darkness","Coolheaded"],"picked":"Gash","floor":4},{"not_picked":["Steam","Steam Power"],"picked":"Chill","floor":7},{"not_picked":["Recycle","Hyperbeam"],"picked":"Gash","floor":12},{"not_picked":["Rip and Tear","Redo"],"picked":"Conserve Battery","floor":13},{"not_picked":["Auto Shields","FTL"],"picked":"Go for the Eyes","floor":14},{"not_picked":["Machine Learning","Multi-Cast"],"picked":"Seek","floor":16},{"not_picked":["Barrage","Compile Driver"],"picked":"Rebound","floor":18},{"not_picked":["Compile Driver","Streamline+1"],"picked":"Glacier","floor":24},{"not_picked":["Redo","Tempest","Fission"],"picked":"Singing Bowl","floor":28},{"not_picked":["Leap+1","Hologram","Barrage"],"picked":"Singing Bowl","floor":29},{"not_picked":["Leap","Capacitor+1","Rebound"],"picked":"Singing Bowl","floor":31}],"player_experience":224696,"relics_obtained":[{"floor":7,"key":"Bottled Tornado"},{"floor":9,"key":"Blue Candle"},{"floor":12,"key":"The Courier"},{"floor":26,"key":"Singing Bowl"},{"floor":28,"key":"Frozen Egg 2"},{"floor":31,"key":"Gremlin Horn"}],"event_choices":[{"event_name":"FaceTrader","player_choice":"Trade","floor":10,"damage_taken":0},{"event_name":"Masked Bandits","player_choice":"Paid Fearfully","floor":19,"damage_taken":0},{"event_name":"Beggar","player_choice":"Ignored","floor":21,"damage_taken":0}],"is_beta":false,"boss_relics":[{"not_picked":["Fusion Hammer","Calling Bell"],"picked":"Sozu"}],"items_purged_floors":[5],"is_endless":false,"potions_floor_spawned":[3,12,13,14,24,28],"killed_by":"Automaton","ascension_level":6}