{"gold_per_floor":[115,190,206,218,236,236,37,37,64,99,99,134,149,164,164,164],"floor_reached":16,"playtime":452,"items_purged":[],"score":112,"play_id":"e0873675-b798-4714-8186-abfa5550c5db","local_time":"20190209142900","is_ascension_mode":false,"campfire_choices":[{"data":"All Out Attack","floor":6,"key":"SMITH"},{"data":"Deadly Poison","floor":8,"key":"SMITH"},{"floor":15,"key":"REST"}],"neow_cost":"NONE","seed_source_timestamp":19511145747336,"circlet_count":0,"master_deck":["Defend_G","Defend_G","Defend_G","Defend_G","Defend_G","Strike_G","Strike_G","Strike_G","Strike_G","Strike_G","Survivor","Neutralize","All Out Attack+1","Concentrate","Deadly Poison+1","Well Laid Plans","Parasite"],"relics":["Ring of the Snake","NeowsBlessing","PreservedInsect","Lantern","Snake Skull"],"potions_floor_usage":[13,16,16],"damage_taken":[{"damage":0,"enemies":"Small Slimes","floor":1,"turns":1},{"damage":0,"enemies":"Jaw Worm","floor":3,"turns":1},{"damage":0,"enemies":"2 Louse","floor":4,"turns":1},{"damage":12,"enemies":"2 Fungi Beasts","floor":5,"turns":3},{"damage":8,"enemies":"Lagavulin","floor":10,"turns":6},{"damage":35,"enemies":"Gremlin Nob","floor":12,"turns":5},{"damage":2,"enemies":"Large Slime","floor":13,"turns":6},{"damage":4,"enemies":"3 Louse","floor":14,"turns":3},{"damage":36,"enemies":"Slime Boss","floor":16,"turns":7}],"seed_played":"-3934020136574123501","potions_obtained":[{"floor":4,"key":"Ancient Potion"},{"floor":5,"key":"SteroidPotion"},{"floor":14,"key":"SneckoOil"}],"is_trial":false,"path_per_floor":["M","?","M","M","M","R","$","R","T","E","?","E","M","M","R","B"],"character_chosen":"THE_SILENT","items_purchased":["PreservedInsect","Deadly Poison"],"campfire_rested":1,"item_purchase_floors":[7,7],"current_hp_per_floor":[70,59,59,59,47,47,47,47,47,39,56,21,19,15,36,0],"gold":164,"neow_bonus":"THREE_ENEMY_KILL","is_prod":false,"is_daily":false,"chose_seed":false,"campfire_upgraded":2,"win_rate":0,"timestamp":1549740540,"path_taken":["M","?","M","M","M","R","$","R","T","E","?","E","M","M","R","BOSS"],"build_version":"2019-01-23","purchased_purges":0,"victory":false,"max_hp_per_floor":[70,70,70,70,70,70,70,70,70,70,70,70,70,70,70,70],"card_choices":[{"not_picked":["Poisoned Stab","Distraction"],"picked":"All Out Attack","floor":1},{"not_picked":["Sucker Punch","Deflect"],"picked":"Concentrate","floor":3},{"not_picked":["Flechettes","Dagger Throw","Bane"],"picked":"SKIP","floor":4},{"not_picked":["Concentrate","Slice","Accuracy"],"picked":"SKIP","floor":5},{"not_picked":["Dagger Throw","Flying Knee"],"picked":"Well Laid Plans","floor":10},{"not_picked":["PiercingWail","Dodge and Roll","Acrobatics"],"picked":"SKIP","floor":12},{"not_picked":["Flying Knee","Outmaneuver","Infinite Blades"],"picked":"SKIP","floor":13},{"not_picked":["Heel Hook","Slice","Infinite Blades"],"picked":"SKIP","floor":14}],"player_experience":646024,"relics_obtained":[{"floor":10,"key":"Lantern"},{"floor":12,"key":"Snake Skull"}],"event_choices":[{"damage_healed":0,"gold_gain":75,"player_choice":"Gather Gold","damage_taken":11,"max_hp_gain":0,"max_hp_loss":0,"event_name":"World of Goop","floor":2,"gold_loss":0},{"damage_healed":17,"gold_gain":0,"player_choice":"Healed and dodged fight","damage_taken":0,"max_hp_gain":0,"max_hp_loss":0,"event_name":"Mushrooms","floor":11,"gold_loss":0,"cards_obtained":["Parasite"]}],"is_beta":false,"boss_relics":[],"items_purged_floors":[],"is_endless":false,"potions_floor_spawned":[4,5,14],"killed_by":"Slime Boss","ascension_level":0}