{"gold_per_floor":[111,111,136,63,63,63,96,96,96,110,110,148,148,161,161,161],"floor_reached":16,"playtime":595,"items_purged":[],"score":184,"play_id":"eb8a723a-47c6-47f8-b610-f7e4c1f99cdd","local_time":"20180702191502","is_ascension_mode":true,"campfire_choices":[{"floor":6,"key":"REST"},{"floor":8,"key":"REST"},{"floor":13,"key":"REST"},{"floor":15,"key":"REST"}],"neow_cost":"FIFTY_PERCENT_DAMAGE","seed_source_timestamp":803866267599922,"circlet_count":0,"master_deck":["Defend_G","Defend_G","Defend_G","Defend_G","Defend_G","Strike_G","Strike_G","Strike_G","Strike_G","Strike_G","Survivor","Neutralize+1","AscendersBane","Deflect","Dagger Spray","Terror","Blade Dance","Riddle With Holes","Flying Knee"],"relics":["Ring of the Snake","Golden Idol","Oddly Smooth Stone","Toxic Egg 2","Matryoshka","Darkstone Periapt"],"potions_floor_usage":[12],"damage_taken":[{"damage":9,"enemies":"2 Louse","floor":1,"turns":3},{"damage":0,"enemies":"Jaw Worm","floor":3,"turns":5},{"damage":20,"enemies":"3 Sentries","floor":7,"turns":11},{"damage":3,"enemies":"Small Slimes","floor":10,"turns":3},{"damage":26,"enemies":"Gremlin Nob","floor":12,"turns":4},{"damage":7,"enemies":"Blue Slaver","floor":14,"turns":4},{"damage":60,"enemies":"Hexaghost","floor":16,"turns":12}],"seed_played":"1124670378388524095","potions_obtained":[{"floor":1,"key":"Swift Potion"},{"floor":12,"key":"Fire Potion"},{"floor":14,"key":"FearPotion"}],"is_trial":false,"path_per_floor":["M","?","M","$","?","R","E","R","T","M","T","E","R","M","R"],"character_chosen":"THE_SILENT","items_purchased":["Terror"],"campfire_rested":4,"item_purchase_floors":[4],"current_hp_per_floor":[27,27,27,27,27,48,28,49,49,46,46,20,41,34,55,0],"gold":161,"neow_bonus":"TWENTY_PERCENT_HP_BONUS","is_prod":false,"is_daily":false,"chose_seed":false,"campfire_upgraded":0,"win_rate":0,"timestamp":1530584102,"path_taken":["M","?","M","$","?","R","E","R","T","M","?","E","R","?","R","BOSS"],"build_version":"2018-06-28","purchased_purges":0,"victory":false,"max_hp_per_floor":[78,72,72,72,72,72,72,72,72,72,72,72,72,72,72,72],"card_choices":[{"not_picked":["Reflex","Prepared"],"picked":"Deflect","floor":1},{"not_picked":["Deflect","Leg Sweep"],"picked":"Dagger Spray","floor":3},{"not_picked":["PiercingWail","Bane"],"picked":"Blade Dance","floor":7},{"not_picked":["Heel Hook","Phantasmal Killer+1"],"picked":"Riddle With Holes","floor":10},{"not_picked":["Underhanded Strike","Bouncing Flask+1"],"picked":"Flying Knee","floor":12},{"not_picked":["Bane","Underhanded Strike","Predator"],"picked":"SKIP","floor":14}],"player_experience":341177,"relics_obtained":[{"floor":7,"key":"Oddly Smooth Stone"},{"floor":9,"key":"Toxic Egg 2"},{"floor":11,"key":"Matryoshka"},{"floor":12,"key":"Darkstone Periapt"}],"event_choices":[{"event_name":"Golden Idol","player_choice":"Lose Max HP","floor":2,"damage_taken":0},{"event_name":"Living Wall","player_choice":"Grow","floor":5,"damage_taken":0}],"boss_relics":[],"items_purged_floors":[],"is_endless":false,"potions_floor_spawned":[1,12,14],"killed_by":"Hexaghost","ascension_level":14}