{"gold_per_floor":[116,116,116,46,65,65,89,89],"floor_reached":8,"playtime":270,"items_purged":[],"score":46,"play_id":"6bc101d6-4944-4161-a23f-a19402a100cf","local_time":"20190116184942","is_ascension_mode":false,"campfire_choices":[{"data":"Glacier","floor":6,"key":"SMITH"}],"neow_cost":"NONE","seed_source_timestamp":238806133646181,"circlet_count":0,"master_deck":["Strike_B","Strike_B","Strike_B","Strike_B","Defend_B","Defend_B","Defend_B","Defend_B","Zap","Dualcast","Multi-Cast","Glacier+1","Conserve Battery"],"relics":["Calling Bell","Bag of Preparation","Question Card","Ginger","Golden Idol"],"potions_floor_usage":[8],"damage_taken":[{"damage":9,"enemies":"2 Louse","floor":1,"turns":4},{"damage":0,"enemies":"Small Slimes","floor":5,"turns":4},{"damage":3,"enemies":"Cultist","floor":7,"turns":7},{"damage":82,"enemies":"Gremlin Nob","floor":8,"turns":8}],"seed_played":"-6650652302236727234","potions_obtained":[{"floor":1,"key":"Poison Potion"}],"is_trial":false,"path_per_floor":["M","?","?","$","M","R","M","E"],"character_chosen":"DEFECT","items_purchased":["Multi-Cast"],"campfire_rested":0,"item_purchase_floors":[4],"current_hp_per_floor":[66,66,66,66,66,66,63,0],"gold":89,"neow_bonus":"BOSS_RELIC","is_prod":false,"is_daily":false,"chose_seed":false,"campfire_upgraded":1,"win_rate":0,"timestamp":1547682582,"path_taken":["M","?","?","$","M","R","M","E"],"build_version":"2019-01-10","purchased_purges":0,"victory":false,"max_hp_per_floor":[75,75,75,75,75,75,75,75],"card_choices":[{"not_picked":["Redo","Compile Driver","Darkness","Barrage"],"picked":"SKIP","floor":1},{"not_picked":["Tempest","Lockon","BootSequence"],"picked":"Glacier","floor":5},{"not_picked":["Hologram","Tempest","Chill"],"picked":"Conserve Battery","floor":7}],"player_experience":527739,"relics_obtained":[{"floor":0,"key":"Bag of Preparation"},{"floor":0,"key":"Question Card"},{"floor":0,"key":"Ginger"}],"event_choices":[{"damage_healed":0,"gold_gain":0,"player_choice":"Take Wound","damage_taken":0,"relics_obtained":["Golden Idol"],"max_hp_gain":0,"max_hp_loss":0,"event_name":"Golden Idol","floor":2,"gold_loss":0,"cards_obtained":["Injury"]},{"cards_removed":["Injury","Injury","Clumsy","Injury"],"damage_healed":0,"gold_gain":0,"player_choice":"Removed Curses","damage_taken":0,"max_hp_gain":0,"max_hp_loss":0,"event_name":"Fountain of Cleansing","floor":3,"gold_loss":0}],"is_beta":false,"boss_relics":[],"items_purged_floors":[],"is_endless":false,"potions_floor_spawned":[1],"killed_by":"Gremlin Nob","ascension_level":0}