{"path_per_floor":["M","?","M","M","M","R","M","?","T","M","M","$","R","$","R","B",null,"M","?","M","M","?","R","?","$","T"],"character_chosen":"IRONCLAD","items_purchased":["Feel No Pain"],"gold_per_floor":[113,113,130,142,159,159,174,154,179,198,214,139,139,64,64,159,159,175,100,114,126,126,126,126,26,26,26],"floor_reached":27,"campfire_rested":3,"playtime":995,"current_hp_per_floor":[35,83,86,83,43,43,41,41,41,36,27,27,56,56,85,30,82,66,66,50,16,16,46,46,46,46,0],"items_purged":["Strike_R","Intimidate"],"gold":26,"score":343,"play_id":"07b85c47-6133-45aa-9438-9c7aaea43957","local_time":"20180407185255","is_prod":false,"is_daily":false,"is_ascension_mode":true,"campfire_upgraded":1,"timestamp":1523119975,"path_taken":["M","?","M","M","M","R","M","?","T","M","M","$","R","$","R","BOSS","M","?","M","M","?","R","?","$","T","M"],"build_version":"2018-04-05v2","purchased_purges":3,"victory":false,"master_deck":["Strike_R+1","Strike_R+1","Strike_R+1","Strike_R+1","Defend_R+1","Defend_R+1","Defend_R+1","Bash+1","AscendersBane","Feed","Sword Boomerang","Armaments","Flame Barrier","Hemokinesis","Clothesline","Feel No Pain","Demon Form","Burning Pact","Sword Boomerang+1","Ghostly Armor"],"max_hp_per_floor":[83,83,86,89,92,92,96,96,96,99,99,99,99,99,99,99,99,99,99,102,102,102,102,102,102,102,102],"relics":["Burning Blood","Blood Vial","Velvet Choker","Regal Pillow"],"card_choices":[{"not_picked":["Berserk","Barricade"],"picked":"Feed","floor":0},{"not_picked":["Spot Weakness","Warcry"],"picked":"Uppercut","floor":1},{"not_picked":["Iron Wave","Wild Strike"],"picked":"Sword Boomerang","floor":3},{"not_picked":["Cleave","Disarm"],"picked":"Intimidate","floor":4},{"not_picked":["Brutality","Havoc"],"picked":"Armaments","floor":5},{"not_picked":["Body Slam","Warcry"],"picked":"Flame Barrier","floor":7},{"not_picked":["Rupture","Sword Boomerang"],"picked":"Hemokinesis","floor":10},{"not_picked":["Carnage","Anger"],"picked":"Clothesline","floor":11},{"not_picked":["Brutality","Exhume"],"picked":"Demon Form","floor":16},{"not_picked":["Anger","Rupture"],"picked":"Burning Pact","floor":18},{"not_picked":["Heavy Blade","Inflame"],"picked":"Sword Boomerang","floor":20},{"not_picked":["Rupture","Twin Strike"],"picked":"Ghostly Armor","floor":21}],"player_experience":256568,"potions_floor_usage":[5,16,18,21,27],"damage_taken":[{"damage":10,"enemies":"Small Slimes","floor":1,"turns":3},{"damage":1,"enemies":"Cultist","floor":3,"turns":3},{"damage":12,"enemies":"Jaw Worm","floor":4,"turns":3},{"damage":49,"enemies":"Large Slime","floor":5,"turns":9},{"damage":12,"enemies":"Blue Slaver","floor":7,"turns":5},{"damage":16,"enemies":"Red Slaver","floor":10,"turns":4},{"damage":17,"enemies":"2 Fungi Beasts","floor":11,"turns":3},{"damage":63,"enemies":"The Guardian","floor":16,"turns":13},{"damage":24,"enemies":"2 Thieves","floor":18,"turns":5},{"damage":27,"enemies":"Shell Parasite","floor":20,"turns":5},{"damage":42,"enemies":"Snake Plant","floor":21,"turns":5},{"damage":53,"enemies":"3 Cultists","floor":27,"turns":4}],"event_choices":[{"event_name":"Bonfire Elementals","player_choice":"UNCOMMON","floor":2,"damage_taken":0},{"event_name":"The Woman in Blue","player_choice":"Bought 1 Potion","floor":8,"damage_taken":0},{"event_name":"Beggar","player_choice":"Gave Gold","floor":19,"damage_taken":0},{"event_name":"Back to Basics","player_choice":"Simplicity","floor":22,"damage_taken":0},{"event_name":"Cursed Tome","player_choice":"Ignored","floor":24,"damage_taken":0}],"boss_relics":[{"not_picked":["Cursed Key","Black Blood"],"picked":"Velvet Choker"}],"potions_floor_spawned":[1,3,7,16,20,21],"seed_played":"4570568526733044621","killed_by":"3 Cultists","ascension_level":11,"is_trial":false}