{"gold_per_floor":[212,231,231,248,263,263,274,374,422,439,439,454,473,205,205,276,276,295,310,310,321,58,58,92,92,117,149,165,165],"floor_reached":29,"playtime":1639,"items_purged":["Defend_B","Decay"],"score":427,"play_id":"ec7a1f6c-f1b5-455b-b16a-299fbc8620fc","local_time":"20180921224023","is_ascension_mode":true,"campfire_choices":[{"data":"Gash","floor":6,"key":"SMITH"},{"floor":11,"key":"REST"},{"data":"Zap","floor":15,"key":"SMITH"},{"floor":23,"key":"REST"},{"floor":25,"key":"REST"}],"neow_cost":"NONE","seed_source_timestamp":553095891458911,"circlet_count":0,"master_deck":["Strike_B","Strike_B","Strike_B","Defend_B","Defend_B","Defend_B","Zap+1","Dualcast","AscendersBane","Auto Shields","Chill","Gash+1","Go for the Eyes","Ball Lightning","Electrodynamics","Auto Shields","Buffer","Glacier","Gash+1","Seek","FTL","Reinforced Body"],"relics":["Cracked Core","Potion Belt","Runic Capacitor","Inserter","Question Card","Bag of Preparation","Vajra"],"potions_floor_usage":[16,16,18,18,19,27,29],"damage_taken":[{"damage":0,"enemies":"Cultist","floor":1,"turns":4},{"damage":1,"enemies":"2 Louse","floor":2,"turns":3},{"damage":0,"enemies":"Jaw Worm","floor":4,"turns":4},{"damage":3,"enemies":"Exordium Wildlife","floor":5,"turns":5},{"damage":15,"enemies":"Exordium Thugs","floor":7,"turns":6},{"damage":0,"enemies":"2 Fungi Beasts","floor":10,"turns":3},{"damage":5,"enemies":"3 Louse","floor":12,"turns":2},{"damage":1,"enemies":"Looter","floor":13,"turns":3},{"damage":16,"enemies":"The Guardian","floor":16,"turns":8},{"damage":2,"enemies":"Shell Parasite","floor":18,"turns":8},{"damage":12,"enemies":"Spheric Guardian","floor":19,"turns":4},{"damage":0,"enemies":"Chosen and Byrds","floor":21,"turns":5},{"damage":26,"enemies":"Slavers","floor":24,"turns":4},{"damage":38,"enemies":"Gremlin Leader","floor":27,"turns":6},{"damage":16,"enemies":"Centurion and Healer","floor":28,"turns":5},{"damage":22,"enemies":"Snake Plant","floor":29,"turns":2}],"seed_played":"3849255987168128930","potions_obtained":[{"floor":2,"key":"Weak Potion"},{"floor":5,"key":"SkillPotion"},{"floor":12,"key":"SpeedPotion"},{"floor":13,"key":"FocusPotion"},{"floor":18,"key":"AttackPotion"},{"floor":24,"key":"EssenceOfSteel"},{"floor":28,"key":"Energy Potion"}],"is_trial":false,"path_per_floor":["M","M","?","M","M","R","M","?","T","M","R","M","M","$","R","B",null,"M","M","?","M","$","R","E","R","T","E","M"],"character_chosen":"DEFECT","items_purchased":["Runic Capacitor","Seek"],"campfire_rested":3,"item_purchase_floors":[14,22],"current_hp_per_floor":[68,67,67,67,64,64,49,49,49,49,71,66,65,65,65,49,69,67,55,55,55,55,75,49,71,71,33,17,0],"gold":165,"neow_bonus":"HUNDRED_GOLD","is_prod":false,"is_daily":false,"chose_seed":false,"campfire_upgraded":2,"win_rate":0,"timestamp":1537562423,"path_taken":["M","?","?","M","M","R","M","?","T","M","R","M","?","?","R","BOSS","M","M","?","M","$","R","E","R","T","E","M","?"],"build_version":"2018-09-20","purchased_purges":2,"victory":false,"max_hp_per_floor":[75,75,75,75,75,75,75,75,75,75,75,75,75,75,75,75,75,75,75,75,75,75,75,75,75,75,75,75,75],"card_choices":[{"not_picked":["Turbo","Coolheaded"],"picked":"Auto Shields","floor":1},{"not_picked":["Blizzard","Coolheaded","Hologram"],"picked":"SKIP","floor":2},{"not_picked":["Barrage","Steam"],"picked":"Gash","floor":4},{"not_picked":["Force Field","Beam Cell"],"picked":"Go for the Eyes","floor":5},{"not_picked":["Chill","Go for the Eyes"],"picked":"Ball Lightning","floor":7},{"not_picked":["Stack","Go for the Eyes"],"picked":"Electrodynamics","floor":10},{"not_picked":["Conserve Battery","Storm"],"picked":"Auto Shields","floor":12},{"not_picked":["Skim","Genetic Algorithm","Redo"],"picked":"SKIP","floor":13},{"not_picked":["Core Surge","Echo Form"],"picked":"Buffer","floor":16},{"not_picked":["Sunder","Coolheaded","Chaos"],"picked":"SKIP","floor":18},{"not_picked":["Sweeping Beam","Rebound"],"picked":"Glacier","floor":19},{"not_picked":["Turbo","Go for the Eyes"],"picked":"Gash+1","floor":21},{"not_picked":["Sweeping Beam","Turbo"],"picked":"FTL","floor":24},{"not_picked":["Echo Form","Turbo","Sweeping Beam"],"picked":"Reinforced Body","floor":27},{"not_picked":["Ball Lightning","Chaos","Turbo+1","Barrage"],"picked":"SKIP","floor":28}],"player_experience":493547,"relics_obtained":[{"floor":9,"key":"Potion Belt"},{"floor":24,"key":"Question Card"},{"floor":26,"key":"Bag of Preparation"},{"floor":27,"key":"Vajra"}],"event_choices":[{"event_name":"Transmorgrifier","player_choice":"Transform","floor":3,"damage_taken":0},{"event_name":"Golden Shrine","player_choice":"Pray","floor":8,"damage_taken":0},{"event_name":"Forgotten Altar","player_choice":"Smashed Altar","floor":20,"damage_taken":0}],"is_beta":false,"boss_relics":[{"not_picked":["Pandora\u0027s Box","Fusion Hammer"],"picked":"Inserter"}],"items_purged_floors":[14,22],"is_endless":false,"potions_floor_spawned":[2,5,7,12,13,18,24,28],"killed_by":"Snake Plant","ascension_level":13}