{"path_per_floor":["M","?","M","$","?","E","R","M","T","M","R","?","M","E","R","B",null,"M","?","M","$","M","R"],"character_chosen":"DEFECT","items_purchased":["Capacitor","Apotheosis","Strawberry","Cold Snap"],"gold_per_floor":[217,217,227,178,178,209,209,223,223,233,233,233,251,286,286,406,406,425,425,441,55,73,73,73],"floor_reached":24,"campfire_rested":3,"playtime":1110,"current_hp_per_floor":[73,70,66,66,66,43,43,42,42,34,56,56,54,26,48,32,75,29,29,29,36,11,35,0],"items_purged":[],"gold":73,"score":206,"play_id":"16bb7f4c-ecce-43d8-9726-badd4e40b624","local_time":"20180517220724","is_prod":false,"is_daily":false,"chose_seed":false,"is_ascension_mode":false,"campfire_upgraded":1,"timestamp":1526620044,"campfire_choices":[{"data":"Darkness","floor":7,"key":"SMITH"},{"floor":11,"key":"REST"},{"floor":15,"key":"REST"},{"floor":23,"key":"REST"}],"path_taken":["M","?","?","$","?","E","R","M","T","M","R","?","M","E","R","BOSS","M","?","?","$","M","R","M"],"build_version":"2018-05-17","seed_source_timestamp":354366238647551,"purchased_purges":0,"victory":false,"master_deck":["Strike_B+1","Strike_B","Strike_B","Strike_B+1","Defend_B","Defend_B","Defend_B","Defend_B","Zap","Dualcast","Coolheaded","Tempest+1","Capacitor","Darkness+1","Cold Snap","Go for the Eyes","Injury","Coolheaded","Fission","Reinforced Body","Writhe","Capacitor","Apotheosis","Cold Snap","Beam Cell"],"max_hp_per_floor":[75,75,75,75,75,75,75,75,75,75,75,75,75,75,75,75,75,75,75,75,82,82,82,82],"relics":["Cracked Core","Kunai","Peace Pipe","Whetstone","Golden Idol","Bag of Marbles","White Beast Statue","Ice Cream","Strawberry"],"card_choices":[{"not_picked":["Steam","FTL"],"picked":"Coolheaded","floor":1},{"not_picked":["Streamline","Rebound"],"picked":"Tempest","floor":3},{"not_picked":["Static Discharge","Hyperbeam"],"picked":"Darkness","floor":6},{"not_picked":["Steam","Heatsinks"],"picked":"Cold Snap","floor":8},{"not_picked":["Scrape","Sweeping Beam"],"picked":"Go for the Eyes","floor":10},{"not_picked":["Beam Cell","Turbo"],"picked":"Coolheaded","floor":13},{"not_picked":["Barrage","Undo","Rebound"],"picked":"SKIP","floor":14},{"not_picked":["Echo Form","Biased Cognition"],"picked":"Fission","floor":16},{"not_picked":["Stack+1","Hologram+1"],"picked":"Reinforced Body","floor":18},{"not_picked":["Steam+1","Rebound"],"picked":"Capacitor","floor":20},{"not_picked":["Barrage","Reprogram"],"picked":"Beam Cell","floor":22}],"player_experience":105606,"potions_floor_usage":[20,22],"damage_taken":[{"damage":2,"enemies":"2 Louse","floor":1,"turns":2},{"damage":4,"enemies":"Small Slimes","floor":3,"turns":4},{"damage":23,"enemies":"Lagavulin","floor":6,"turns":8},{"damage":1,"enemies":"Jaw Worm","floor":8,"turns":3},{"damage":8,"enemies":"Red Slaver","floor":10,"turns":3},{"damage":2,"enemies":"Blue Slaver","floor":13,"turns":2},{"damage":28,"enemies":"Gremlin Nob","floor":14,"turns":4},{"damage":16,"enemies":"The Guardian","floor":16,"turns":11},{"damage":46,"enemies":"3 Byrds","floor":18,"turns":5},{"damage":0,"enemies":"Chosen","floor":20,"turns":5},{"damage":32,"enemies":"Snake Plant","floor":22,"turns":4},{"damage":40,"enemies":"Centurion and Healer","floor":24,"turns":8}],"relics_obtained":[{"floor":6,"key":"Peace Pipe"},{"floor":9,"key":"Whetstone"},{"floor":14,"key":"Bag of Marbles"}],"event_choices":[{"event_name":"Scrap Ooze","player_choice":"success","floor":2,"damage_taken":3},{"event_name":"Living Wall","player_choice":"Grow","floor":5,"damage_taken":0},{"event_name":"Golden Idol","player_choice":"Take Wound","floor":12,"damage_taken":0},{"event_name":"The Mausoleum","player_choice":"Yes","floor":19,"damage_taken":0}],"boss_relics":[{"not_picked":["Pandora\u0027s Box","Philosopher\u0027s Stone"],"picked":"White Beast Statue"}],"potions_floor_spawned":[3,14,16,18,20,22],"seed_played":"3843858565040215159","killed_by":"Centurion and Healer","ascension_level":0,"potions_obtained":[{"floor":3,"key":"FearPotion"},{"floor":14,"key":"Block Potion"},{"floor":16,"key":"Dexterity Potion"},{"floor":18,"key":"PowerPotion"},{"floor":20,"key":"Strength Potion"},{"floor":22,"key":"Ancient Potion"}],"is_trial":false}