{"path_per_floor":["M","M","M","?","M","R","$","E","T","R","M","M","R","?","R","B",null,"M","$","M","?","?","E","R","E","T","M","M","R","E","?","R","B",null,"M","?","T","?","M","E","R","?","T","M","$","M","M","M","R","B"],"character_chosen":"THE_SILENT","items_purchased":["Infinite Blades","A Thousand Cuts","Noxious Fumes","Deadly Poison","Quick Slash","Purity"],"gold_per_floor":[114,130,146,146,160,160,10,38,62,62,75,86,86,110,110,212,212,228,77,90,90,90,123,123,154,154,164,178,178,205,205,205,309,309,323,323,346,346,362,397,397,397,465,476,133,149,165,182,182,182],"floor_reached":51,"campfire_rested":2,"playtime":7303,"current_hp_per_floor":[70,70,68,54,52,52,52,43,43,43,43,43,43,40,40,16,70,70,70,70,54,54,52,52,52,52,44,44,44,34,25,47,38,75,75,75,75,75,61,43,43,43,43,45,45,44,46,45,67,30],"items_purged":["Strike_G","Strike_G"],"gold":182,"play_id":"f5ddf6d3-95e5-455c-9ef5-634ad44367ec","is_prod":false,"is_daily":false,"campfire_rituals":0,"campfire_upgraded":7,"is_hardmode":false,"path_taken":["M","?","M","?","M","R","$","E","T","R","M","M","R","?","R","BOSS","M","$","M","?","?","E","R","E","T","M","M","R","E","?","R","BOSS","M","?","?","?","?","E","R","?","T","M","$","M","M","M","R","BOSS"],"build_version":"2018-01-04-PROD1","purchased_purges":2,"victory":true,"master_deck":["Defend_G","Defend_G","Defend_G","Defend_G","Defend_G","Strike_G","Strike_G","Strike_G","Survivor","Dagger Throw","Slice","Dodge and Roll","Backflip","Infinite Blades","Infinite Blades","Riddle With Holes","Footwork","Deflect","Adrenaline","Well Laid Plans","A Thousand Cuts","Backflip","Flying Knee","Blade Dance","Slice","Deflect","A Thousand Cuts","Blur","Prepared","Deadly Poison","Backflip","Noxious Fumes","Deadly Poison","Quick Slash","Purity","Poisoned Stab","Flying Knee"],"max_hp_per_floor":[70,70,70,70,70,70,70,70,70,70,70,70,70,70,70,70,70,70,70,70,70,70,70,70,70,70,70,70,70,70,75,75,75,75,75,75,75,75,75,75,75,75,75,75,75,75,75,75,75,75],"relics":["Ring of the Snake","Ninja Scroll","Happy Flower","Odd Mushroom","Sozu","Nilry\u0027s Codex","Mummified Hand","Bronze Scales","Bottled Flame","Meat on the Bone","Lizard Tail","Blood Vial","Juzu Bracelet","Gremlin Horn"],"campfire_meditates":0,"card_choices":[{"not_picked":["Distraction","Backstab"],"picked":"Dagger Throw"},{"not_picked":["Dagger Throw","Acrobatics"],"picked":"Slice"},{"not_picked":["Flechettes","PiercingWail"],"picked":"Dodge and Roll"},{"not_picked":["Bane","Calculated Gamble"],"picked":"Backflip"},{"not_picked":["Malaise","Crippling Poison"],"picked":"Infinite Blades"},{"not_picked":["Corpse Explosion","Sucker Punch"],"picked":"Riddle With Holes"},{"not_picked":["Outmaneuver","Acrobatics"],"picked":"Footwork"},{"not_picked":["Prepared","Dagger Spray"],"picked":"Deflect"},{"not_picked":["Venomology","Phantasmal Killer"],"picked":"Adrenaline"},{"not_picked":["Acrobatics","Flechettes"],"picked":"Well Laid Plans"},{"not_picked":["Leg Sweep","Deadly Poison"],"picked":"Backflip"},{"not_picked":["Backflip","Bouncing Flask"],"picked":"Flying Knee"},{"not_picked":["Caltrops","Bane"],"picked":"Blade Dance"},{"not_picked":["Sucker Punch","Backstab"],"picked":"Slice"},{"not_picked":["Masterful Stab","Dagger Throw"],"picked":"Deflect"},{"not_picked":["Wraith Form","Adrenaline"],"picked":"A Thousand Cuts"},{"not_picked":["Acrobatics","Deadly Poison"],"picked":"Blur"},{"not_picked":["Backflip","Acrobatics"],"picked":"Prepared"},{"not_picked":["Prepared","Tools of the Trade"],"picked":"Deadly Poison"},{"not_picked":["Bouncing Flask","Acrobatics"],"picked":"Backflip"},{"not_picked":["Blur","Acrobatics"],"picked":"Poisoned Stab"},{"not_picked":["Backflip","Dagger Spray"],"picked":"Flying Knee"}],"player_experience":44241,"potions_floor_usage":[],"damage_taken":[{"damage":0,"enemies":"Blue Slaver","floor":1,"turns":5},{"damage":0,"enemies":"Small Slimes","floor":2,"turns":4},{"damage":2,"enemies":"2 Louse","floor":3,"turns":2},{"damage":2,"enemies":"Red Slaver","floor":5,"turns":5},{"damage":9,"enemies":"Lagavulin","floor":8,"turns":8},{"damage":0,"enemies":"Looter","floor":11,"turns":4},{"damage":0,"enemies":"Large Slime","floor":12,"turns":5},{"damage":3,"enemies":"The Mushroom Lair","floor":14,"turns":5},{"damage":24,"enemies":"Slime Boss","floor":16,"turns":13},{"damage":0,"enemies":"Spheric Guardian","floor":18,"turns":4},{"damage":0,"enemies":"Chosen","floor":20,"turns":6},{"damage":2,"enemies":"Book of Stabbing","floor":23,"turns":7},{"damage":0,"enemies":"Gremlin Leader","floor":25,"turns":6},{"damage":8,"enemies":"Sentry and Sphere","floor":27,"turns":4},{"damage":0,"enemies":"Centurion and Healer","floor":28,"turns":4},{"damage":10,"enemies":"Slavers","floor":30,"turns":6},{"damage":9,"enemies":"Champ","floor":33,"turns":11},{"damage":0,"enemies":"3 Shapes","floor":35,"turns":6},{"damage":14,"enemies":"3 Darklings","floor":39,"turns":5},{"damage":32,"enemies":"2 Orb Walkers","floor":40,"turns":4},{"damage":12,"enemies":"4 Shapes","floor":44,"turns":4},{"damage":15,"enemies":"Maw","floor":46,"turns":6},{"damage":0,"enemies":"Sphere and 2 Shapes","floor":47,"turns":2},{"damage":3,"enemies":"3 Darklings","floor":48,"turns":2},{"damage":105,"enemies":"Time Eater","floor":50,"turns":12}],"event_choices":[{"event_name":"Shining Light","player_choice":"Entered Light","floor":4,"damage_taken":0},{"event_name":"Mushrooms","player_choice":"Fought Mushrooms","floor":14,"damage_taken":0},{"event_name":"Cursed Tome","player_choice":"Obtained Book","floor":21,"damage_taken":0},{"event_name":"The Mausoleum","player_choice":"No","floor":22,"damage_taken":0},{"event_name":"Forgotten Altar","player_choice":"Shed Blood","floor":31,"damage_taken":0},{"event_name":"Tomb of Lord Red Mask","player_choice":"Ignored","floor":38,"damage_taken":0},{"event_name":"The Woman in Blue","player_choice":"Bought 0 Potions","floor":42,"damage_taken":0}],"boss_relics":[{"not_picked":["Velvet Choker","Calling Bell"],"picked":"Sozu"},{"not_picked":["Tiny House","The Specimen"],"picked":"Lizard Tail"}],"potions_floor_spawned":[1,3,8,11,18,23,33,40,44,48],"seed_played":"-951662789136261618","is_trial":false}