{"gold_per_floor":[116,116,134,59,234,234,265,265,265,15,25,37,37,53,53,157,157,177,127,143,143,0,0,18,47,97,109,59,59,79,110,110,209,259,274,274,224,243,261,261,289,289,358,358,387,387,387,405,405,405,405,405,41,75,75],"floor_reached":55,"playtime":3110,"items_purged":["Strike_B","Doubt","Dualcast","Strike_B","Defend_B","Zap+1","Rebound"],"score":1257,"play_id":"32ae09ca-cbc9-4bbe-8467-d449c357d9a4","local_time":"20190126160838","is_ascension_mode":true,"campfire_choices":[{"data":"Zap","floor":6,"key":"SMITH"},{"floor":8,"key":"REST"},{"floor":15,"key":"REST"},{"data":"Hologram","floor":23,"key":"SMITH"},{"floor":29,"key":"REST"},{"data":"Machine Learning","floor":32,"key":"SMITH"},{"data":"Hologram","floor":40,"key":"SMITH"},{"floor":42,"key":"RECALL"},{"floor":46,"key":"REST"},{"data":"Blind","floor":49,"key":"SMITH"},{"data":"Beam Cell","floor":52,"key":"SMITH"}],"neow_cost":"NONE","seed_source_timestamp":690993689253219,"circlet_count":0,"master_deck":["AscendersBane","Defend_B","Defend_B","Defend_B","Hologram+1","Flash of Steel","Go for the Eyes","Machine Learning+1","BootSequence","Hologram+1","Gash+1","Beam Cell+1","All For One","Gash+1","Coolheaded+1","Flash of Steel","Leap+1","Conserve Battery","Gash+1","Core Surge","All For One","Gash","Madness","Madness","Gash+1","Gash+1","Hologram","Blind+1"],"relics":["Cracked Core","Bag of Preparation","Smiling Mask","Dream Catcher","Empty Cage","Mercury Hourglass","Ancient Tea Set","Emotion Chip","Tiny House","Mango","Ornamental Fan","Pear","Happy Flower"],"potions_floor_usage":[16,25,30,30,33,45,45,55,55],"damage_taken":[{"damage":8,"enemies":"Jaw Worm","floor":1,"turns":4},{"damage":2,"enemies":"2 Louse","floor":3,"turns":2},{"damage":55,"enemies":"3 Sentries","floor":7,"turns":9},{"damage":4,"enemies":"Small Slimes","floor":11,"turns":2},{"damage":0,"enemies":"Exordium Thugs","floor":12,"turns":3},{"damage":3,"enemies":"2 Fungi Beasts","floor":14,"turns":3},{"damage":43,"enemies":"Hexaghost","floor":16,"turns":8},{"damage":0,"enemies":"Chosen","floor":18,"turns":3},{"damage":0,"enemies":"Shell Parasite","floor":20,"turns":2},{"damage":0,"enemies":"Cultist and Chosen","floor":24,"turns":3},{"damage":21,"enemies":"Book of Stabbing","floor":25,"turns":5},{"damage":4,"enemies":"3 Cultists","floor":27,"turns":4},{"damage":7,"enemies":"Snecko","floor":30,"turns":4},{"damage":3,"enemies":"Gremlin Leader","floor":31,"turns":3},{"damage":0,"enemies":"Champ","floor":33,"turns":5},{"damage":1,"enemies":"Orb Walker","floor":35,"turns":3},{"damage":5,"enemies":"3 Shapes","floor":38,"turns":3},{"damage":0,"enemies":"Spire Growth","floor":39,"turns":3},{"damage":4,"enemies":"Nemesis","floor":41,"turns":3},{"damage":17,"enemies":"Reptomancer","floor":45,"turns":3},{"damage":0,"enemies":"Maw","floor":48,"turns":3},{"damage":2,"enemies":"Donu and Deca","floor":50,"turns":2},{"damage":25,"enemies":"Shield and Spear","floor":54,"turns":3},{"damage":80,"enemies":"The Heart","floor":55,"turns":3}],"seed_played":"7910074980523277179","potions_obtained":[{"floor":1,"key":"Dexterity Potion"},{"floor":3,"key":"Poison Potion"},{"floor":16,"key":"GamblersBrew"},{"floor":20,"key":"Strength Potion"},{"floor":25,"key":"Block Potion"},{"floor":30,"key":"GamblersBrew"},{"floor":34,"key":"PowerPotion"},{"floor":41,"key":"Poison Potion"}],"is_trial":false,"path_per_floor":["M","?","M","$","?","R","E","R","T","$","M","M","?","M","R","B",null,"M","$","M","?","$","R","M","E","T","M","$","R","M","E","R","B",null,"M","?","$","M","M","R","E","R","T","?","E","R","?","M","R","B",null,"R","$","E","B"],"character_chosen":"DEFECT","items_purchased":["Flash of Steel","Go for the Eyes","Machine Learning","Flash of Steel","Pear","FearPotion"],"campfire_rested":4,"item_purchase_floors":[10,10,10,22,53,53],"current_hp_per_floor":[60,65,63,63,63,63,8,32,32,32,28,28,28,25,49,6,62,62,62,62,62,62,62,62,41,41,37,37,61,54,51,51,51,78,77,66,66,61,61,61,71,71,71,71,54,83,83,83,83,81,95,95,105,80,0],"gold":75,"neow_bonus":"RANDOM_COMMON_RELIC","is_prod":false,"is_daily":false,"chose_seed":false,"campfire_upgraded":6,"win_rate":0,"timestamp":1548547718,"path_taken":["M","?","M","$","?","R","E","R","T","$","M","M","?","?","R","BOSS","M","$","M","?","$","R","M","E","T","M","?","R","M","E","R","BOSS","M","?","$","M","M","R","E","R","T","?","E","R","?","M","R","BOSS","R","$","E","BOSS"],"build_version":"2019-01-23","purchased_purges":7,"victory":false,"max_hp_per_floor":[75,80,80,80,80,80,80,80,80,80,80,80,80,80,80,80,80,80,80,80,80,80,80,80,80,80,80,80,80,80,80,80,80,85,85,85,85,85,85,85,99,99,99,99,99,99,99,99,99,99,99,99,109,109,109],"card_choices":[{"not_picked":["Steam Power","Double Energy","Cold Snap"],"picked":"SKIP","floor":1},{"not_picked":["Reprogram","Rip and Tear"],"picked":"Rebound","floor":3},{"not_picked":["BootSequence","Doom and Gloom"],"picked":"Hologram","floor":7},{"not_picked":["Skim","Rebound"],"picked":"BootSequence","floor":11},{"not_picked":["Chaos","FTL"],"picked":"Hologram","floor":12},{"not_picked":["Loop","Doom and Gloom"],"picked":"Gash","floor":14},{"not_picked":["Echo Form","Barrage"],"picked":"Beam Cell","floor":15},{"not_picked":["Creative AI","Multi-Cast"],"picked":"All For One","floor":16},{"not_picked":["Steam","Stack"],"picked":"Gash+1","floor":18},{"not_picked":["Fusion","Scrape"],"picked":"Coolheaded+1","floor":20},{"not_picked":["Fusion+1","Capacitor","Rebound"],"picked":"SKIP","floor":24},{"not_picked":["Rebound+1","Biased Cognition"],"picked":"Leap+1","floor":25},{"not_picked":["Cold Snap","Stack+1"],"picked":"Conserve Battery","floor":27},{"not_picked":["Conserve Battery","Reprogram"],"picked":"Gash+1","floor":29},{"not_picked":["Darkness+1","Streamline+1","Auto Shields"],"picked":"SKIP","floor":30},{"not_picked":["Auto Shields","Sunder+1"],"picked":"Core Surge","floor":31},{"not_picked":["Core Surge","Biased Cognition"],"picked":"All For One","floor":33},{"not_picked":["Defragment","Turbo+1"],"picked":"Gash","floor":34},{"not_picked":["Turbo+1","Streamline+1","Steam"],"picked":"SKIP","floor":35},{"not_picked":["Steam+1","Skim+1"],"picked":"Gash+1","floor":38},{"not_picked":["Static Discharge","Rebound"],"picked":"Gash+1","floor":39},{"not_picked":["Sweeping Beam","Gash","Scrape+1"],"picked":"SKIP","floor":41},{"not_picked":["Chill","Streamline+1"],"picked":"Hologram","floor":45},{"not_picked":["Panacea","Thinking Ahead"],"picked":"Blind","floor":47},{"not_picked":["Beam Cell+1","Stack+1","Capacitor+1"],"picked":"SKIP","floor":48},{"not_picked":["Turbo+1","Storm","Reprogram+1"],"picked":"SKIP","floor":54}],"player_experience":610238,"relics_obtained":[{"floor":7,"key":"Smiling Mask"},{"floor":9,"key":"Dream Catcher"},{"floor":25,"key":"Mercury Hourglass"},{"floor":26,"key":"Ancient Tea Set"},{"floor":31,"key":"Emotion Chip"},{"floor":41,"key":"Mango"},{"floor":45,"key":"Ornamental Fan"},{"floor":54,"key":"Happy Flower"}],"event_choices":[{"damage_healed":0,"gold_gain":0,"player_choice":"Donut","damage_taken":0,"max_hp_gain":5,"max_hp_loss":0,"event_name":"Big Fish","floor":2,"gold_loss":0},{"damage_healed":0,"gold_gain":175,"player_choice":"AGREE","damage_taken":0,"max_hp_gain":0,"max_hp_loss":0,"event_name":"Liars Game","floor":5,"gold_loss":0,"cards_obtained":["Doubt"]},{"damage_healed":0,"gold_gain":0,"player_choice":"0 cards matched","damage_taken":0,"max_hp_gain":0,"max_hp_loss":0,"event_name":"Match and Keep!","floor":13,"gold_loss":0,"cards_obtained":[]},{"damage_healed":0,"gold_gain":0,"player_choice":"Got Potions","damage_taken":0,"max_hp_gain":0,"max_hp_loss":0,"event_name":"Lab","floor":21,"gold_loss":0},{"damage_healed":0,"gold_gain":0,"player_choice":"Embrace Madness","damage_taken":11,"max_hp_gain":0,"max_hp_loss":0,"event_name":"Winding Halls","floor":36,"gold_loss":0,"cards_obtained":["Madness","Madness"]},{"damage_healed":0,"gold_gain":0,"player_choice":"Ignored","damage_taken":0,"max_hp_gain":0,"max_hp_loss":0,"event_name":"Tomb of Lord Red Mask","floor":44,"gold_loss":0},{"damage_healed":0,"gold_gain":0,"player_choice":"Memory 1","damage_taken":0,"max_hp_gain":0,"max_hp_loss":0,"event_name":"SensoryStone","floor":47,"gold_loss":0}],"is_beta":false,"boss_relics":[{"not_picked":["FrozenCore","Philosopher\u0027s Stone"],"picked":"Empty Cage"},{"not_picked":["Runic Pyramid","Inserter"],"picked":"Tiny House"}],"items_purged_floors":[4,10,19,22,28,37,53],"is_endless":false,"potions_floor_spawned":[1,3,16,20,24,25,30,41],"killed_by":"The Heart","ascension_level":10}