{"gold_per_floor":[115,115,43,43,4,4,4,24,72,72,86,116,116,133,133,237,237,256,11,26,26,26,26,43,0,77,103,103,118,132,142,142,142],"floor_reached":33,"playtime":1268,"items_purged":[],"score":290,"play_id":"4b46aca0-edac-4e44-9183-38da9445f36a","local_time":"20180906182507","is_ascension_mode":false,"campfire_choices":[{"data":"Static Discharge","floor":6,"key":"SMITH"},{"floor":13,"key":"REST"},{"data":"Electrodynamics","floor":15,"key":"SMITH"},{"floor":23,"key":"REST"},{"floor":28,"key":"REST"},{"floor":32,"key":"REST"}],"neow_cost":"NONE","seed_source_timestamp":32220295079721,"circlet_count":0,"master_deck":["Strike_B","Strike_B","Strike_B","Strike_B","Defend_B","Defend_B","Defend_B","Defend_B","Zap+1","Dualcast","Redo","Static Discharge+1","Go for the Eyes","Electrodynamics+1","Go for the Eyes","Go for the Eyes+1","Loop","Genetic Algorithm+1","Redo+1","Go for the Eyes+1","Storm+1"],"relics":["Cracked Core","Blood Vial","Lantern","Bronze Scales","Busted Crown","Toxic Egg 2","Question Card","Gremlin Horn"],"potions_floor_usage":[12,27,27,33,33],"damage_taken":[{"damage":1,"enemies":"Cultist","floor":1,"turns":4},{"damage":6,"enemies":"Jaw Worm","floor":8,"turns":3},{"damage":15,"enemies":"Small Slimes","floor":11,"turns":2},{"damage":21,"enemies":"Lagavulin","floor":12,"turns":5},{"damage":11,"enemies":"Exordium Wildlife","floor":14,"turns":3},{"damage":27,"enemies":"The Guardian","floor":16,"turns":6},{"damage":24,"enemies":"2 Thieves","floor":18,"turns":3},{"damage":0,"enemies":"3 Byrds","floor":20,"turns":1},{"damage":1,"enemies":"Cultist and Chosen","floor":24,"turns":3},{"damage":20,"enemies":"Book of Stabbing","floor":27,"turns":4},{"damage":17,"enemies":"Shelled Parasite and Fungi","floor":29,"turns":3},{"damage":16,"enemies":"Snake Plant","floor":30,"turns":3},{"damage":14,"enemies":"Cultist and Chosen","floor":31,"turns":4},{"damage":67,"enemies":"Champ","floor":33,"turns":9}],"seed_played":"8325794796052467032","potions_obtained":[{"floor":8,"key":"SkillPotion"},{"floor":11,"key":"Strength Potion"},{"floor":12,"key":"Ancient Potion"},{"floor":24,"key":"Regen Potion"},{"floor":31,"key":"Explosive Potion"}],"is_trial":false,"path_per_floor":["M","?","$","?","?","R","?","M","T","$","M","E","R","M","R","B",null,"M","$","M","?","?","R","M","?","T","E","R","M","M","M","R"],"character_chosen":"DEFECT","items_purchased":["Static Discharge","Toxic Egg 2"],"campfire_rested":4,"item_purchase_floors":[3,19],"current_hp_per_floor":[74,74,74,74,74,74,74,69,69,69,56,37,59,50,50,25,75,51,51,53,53,39,63,64,64,64,58,80,63,49,37,61,0],"gold":142,"neow_bonus":"RANDOM_COMMON_RELIC","is_prod":false,"is_daily":false,"chose_seed":false,"campfire_upgraded":2,"win_rate":0.0,"timestamp":1536254707,"path_taken":["M","?","$","?","?","R","?","M","T","?","?","E","R","M","R","BOSS","M","$","M","?","?","R","M","?","T","E","R","M","M","M","R","BOSS"],"build_version":"2018-08-30","purchased_purges":0,"victory":false,"max_hp_per_floor":[75,75,75,75,75,75,75,75,75,75,75,75,75,75,75,75,75,75,75,75,75,80,80,80,80,80,80,80,80,80,80,80,80],"card_choices":[{"not_picked":["Conserve Battery","Cold Snap"],"picked":"Redo","floor":1},{"not_picked":["Double Energy","Conserve Battery","Coolheaded"],"picked":"SKIP","floor":8},{"not_picked":["Streamline","Barrage"],"picked":"Go for the Eyes","floor":11},{"not_picked":["Sweeping Beam","Redo"],"picked":"Electrodynamics","floor":12},{"not_picked":["Doom and Gloom","Streamline"],"picked":"Go for the Eyes","floor":14},{"not_picked":[],"picked":"Go for the Eyes+1","floor":18},{"not_picked":[],"picked":"Loop","floor":20},{"not_picked":["Stack+1"],"picked":"SKIP","floor":24},{"not_picked":["Rebound"],"picked":"Redo+1","floor":27},{"not_picked":["Streamline","Recycle+1"],"picked":"SKIP","floor":29},{"not_picked":["Sweeping Beam+1"],"picked":"Go for the Eyes+1","floor":30},{"not_picked":["Doom and Gloom"],"picked":"Storm+1","floor":31}],"player_experience":135355,"relics_obtained":[{"floor":9,"key":"Lantern"},{"floor":12,"key":"Bronze Scales"},{"floor":26,"key":"Question Card"},{"floor":27,"key":"Gremlin Horn"}],"event_choices":[{"event_name":"Upgrade Shrine","player_choice":"Upgraded","floor":2,"damage_taken":0},{"event_name":"Golden Wing","player_choice":"Ignored","floor":4,"damage_taken":0},{"event_name":"World of Goop","player_choice":"Left","floor":5,"damage_taken":0},{"event_name":"Purifier","player_choice":"Skipped","floor":7,"damage_taken":0},{"event_name":"The Library","player_choice":"Read","floor":21,"damage_taken":0},{"event_name":"Forgotten Altar","player_choice":"Shed Blood","floor":22,"damage_taken":0},{"event_name":"Masked Bandits","player_choice":"Paid Fearfully","floor":25,"damage_taken":0}],"is_beta":false,"boss_relics":[{"not_picked":["FrozenCore","Black Star"],"picked":"Busted Crown"}],"items_purged_floors":[],"is_endless":false,"potions_floor_spawned":[8,11,12,24,31],"killed_by":"Champ","ascension_level":0}