{"gold_per_floor":[116,126,46,46,46,81,81,112,112,112,125,152,25,43,43,146,146,160,85,101,101,118,118,145,145,145,160,172,172,189,201,201,297,297,307,11,11,30,30,30,30,30,30,56,69,69,100,119,119,119],"floor_reached":51,"playtime":2857,"items_purged":["Strike_B","Strike_B"],"score":1145,"play_id":"a9f58216-449a-4d9f-ba56-f601cffad709","local_time":"20181007175906","is_ascension_mode":true,"campfire_choices":[{"data":"Zap","floor":7,"key":"SMITH"},{"data":"Self Repair","floor":10,"key":"SMITH"},{"data":"Go for the Eyes","floor":15,"key":"SMITH"},{"floor":23,"key":"REST"},{"floor":29,"key":"REST"},{"floor":32,"key":"REST"},{"floor":40,"key":"REST"},{"floor":42,"key":"REST"},{"floor":46,"key":"REST"},{"floor":49,"key":"REST"}],"neow_cost":"","seed_source_timestamp":187923616760880,"circlet_count":0,"master_deck":["Strike_B+1","Defend_B+1","Defend_B+1","Defend_B+1","Zap+1","Dualcast+1","AscendersBane","Sweeping Beam+1","Self Repair+1","Glacier+1","Hologram+1","FTL+1","Steam+1","Go for the Eyes+1","Core Surge+1","Chill+1","Capacitor+1","Scrape+1","Auto Shields+1","Gash+1","Beam Cell+1","Fission+1","Hologram+1","Seek+1","Defragment+1","Reprogram+1","Scrape","BootSequence+1","Scrape","Recycle"],"relics":["Cracked Core","Dead Branch","Potion Belt","Dream Catcher","Bird Faced Urn","Shuriken","Fusion Hammer","Red Mask","Mercury Hourglass","Runic Pyramid","Whetstone","Mark of the Bloom","Anchor","Letter Opener","Bottled Tornado"],"potions_floor_usage":[8,16,18,24,24,33,33,33,50,50],"damage_taken":[{"damage":1,"enemies":"Cultist","floor":1,"turns":3},{"damage":5,"enemies":"Small Slimes","floor":2,"turns":3},{"damage":25,"enemies":"Lagavulin","floor":6,"turns":7},{"damage":22,"enemies":"Gremlin Nob","floor":8,"turns":5},{"damage":14,"enemies":"Jaw Worm","floor":11,"turns":4},{"damage":5,"enemies":"Lagavulin","floor":12,"turns":8},{"damage":3,"enemies":"3 Louse","floor":14,"turns":3},{"damage":20,"enemies":"The Guardian","floor":16,"turns":12},{"damage":18,"enemies":"Spheric Guardian","floor":18,"turns":6},{"damage":1,"enemies":"Chosen","floor":20,"turns":4},{"damage":28,"enemies":"Snake Plant","floor":22,"turns":7},{"damage":41,"enemies":"Masked Bandits","floor":24,"turns":6},{"damage":3,"enemies":"Centurion and Healer","floor":27,"turns":7},{"damage":9,"enemies":"Cultist and Chosen","floor":28,"turns":5},{"damage":2,"enemies":"Snake Plant","floor":30,"turns":3},{"damage":12,"enemies":"3 Cultists","floor":31,"turns":5},{"damage":52,"enemies":"Automaton","floor":33,"turns":9},{"damage":8,"enemies":"3 Darklings","floor":35,"turns":4},{"damage":0,"enemies":"Orb Walker","floor":38,"turns":3},{"damage":4,"enemies":"Nemesis","floor":44,"turns":7},{"damage":2,"enemies":"3 Darklings","floor":45,"turns":3},{"damage":0,"enemies":"Giant Head","floor":47,"turns":6},{"damage":0,"enemies":"4 Shapes","floor":48,"turns":3},{"damage":6,"enemies":"Time Eater","floor":50,"turns":10}],"seed_played":"-2340674123372566647","potions_obtained":[{"floor":6,"key":"Weak Potion"},{"floor":8,"key":"LiquidBronze"},{"floor":11,"key":"Block Potion"},{"floor":16,"key":"SkillPotion"},{"floor":18,"key":"Weak Potion"},{"floor":24,"key":"PowerPotion"},{"floor":28,"key":"AttackPotion"},{"floor":33,"key":"FocusPotion"},{"floor":35,"key":"FocusPotion"},{"floor":48,"key":"SkillPotion"}],"is_trial":false,"path_per_floor":["M","M","$","?","?","E","R","E","T","R","M","E","$","M","R","B",null,"M","?","M","?","M","R","?","?","T","M","M","R","M","M","R","B",null,"M","$","?","M","?","R","$","R","T","E","M","R","E","M","R","B"],"character_chosen":"DEFECT","items_purchased":["Self Repair","Fire Potion","Whetstone","Energy Potion"],"campfire_rested":7,"item_purchase_floors":[3,13,36,36],"current_hp_per_floor":[67,62,62,62,67,49,49,27,27,27,37,44,44,53,53,47,72,66,66,77,77,69,80,51,35,35,48,53,77,77,80,80,40,70,64,64,64,80,80,80,80,80,80,76,74,74,74,74,74,68],"gold":119,"neow_bonus":"","is_prod":false,"is_daily":false,"chose_seed":false,"campfire_upgraded":3,"win_rate":0,"timestamp":1538927946,"path_taken":["M","M","$","?","?","E","R","E","T","R","M","E","?","M","R","BOSS","M","?","?","?","M","R","?","?","T","M","M","R","M","M","R","BOSS","M","$","?","M","?","R","$","R","T","E","M","R","E","M","R","BOSS"],"build_version":"2018-10-04","purchased_purges":2,"victory":true,"max_hp_per_floor":[75,75,75,75,80,80,80,80,80,80,80,80,80,80,80,80,80,80,80,80,80,80,80,80,80,80,80,80,80,80,80,80,80,80,80,80,80,80,80,80,80,80,80,80,80,80,80,80,80,80],"card_choices":[{"not_picked":["Recycle","Go for the Eyes"],"picked":"Cold Snap","floor":1},{"not_picked":["Reinforced Body","Rebound"],"picked":"Sweeping Beam","floor":2},{"not_picked":["Fusion","Skim"],"picked":"Glacier","floor":6},{"not_picked":["Leap","Consume"],"picked":"Hologram","floor":8},{"not_picked":["Skim","Steam"],"picked":"FTL","floor":11},{"not_picked":["Electrodynamics","Darkness"],"picked":"Steam","floor":12},{"not_picked":["Cold Snap","Rebound"],"picked":"Go for the Eyes","floor":14},{"not_picked":["Biased Cognition","Hyperbeam"],"picked":"Core Surge","floor":16},{"not_picked":["BootSequence","Loop"],"picked":"Chill","floor":18},{"not_picked":["Coolheaded","Cold Snap"],"picked":"Capacitor","floor":20},{"not_picked":["Turbo","Genetic Algorithm"],"picked":"Scrape+1","floor":22},{"not_picked":["Conserve Battery","Cold Snap"],"picked":"Auto Shields","floor":23},{"not_picked":["Stack","Compile Driver"],"picked":"Gash+1","floor":27},{"not_picked":["Cold Snap","Compile Driver"],"picked":"Beam Cell","floor":28},{"not_picked":["Doom and Gloom","Darkness"],"picked":"Fission","floor":29},{"not_picked":["Turbo","Go for the Eyes"],"picked":"Hologram","floor":30},{"not_picked":["Compile Driver","Leap","Cold Snap"],"picked":"SKIP","floor":31},{"not_picked":["Electrodynamics","Rainbow"],"picked":"Seek","floor":33},{"not_picked":["Sweeping Beam","Stack"],"picked":"Defragment+1","floor":35},{"not_picked":["Steam","Sweeping Beam+1"],"picked":"Reprogram","floor":38},{"not_picked":["Go for the Eyes","Stack"],"picked":"Scrape","floor":40},{"not_picked":["Steam","Steam Power+1"],"picked":"BootSequence+1","floor":44},{"not_picked":["Self Repair","Melter","Beam Cell+1"],"picked":"SKIP","floor":45},{"not_picked":["Conserve Battery","Gash"],"picked":"Scrape","floor":46},{"not_picked":["Steam","Coolheaded","Compile Driver"],"picked":"SKIP","floor":47},{"not_picked":["Undo","Stack","Aggregate"],"picked":"SKIP","floor":48},{"not_picked":["Beam Cell","Static Discharge"],"picked":"Recycle","floor":49}],"player_experience":175842,"relics_obtained":[{"floor":6,"key":"Potion Belt"},{"floor":8,"key":"Dream Catcher"},{"floor":9,"key":"Bird Faced Urn"},{"floor":12,"key":"Shuriken"},{"floor":24,"key":"Red Mask"},{"floor":26,"key":"Mercury Hourglass"},{"floor":43,"key":"Anchor"},{"floor":44,"key":"Letter Opener"},{"floor":47,"key":"Bottled Tornado"}],"event_choices":[{"event_name":"WeMeetAgain","player_choice":"Card","floor":4,"damage_taken":0},{"event_name":"Big Fish","player_choice":"Donut","floor":5,"damage_taken":0},{"event_name":"Beggar","player_choice":"Gave Gold","floor":19,"damage_taken":0},{"event_name":"Vampires","player_choice":"Ignored","floor":21,"damage_taken":0},{"event_name":"Masked Bandits","player_choice":"Fought Bandits","floor":24,"damage_taken":0},{"event_name":"Knowing Skull","player_choice":"POTION ","floor":25,"damage_taken":0},{"event_name":"Falling","player_choice":"Removed Skill","floor":37,"damage_taken":0},{"event_name":"MindBloom","player_choice":"Upgrade","floor":39,"damage_taken":0}],"is_beta":true,"boss_relics":[{"not_picked":["Pandora\u0027s Box","Velvet Choker"],"picked":"Fusion Hammer"},{"not_picked":["Black Star","Calling Bell"],"picked":"Runic Pyramid"}],"items_purged_floors":[13,36],"is_endless":false,"potions_floor_spawned":[6,8,11,16,18,24,28,33,35,45,48],"ascension_level":12}