{"gold_per_floor":[113,124,74,74,74,74,97,97,150,150,184,200,223,246,246,340,340,358,358,268],"floor_reached":20,"playtime":768,"items_purged":["Strike_B"],"score":284,"play_id":"f1a047a8-e4f8-434b-8b69-36c030ef2363","local_time":"20180922012306","is_ascension_mode":true,"campfire_choices":[{"floor":6,"key":"REST"},{"floor":8,"key":"REST"},{"data":"Zap","floor":10,"key":"SMITH"},{"floor":15,"key":"REST"}],"neow_cost":"NONE","seed_source_timestamp":563729488261124,"circlet_count":0,"master_deck":["Strike_B","Strike_B","Defend_B","Defend_B","Defend_B","Defend_B","Zap+1","Dualcast","AscendersBane","Auto Shields","FTL","Creative AI","Static Discharge"],"relics":["Cracked Core","Smiling Mask","Golden Idol","Juzu Bracelet","PreservedInsect","Bag of Marbles","Cursed Key"],"potions_floor_usage":[11,18],"damage_taken":[{"damage":0,"enemies":"Cultist","floor":1,"turns":4},{"damage":9,"enemies":"Small Slimes","floor":2,"turns":6},{"damage":2,"enemies":"Jaw Worm","floor":7,"turns":4},{"damage":20,"enemies":"3 Sentries","floor":11,"turns":7},{"damage":20,"enemies":"Exordium Wildlife","floor":12,"turns":6},{"damage":9,"enemies":"3 Louse","floor":14,"turns":4},{"damage":37,"enemies":"Hexaghost","floor":16,"turns":10},{"damage":22,"enemies":"Chosen","floor":18,"turns":6},{"damage":40,"enemies":"2 Thieves","floor":20,"turns":3}],"seed_played":"-4339620001723455479","potions_obtained":[{"floor":2,"key":"Explosive Potion"},{"floor":16,"key":"Poison Potion"}],"is_trial":false,"path_per_floor":["M","M","$","?","?","R","M","R","T","R","E","M","T","M","R","B",null,"M","?"],"character_chosen":"DEFECT","items_purchased":[],"campfire_rested":3,"item_purchase_floors":[],"current_hp_per_floor":[68,59,59,41,34,56,54,75,75,75,55,35,35,26,48,11,59,37,37,0],"gold":268,"neow_bonus":"RANDOM_COMMON_RELIC","is_prod":false,"is_daily":false,"chose_seed":false,"campfire_upgraded":1,"win_rate":0,"timestamp":1537572186,"path_taken":["M","M","$","?","?","R","M","R","T","R","E","M","?","M","R","BOSS","M","?","M"],"build_version":"2018-09-20","purchased_purges":1,"victory":false,"max_hp_per_floor":[75,75,75,75,75,75,75,75,75,75,75,75,75,75,75,75,75,75,75,75],"card_choices":[{"not_picked":["Coolheaded","Streamline"],"picked":"Auto Shields","floor":1},{"not_picked":["Steam","Coolheaded"],"picked":"FTL","floor":2},{"not_picked":["Steam","Hello World","Leap"],"picked":"SKIP","floor":7},{"not_picked":["Cold Snap","Ball Lightning"],"picked":"Creative AI","floor":11},{"not_picked":["Tempest","Beam Cell"],"picked":"Static Discharge","floor":12},{"not_picked":["Coolheaded","Rebound","Barrage"],"picked":"SKIP","floor":14},{"not_picked":["Beam Cell","Cold Snap","Coolheaded+1"],"picked":"SKIP","floor":18}],"player_experience":503946,"relics_obtained":[{"floor":9,"key":"Juzu Bracelet"},{"floor":11,"key":"PreservedInsect"},{"floor":13,"key":"Bag of Marbles"}],"event_choices":[{"event_name":"Golden Idol","player_choice":"Take Damage","floor":4,"damage_taken":0},{"event_name":"Golden Wing","player_choice":"Card Removal","floor":5,"damage_taken":0},{"event_name":"Ghosts","player_choice":"Ignored","floor":19,"damage_taken":0}],"is_beta":false,"boss_relics":[{"not_picked":["Tiny House","Calling Bell"],"picked":"Cursed Key"}],"items_purged_floors":[3],"is_endless":false,"potions_floor_spawned":[2,16],"killed_by":"2 Thieves","ascension_level":13}