{"gold_per_floor":[117,135,152,227,227,227,238,238,238,238,10,24,24,39,39,140,140,159,177,196,196],"floor_reached":21,"playtime":853,"items_purged":[],"score":198,"play_id":"45d08dfd-1538-4fa1-af62-cb8f59cbd04a","local_time":"20180708232747","is_ascension_mode":false,"campfire_choices":[{"floor":6.0,"key":"REST"},{"floor":8.0,"key":"REST"},{"data":"Fire Breathing","floor":13.0,"key":"SMITH"},{"data":"Rupture","floor":15.0,"key":"SMITH"}],"neow_cost":"NONE","seed_source_timestamp":343262367890980,"circlet_count":0,"master_deck":["Strike_R","Strike_R","Strike_R","Strike_R","Strike_R","Defend_R","Defend_R","Defend_R","Defend_R","Bash+1","Cleave+1","Cleave","Cleave","Combust+1","Cleave","Clash","Reckless Charge","Deep Breath","Fire Breathing+1","Rupture+1","Brutality","Armaments","Clash","Metallicize"],"special_seed":0,"relics":["Burning Blood","Ancient Tea Set","Runic Cube"],"potions_floor_usage":[21],"damage_taken":[{"damage":0.0,"enemies":"Small Slimes","floor":1.0,"turns":2.0},{"damage":15.0,"enemies":"Jaw Worm","floor":2.0,"turns":4.0},{"damage":6.0,"enemies":"Cultist","floor":3.0,"turns":3.0},{"damage":10.0,"enemies":"Looter","floor":7.0,"turns":3.0},{"damage":10.0,"enemies":"Blue Slaver","floor":12.0,"turns":3.0},{"damage":0.0,"enemies":"3 Louse","floor":14.0,"turns":1.0},{"damage":64.0,"enemies":"Hexaghost","floor":16.0,"turns":8.0},{"damage":24.0,"enemies":"Spheric Guardian","floor":18.0,"turns":4.0},{"damage":14.0,"enemies":"Chosen","floor":19.0,"turns":4.0},{"damage":32.0,"enemies":"Snake Plant","floor":20.0,"turns":4.0},{"damage":28,"enemies":"Sentry and Sphere","floor":21,"turns":5}],"seed_played":"4641973500752594964","potions_obtained":[{"floor":2.0,"key":"EssenceOfSteel"},{"floor":3.0,"key":"Regen Potion"},{"floor":12.0,"key":"Explosive Potion"},{"floor":16.0,"key":"FearPotion"},{"floor":19.0,"key":"Poison Potion"}],"is_trial":false,"path_per_floor":["M","M","M","?","?","R","M","R","T","?","$","M","R","M","R","B",null,"M","M","M"],"character_chosen":"IRONCLAD","items_purchased":["Clash","Reckless Charge","Deep Breath"],"campfire_rested":2,"item_purchase_floors":[11,11,11],"current_hp_per_floor":[80,71,71,60,44,68,64,80,80,80,80,76,76,80,80,32,80,62,54,28,0],"gold":196,"neow_bonus":"THREE_CARDS","is_prod":false,"is_daily":false,"chose_seed":false,"campfire_upgraded":2,"win_rate":0.0,"timestamp":1531085267,"path_taken":["M","M","M","?","?","R","M","R","T","?","?","M","R","?","R","BOSS","M","M","?","M"],"build_version":"2018-07-05","purchased_purges":0,"victory":false,"max_hp_per_floor":[80,80,80,80,80,80,80,80,80,80,80,80,80,80,80,80,80,80,80,80,80],"card_choices":[{"not_picked":["Pommel Strike","Armaments"],"picked":"Cleave","floor":0.0},{"not_picked":["Iron Wave","Burning Pact"],"picked":"Cleave","floor":1.0},{"not_picked":["True Grit","Wild Strike"],"picked":"Cleave","floor":2.0},{"not_picked":["Rupture","Evolve"],"picked":"Combust","floor":3.0},{"not_picked":["Thunderclap","Dropkick"],"picked":"Cleave","floor":7.0},{"not_picked":["Headbutt","Warcry"],"picked":"Fire Breathing","floor":12.0},{"not_picked":["Metallicize","Carnage"],"picked":"Rupture","floor":14.0},{"not_picked":["Barricade","Bludgeon"],"picked":"Brutality","floor":16.0},{"not_picked":["Perfected Strike","Twin Strike"],"picked":"Armaments","floor":18.0},{"not_picked":["Uppercut","Pummel+1"],"picked":"Clash","floor":19.0},{"not_picked":["Dual Wield","Ghostly Armor"],"picked":"Metallicize","floor":20}],"player_experience":46109,"relics_obtained":[{"floor":9.0,"key":"Ancient Tea Set"}],"event_choices":[{"event_name":"World of Goop","player_choice":"Gather Gold","floor":4.0,"damage_taken":0.0},{"event_name":"Shining Light","player_choice":"Entered Light","floor":5.0,"damage_taken":0.0},{"event_name":"Living Wall","player_choice":"Grow","floor":10.0,"damage_taken":0.0}],"boss_relics":[{"not_picked":["Empty Cage","Runic Pyramid"],"picked":"Runic Cube"}],"items_purged_floors":[],"is_endless":false,"potions_floor_spawned":[2,3,12,16,19],"killed_by":"Sentry and Sphere","ascension_level":0}