{"gold_per_floor":[113,127,127,202,7,7,7,21,21,21,21,21,36,53,53,154,154,165,21,31,31,51,63,75,85,164,164,182,25,0,16,16,16],"floor_reached":33,"playtime":1462,"items_purged":[],"score":266,"play_id":"286ab254-79dd-40e9-8c0b-084299c381da","local_time":"20180716001411","is_ascension_mode":false,"campfire_choices":[{"data":"Seeing Red","floor":6,"key":"SMITH"},{"data":"Perfected Strike","floor":11,"key":"SMITH"},{"floor":15,"key":"REST"},{"floor":27,"key":"REST"},{"floor":32,"key":"REST"}],"neow_cost":"NONE","seed_source_timestamp":431027081532140,"circlet_count":0,"master_deck":["Strike_R","Strike_R","Strike_R","Strike_R","Strike_R","Defend_R","Defend_R","Defend_R","Defend_R","Bash","Dropkick","Perfected Strike+1","Iron Wave","Seeing Red+1","Uppercut","Inflame","Flex","Limit Break","Cleave+1","Reaper+1","Havoc","Exhume","Rampage+1","Writhe","Shrug It Off","Feel No Pain","Perfected Strike+1","Ghostly Armor","Perfected Strike+1","Dropkick+1","Seeing Red","Iron Wave+1","Cleave+1"],"relics":["Burning Blood","Red Skull","Molten Egg 2","Lizard Tail","Gremlin Horn","Pear"],"potions_floor_usage":[8,13,13,18,22,25,28,33],"damage_taken":[{"damage":11,"enemies":"Jaw Worm","floor":1,"turns":2},{"damage":0,"enemies":"2 Louse","floor":2,"turns":2},{"damage":12,"enemies":"Small Slimes","floor":8,"turns":2},{"damage":0,"enemies":"3 Louse","floor":13,"turns":2},{"damage":9,"enemies":"2 Fungi Beasts","floor":14,"turns":3},{"damage":16,"enemies":"Slime Boss","floor":16,"turns":8},{"damage":42,"enemies":"3 Byrds","floor":18,"turns":6},{"damage":22,"enemies":"Spheric Guardian","floor":20,"turns":4},{"damage":47,"enemies":"Centurion and Healer","floor":22,"turns":6},{"damage":44,"enemies":"Slaver and Parasite","floor":23,"turns":5},{"damage":35,"enemies":"3 Cultists","floor":24,"turns":6},{"damage":16,"enemies":"Snake Plant","floor":25,"turns":3},{"damage":7,"enemies":"Cultist and Chosen","floor":28,"turns":5},{"damage":36,"enemies":"Chosen and Byrds","floor":31,"turns":7},{"damage":100,"enemies":"Collector","floor":33,"turns":7}],"seed_played":"3158452922224824990","potions_obtained":[{"floor":2,"key":"Fire Potion"},{"floor":7,"key":"Fruit Juice"},{"floor":7,"key":"SteroidPotion"},{"floor":13,"key":"Regen Potion"},{"floor":16,"key":"BloodPotion"},{"floor":23,"key":"Strength Potion"},{"floor":25,"key":"PowerPotion"},{"floor":31,"key":"Dexterity Potion"}],"is_trial":false,"path_per_floor":["M","M","?","?","$","R","?","M","T","?","R","$","M","M","R","B",null,"M","$","M","?","M","M","M","M","T","R","M","$","?","M","R"],"character_chosen":"IRONCLAD","items_purchased":["Seeing Red","Uppercut","Inflame","Exhume","Dropkick+1","Seeing Red","Iron Wave+1"],"campfire_rested":3,"item_purchase_floors":[5,5,5,19,29,29,29],"current_hp_per_floor":[75,80,68,57,57,57,57,51,51,56,56,56,67,64,90,80,90,63,63,47,47,25,41,32,22,32,62,61,61,61,38,68,0],"gold":16,"neow_bonus":"THREE_CARDS","is_prod":false,"is_daily":false,"chose_seed":false,"campfire_upgraded":2,"win_rate":0.0,"timestamp":1531692851,"path_taken":["M","M","?","?","$","R","?","M","T","?","R","?","?","M","R","BOSS","M","$","?","?","M","M","M","M","T","R","M","?","?","M","R","BOSS"],"build_version":"2018-07-12","purchased_purges":0,"victory":false,"max_hp_per_floor":[80,80,80,80,80,80,80,80,80,85,85,85,90,90,90,90,90,90,90,90,90,90,90,90,90,100,100,100,100,100,100,100,100],"card_choices":[{"not_picked":["Pommel Strike","Sword Boomerang"],"picked":"Dropkick","floor":0},{"not_picked":["Cleave","Clash"],"picked":"Perfected Strike","floor":1},{"not_picked":["Sword Boomerang","Entrench"],"picked":"Iron Wave","floor":2},{"not_picked":["Body Slam","Cleave"],"picked":"Flex","floor":8},{"not_picked":["Sword Boomerang+1","Anger+1"],"picked":"Limit Break","floor":13},{"not_picked":["Inflame","Warcry"],"picked":"Cleave+1","floor":14},{"not_picked":["Exhume","Dark Embrace"],"picked":"Reaper+1","floor":16},{"not_picked":["Whirlwind+1","Bloodletting"],"picked":"Havoc","floor":18},{"not_picked":["Burning Pact+1","Headbutt+1"],"picked":"Rampage+1","floor":20},{"not_picked":["Rupture","True Grit"],"picked":"Shrug It Off","floor":22},{"not_picked":["Havoc","Flex"],"picked":"Feel No Pain","floor":23},{"not_picked":["Pommel Strike+1","Clothesline+1"],"picked":"Perfected Strike+1","floor":24},{"not_picked":["Headbutt+1","Twin Strike+1"],"picked":"Ghostly Armor","floor":25},{"not_picked":["Immolate+1","Flex"],"picked":"Perfected Strike+1","floor":28},{"not_picked":["Whirlwind+1","Rupture"],"picked":"Cleave+1","floor":31}],"player_experience":58053,"relics_obtained":[{"floor":9,"key":"Molten Egg 2"},{"floor":26,"key":"Pear"}],"event_choices":[{"event_name":"Scrap Ooze","player_choice":"success","floor":3,"damage_taken":12},{"event_name":"World of Goop","player_choice":"Gather Gold","floor":4,"damage_taken":0},{"event_name":"The Lab","player_choice":"Got Potions","floor":7,"damage_taken":0},{"event_name":"Big Fish","player_choice":"Donut","floor":10,"damage_taken":0},{"event_name":"The Mausoleum","player_choice":"Yes","floor":21,"damage_taken":0},{"event_name":"Masked Bandits","player_choice":"Paid Bandits 25 gold","floor":30,"damage_taken":0}],"boss_relics":[{"not_picked":["Philosopher\u0027s Stone","Coffee Dripper"],"picked":"Lizard Tail"}],"items_purged_floors":[],"is_endless":false,"potions_floor_spawned":[2,13,16,23,25,31],"killed_by":"Collector","ascension_level":0}