{"gold_per_floor":[211,230,240,253,269,269,300,300,377,377],"floor_reached":10,"playtime":367,"items_purged":[],"score":123,"play_id":"2b93fc9a-fd88-4a5f-9321-a9c8d06303df","local_time":"20180923002529","is_ascension_mode":true,"campfire_choices":[{"floor":6,"key":"REST"},{"floor":8,"key":"REST"}],"neow_cost":"NONE","seed_source_timestamp":647075655147290,"circlet_count":0,"master_deck":["Strike_B","Strike_B","Strike_B","Strike_B","Defend_B","Defend_B","Defend_B","Defend_B","Zap","Dualcast","AscendersBane","Auto Shields","Reinforced Body","Melter","Defragment"],"relics":["Cracked Core","Dream Catcher","Shuriken"],"potions_floor_usage":[5,7,7],"damage_taken":[{"damage":7,"enemies":"Jaw Worm","floor":1,"turns":4},{"damage":10,"enemies":"2 Louse","floor":2,"turns":3},{"damage":0,"enemies":"Cultist","floor":3,"turns":3},{"damage":1,"enemies":"Looter","floor":4,"turns":3},{"damage":6,"enemies":"Exordium Wildlife","floor":5,"turns":5},{"damage":38,"enemies":"Gremlin Nob","floor":7,"turns":6},{"damage":50,"enemies":"Lagavulin","floor":10,"turns":8}],"seed_played":"-1363690471115993146","potions_obtained":[{"floor":1,"key":"FearPotion"},{"floor":3,"key":"Strength Potion"},{"floor":5,"key":"EssenceOfSteel"}],"is_trial":false,"path_per_floor":["M","M","M","M","M","R","E","R","T"],"character_chosen":"DEFECT","items_purchased":[],"campfire_rested":2,"item_purchase_floors":[],"current_hp_per_floor":[57,47,47,46,40,61,23,44,44,0],"gold":377,"neow_bonus":"HUNDRED_GOLD","is_prod":false,"is_daily":false,"chose_seed":false,"campfire_upgraded":0,"win_rate":0,"timestamp":1537655129,"path_taken":["M","M","M","M","M","R","E","R","T","E"],"build_version":"2018-09-20","purchased_purges":0,"victory":false,"max_hp_per_floor":[71,71,71,71,71,71,71,71,71,71],"card_choices":[{"not_picked":["Genetic Algorithm","Steam Power"],"picked":"Auto Shields","floor":1},{"not_picked":["Auto Shields","Scrape","Chaos"],"picked":"SKIP","floor":2},{"not_picked":["Go for the Eyes","Steam","Redo"],"picked":"SKIP","floor":3},{"not_picked":["Go for the Eyes","BootSequence","Conserve Battery"],"picked":"SKIP","floor":4},{"not_picked":["Stack","Hello World"],"picked":"Reinforced Body","floor":5},{"not_picked":["Reboot","Chill"],"picked":"Melter","floor":7},{"not_picked":["Steam","Static Discharge"],"picked":"Defragment","floor":8}],"player_experience":559890,"relics_obtained":[{"floor":7,"key":"Dream Catcher"},{"floor":9,"key":"Shuriken"}],"event_choices":[],"is_beta":false,"boss_relics":[],"items_purged_floors":[],"is_endless":false,"potions_floor_spawned":[1,3,5],"killed_by":"Lagavulin","ascension_level":15}