{"gold_per_floor":[119,139,153,0,13,13,24,24,24,35,35,110,10,40,40,114,114,124,134,134,151,151,151,167,167,194,194,5,23,33,33],"floor_reached":31,"playtime":2851,"items_purged":["Defend_B","Defend_B"],"score":418,"play_id":"ebf8393c-9478-4648-bd7f-d5b0e2d41874","local_time":"20180922200112","is_ascension_mode":true,"campfire_choices":[{"floor":6,"key":"REST"},{"floor":8,"key":"REST"},{"floor":15,"key":"REST"},{"floor":23,"key":"REST"},{"floor":25,"key":"REST"}],"neow_cost":"NONE","seed_source_timestamp":628733956454592,"circlet_count":0,"master_deck":["Strike_B","Strike_B","Strike_B","Strike_B","Defend_B","Defend_B+1","Zap+1","Dualcast+1","AscendersBane","Coolheaded","BootSequence","Capacitor","Defragment","Buffer+1","Seek","Cold Snap","Conserve Battery+1","Doubt","Clumsy","Buffer"],"relics":["Cracked Core","War Paint","Ancient Tea Set","Cursed Key","Darkstone Periapt","Bag of Marbles","Shuriken"],"potions_floor_usage":[5,7,16,20,20,24,29,30,31],"damage_taken":[{"damage":4,"enemies":"Small Slimes","floor":1,"turns":4},{"damage":1,"enemies":"Cultist","floor":2,"turns":4},{"damage":0,"enemies":"2 Louse","floor":3,"turns":4},{"damage":27,"enemies":"Large Slime","floor":5,"turns":6},{"damage":0,"enemies":"Looter","floor":7,"turns":3},{"damage":7,"enemies":"2 Fungi Beasts","floor":10,"turns":3},{"damage":21,"enemies":"3 Sentries","floor":14,"turns":9},{"damage":13,"enemies":"The Guardian","floor":16,"turns":11},{"damage":11,"enemies":"Spheric Guardian","floor":18,"turns":6},{"damage":26,"enemies":"3 Byrds","floor":19,"turns":5},{"damage":12,"enemies":"Colosseum Slavers","floor":20,"turns":4},{"damage":13,"enemies":"Centurion and Healer","floor":21,"turns":9},{"damage":12,"enemies":"Shelled Parasite and Fungi","floor":24,"turns":10},{"damage":20,"enemies":"Snake Plant","floor":29,"turns":6},{"damage":10,"enemies":"Centurion and Healer","floor":30,"turns":15},{"damage":32,"enemies":"Cultist and Chosen","floor":31,"turns":8}],"seed_played":"8501117958212116660","potions_obtained":[{"floor":1,"key":"FearPotion"},{"floor":3,"key":"Ancient Potion"},{"floor":5,"key":"EssenceOfSteel"},{"floor":14,"key":"Swift Potion"},{"floor":19,"key":"Poison Potion"},{"floor":21,"key":"SkillPotion"},{"floor":24,"key":"PowerPotion"},{"floor":30,"key":"PowerPotion"}],"is_trial":false,"path_per_floor":["M","M","M","$","M","R","M","R","T","M","?","?","$","E","R","B",null,"M","M","?","M","?","R","M","R","T","T","$","M","M"],"character_chosen":"DEFECT","items_purchased":["Capacitor","Buffer","PowerPotion"],"campfire_rested":5,"item_purchase_floors":[4,28,28],"current_hp_per_floor":[60,59,59,59,32,53,53,71,71,64,64,53,53,32,53,40,63,52,26,14,1,1,22,10,31,37,43,43,23,13,0],"gold":33,"neow_bonus":"UPGRADE_CARD","is_prod":false,"is_daily":false,"chose_seed":false,"campfire_upgraded":0,"win_rate":0,"timestamp":1537639272,"path_taken":["M","M","M","$","M","R","M","R","T","M","?","?","$","E","R","BOSS","M","M","?","M","?","R","?","R","T","?","$","M","?","M"],"build_version":"2018-09-20","purchased_purges":2,"victory":false,"max_hp_per_floor":[71,71,71,71,71,71,71,71,71,71,71,71,71,71,71,71,71,71,71,71,71,71,71,71,71,77,83,83,83,83,83],"card_choices":[{"not_picked":["Rip and Tear","Conserve Battery"],"picked":"Coolheaded","floor":1},{"not_picked":["Compile Driver","Steam Power"],"picked":"BootSequence","floor":2},{"not_picked":["Conserve Battery","Turbo","Scrape"],"picked":"SKIP","floor":3},{"not_picked":["Chill","Ball Lightning"],"picked":"Defragment","floor":5},{"not_picked":["Steam Power","Rebound","Doom and Gloom"],"picked":"SKIP","floor":7},{"not_picked":["Turbo","Hologram"],"picked":"Buffer","floor":10},{"not_picked":["Turbo","Coolheaded","Heatsinks"],"picked":"SKIP","floor":14},{"not_picked":["Biased Cognition","Thunder Strike"],"picked":"Seek","floor":16},{"not_picked":["Tempest","Stack"],"picked":"Cold Snap","floor":18},{"not_picked":["Turbo","Scrape","Chill"],"picked":"SKIP","floor":19},{"not_picked":["Leap","Sunder","Cold Snap"],"picked":"SKIP","floor":21},{"not_picked":["Hologram","Gash"],"picked":"Conserve Battery+1","floor":24},{"not_picked":["Go for the Eyes","Compile Driver","Hologram"],"picked":"SKIP","floor":29},{"not_picked":["Compile Driver","Rebound","Darkness"],"picked":"SKIP","floor":30}],"player_experience":541842,"relics_obtained":[{"floor":9,"key":"War Paint"},{"floor":14,"key":"Ancient Tea Set"},{"floor":22,"key":"Darkstone Periapt"},{"floor":26,"key":"Bag of Marbles"},{"floor":27,"key":"Shuriken"}],"event_choices":[{"event_name":"Upgrade Shrine","player_choice":"Upgraded","floor":11,"damage_taken":0},{"event_name":"World of Goop","player_choice":"Gather Gold","floor":12,"damage_taken":0},{"event_name":"Colosseum","player_choice":"Fight","floor":20,"damage_taken":0},{"event_name":"Colosseum","player_choice":"Fled From Nobs","floor":20,"damage_taken":0},{"event_name":"Wheel of Change","player_choice":"Relic","floor":22,"damage_taken":0}],"is_beta":false,"boss_relics":[{"not_picked":["Pandora\u0027s Box","Philosopher\u0027s Stone"],"picked":"Cursed Key"}],"items_purged_floors":[4,13],"is_endless":false,"potions_floor_spawned":[1,3,5,14,19,21,24,30],"killed_by":"Cultist and Chosen","ascension_level":15}