{"gold_per_floor":[212,212,137,137,65,65,65,83,83,98,98,116,139,139,139,238,238,256,281,297,297,320,320,345,345,345,345,345,358,358,358],"floor_reached":31,"playtime":1505,"items_purged":["Defend_B"],"score":431,"play_id":"3110d238-ab5b-4ccf-a5d3-68ceb3ff6f95","local_time":"20180925102327","is_ascension_mode":true,"campfire_choices":[{"data":"Zap","floor":6,"key":"SMITH"},{"floor":11,"key":"REST"},{"floor":15,"key":"REST"},{"floor":23,"key":"REST"},{"floor":25,"key":"REST"},{"floor":27,"key":"REST"},{"floor":30,"key":"REST"}],"neow_cost":"NONE","seed_source_timestamp":854619902284639,"circlet_count":0,"master_deck":["Strike_B+1","Strike_B+1","Strike_B+1","Strike_B+1","Defend_B+1","Defend_B+1","Defend_B+1","Zap+1","Dualcast","AscendersBane","Consume+1","Coolheaded","Echo Form+1","Cold Snap","White Noise","Biased Cognition+1","Reinforced Body","Reinforced Body","Tempest","Go for the Eyes","J.A.X.","Multi-Cast"],"relics":["Cracked Core","Golden Idol","Frozen Egg 2","Fusion Hammer","Regal Pillow"],"potions_floor_usage":[10,13,20,24,31],"damage_taken":[{"damage":2,"enemies":"Jaw Worm","floor":1,"turns":3},{"damage":10,"enemies":"2 Louse","floor":8,"turns":3},{"damage":5,"enemies":"Small Slimes","floor":10,"turns":2},{"damage":37,"enemies":"3 Louse","floor":12,"turns":4},{"damage":6,"enemies":"Large Slime","floor":13,"turns":4},{"damage":27,"enemies":"Slime Boss","floor":16,"turns":12},{"damage":0,"enemies":"Spheric Guardian","floor":18,"turns":6},{"damage":21,"enemies":"Chosen","floor":19,"turns":6},{"damage":7,"enemies":"3 Cultists","floor":20,"turns":6},{"damage":14,"enemies":"Snake Plant","floor":22,"turns":4},{"damage":19,"enemies":"Shelled Parasite and Fungi","floor":24,"turns":7},{"damage":31,"enemies":"Cultist and Chosen","floor":29,"turns":6},{"damage":66,"enemies":"Gremlin Leader","floor":31,"turns":7}],"seed_played":"3538123349783715688","potions_obtained":[{"floor":1,"key":"SneckoOil"},{"floor":10,"key":"Weak Potion"},{"floor":19,"key":"Swift Potion"},{"floor":20,"key":"Strength Potion"},{"floor":29,"key":"Strength Potion"}],"is_trial":false,"path_per_floor":["M","?","$","?","?","R","?","M","T","M","R","M","M","?","R","B",null,"M","M","M","?","M","R","M","R","T","R","?","M","R"],"character_chosen":"DEFECT","items_purchased":[],"campfire_rested":6,"item_purchase_floors":[],"current_hp_per_floor":[62,62,62,62,62,62,62,52,52,47,64,27,21,21,40,13,51,51,30,23,23,9,28,16,35,35,64,64,33,64,0],"gold":358,"neow_bonus":"HUNDRED_GOLD","is_prod":false,"is_daily":false,"chose_seed":false,"campfire_upgraded":1,"win_rate":0,"timestamp":1537863807,"path_taken":["M","?","$","?","?","R","?","M","T","M","R","M","?","?","R","BOSS","M","M","M","?","M","R","M","R","T","R","?","M","R","E"],"build_version":"2018-09-20","purchased_purges":1,"victory":false,"max_hp_per_floor":[71,71,71,64,64,64,64,64,64,64,64,64,64,64,64,64,64,64,64,64,64,64,64,64,64,64,64,64,64,64,64],"card_choices":[{"not_picked":["Fusion","Cold Snap"],"picked":"Consume","floor":1},{"not_picked":["Compile Driver","Gash"],"picked":"Coolheaded","floor":8},{"not_picked":["Recycle","Streamline"],"picked":"Echo Form+1","floor":10},{"not_picked":["Conserve Battery","Beam Cell"],"picked":"Cold Snap","floor":12},{"not_picked":["Genetic Algorithm","Steam"],"picked":"White Noise","floor":13},{"not_picked":["All For One","Hyperbeam"],"picked":"Biased Cognition+1","floor":16},{"not_picked":["Cold Snap","Heatsinks+1","Rebound"],"picked":"SKIP","floor":18},{"not_picked":["Go for the Eyes","Recycle"],"picked":"Reinforced Body","floor":19},{"not_picked":["Stack","Compile Driver"],"picked":"Reinforced Body","floor":20},{"not_picked":["Beam Cell","Sweeping Beam"],"picked":"Tempest","floor":22},{"not_picked":["Rebound","Compile Driver"],"picked":"Go for the Eyes","floor":24},{"not_picked":["Recycle","Ball Lightning"],"picked":"Multi-Cast","floor":29}],"player_experience":662075,"relics_obtained":[{"floor":9,"key":"Frozen Egg 2"},{"floor":26,"key":"Regal Pillow"}],"event_choices":[{"event_name":"Living Wall","player_choice":"Grow","floor":2,"damage_taken":0},{"event_name":"Golden Idol","player_choice":"Lose Max HP","floor":4,"damage_taken":0},{"event_name":"World of Goop","player_choice":"Left","floor":5,"damage_taken":0},{"event_name":"Liars Game","player_choice":"disagreed","floor":7,"damage_taken":0},{"event_name":"Scrap Ooze","player_choice":"unsuccessful","floor":14,"damage_taken":0},{"event_name":"Back to Basics","player_choice":"Simplicity","floor":21,"damage_taken":0},{"event_name":"Drug Dealer","player_choice":"Got JAX","floor":28,"damage_taken":0}],"is_beta":false,"boss_relics":[{"not_picked":["White Beast Statue","Philosopher\u0027s Stone"],"picked":"Fusion Hammer"}],"items_purged_floors":[3],"is_endless":false,"potions_floor_spawned":[1,10,19,20,29],"killed_by":"Gremlin Leader","ascension_level":18}