{"path_per_floor":["M","$","M","M","?","R","M","R","T","M","E","R","M","E","R","B",null,"M","$","M","M","?","R","?","E","T","M","M"],"character_chosen":"DEFECT","items_purchased":["EssenceOfSteel","Dark Shackles"],"gold_per_floor":[117,42,58,71,171,171,188,188,240,251,280,280,300,327,327,430,430,445,168,183,201,201,201,201,233,258,269,288,288],"floor_reached":29,"campfire_rested":2,"playtime":1104,"item_purchase_floors":[19,19],"current_hp_per_floor":[63,63,62,61,61,61,59,59,59,54,47,47,41,26,48,22,62,57,57,62,44,37,67,67,27,27,31,28,0],"items_purged":["Strike_B","Strike_B"],"gold":288,"score":373,"play_id":"500783ad-e22f-4c34-bf8a-733fb240ed4b","local_time":"20180524141657","is_prod":false,"is_daily":false,"chose_seed":false,"is_ascension_mode":true,"campfire_upgraded":3,"win_rate":0,"timestamp":1527164217,"campfire_choices":[{"data":"Dualcast","floor":6,"key":"SMITH"},{"data":"Static Discharge","floor":8,"key":"SMITH"},{"data":"Echo Form","floor":12,"key":"SMITH"},{"floor":15,"key":"REST"},{"floor":23,"key":"REST"}],"path_taken":["M","$","M","M","?","R","M","R","T","M","E","R","M","E","R","BOSS","M","$","M","M","?","R","?","E","T","M","M","M"],"build_version":"2018-05-23v2","seed_source_timestamp":10326318137443,"purchased_purges":2,"victory":false,"master_deck":["Strike_B","Strike_B","Defend_B","Defend_B","Defend_B","Defend_B","Zap+1","Dualcast+1","Leap","Lockon","Echo Form+1","Static Discharge+1","Go for the Eyes","Self Repair","Machine Learning","Ball Lightning","FTL","Reboot","Capacitor","Dark Shackles","Decay","Leap","Loop+1"],"max_hp_per_floor":[75,75,75,75,75,75,75,75,75,75,75,75,75,75,75,75,75,75,75,75,75,75,75,75,75,75,75,75,75],"relics":["Cracked Core","Dream Catcher","Anchor","Happy Flower","Eternal Feather","Matryoshka","Symbiotic Virus","Vajra"],"card_choices":[{"not_picked":["Storm","Compile Driver"],"picked":"Leap","floor":1},{"not_picked":["Glacier","Capacitor"],"picked":"Lockon","floor":3},{"not_picked":["Gash","Capacitor"],"picked":"Echo Form","floor":4},{"not_picked":["Turbo","Streamline"],"picked":"Static Discharge","floor":7},{"not_picked":["Beam Cell","Doom and Gloom"],"picked":"Go for the Eyes","floor":10},{"not_picked":["Heatsinks","Compile Driver"],"picked":"Self Repair","floor":11},{"not_picked":["Go for the Eyes","Redo"],"picked":"Machine Learning","floor":13},{"not_picked":["Streamline","Stack"],"picked":"Ball Lightning","floor":14},{"not_picked":["Rebound","Compile Driver"],"picked":"FTL","floor":15},{"not_picked":["Hyperbeam","Creative AI"],"picked":"Reboot","floor":16},{"not_picked":["Coolheaded","Ball Lightning"],"picked":"Capacitor","floor":18},{"not_picked":["White Noise","Ball Lightning","Heatsinks"],"picked":"SKIP","floor":20},{"not_picked":["Storm","Rebound","Compile Driver"],"picked":"SKIP","floor":21},{"not_picked":["Barrage","Creative AI","Beam Cell"],"picked":"SKIP","floor":25},{"not_picked":["Force Field+1","Beam Cell"],"picked":"Leap","floor":27},{"not_picked":["Sweeping Beam","Turbo"],"picked":"Loop+1","floor":28}],"player_experience":101442,"potions_floor_usage":[11,13,14,20,25,25,27,27],"damage_taken":[{"damage":5,"enemies":"Small Slimes","floor":1,"turns":3},{"damage":1,"enemies":"Cultist","floor":3,"turns":4},{"damage":1,"enemies":"2 Louse","floor":4,"turns":3},{"damage":2,"enemies":"2 Fungi Beasts","floor":7,"turns":3},{"damage":5,"enemies":"Red Slaver","floor":10,"turns":3},{"damage":7,"enemies":"Lagavulin","floor":11,"turns":5},{"damage":6,"enemies":"3 Louse","floor":13,"turns":3},{"damage":22,"enemies":"Gremlin Nob","floor":14,"turns":4},{"damage":33,"enemies":"Hexaghost","floor":16,"turns":6},{"damage":19,"enemies":"Shell Parasite","floor":18,"turns":6},{"damage":9,"enemies":"Spheric Guardian","floor":20,"turns":5},{"damage":18,"enemies":"Snake Plant","floor":21,"turns":3},{"damage":47,"enemies":"Gremlin Leader","floor":25,"turns":8},{"damage":10,"enemies":"Snecko","floor":27,"turns":4},{"damage":17,"enemies":"3 Cultists","floor":28,"turns":4},{"damage":28,"enemies":"Slaver and Parasite","floor":29,"turns":3}],"relics_obtained":[{"floor":9,"key":"Dream Catcher"},{"floor":11,"key":"Anchor"},{"floor":14,"key":"Happy Flower"},{"floor":25,"key":"Matryoshka"},{"floor":26,"key":"Symbiotic Virus"},{"floor":26,"key":"Vajra"}],"event_choices":[{"event_name":"Golden Shrine","player_choice":"Pray","floor":5,"damage_taken":0},{"event_name":"Wheel of Change","player_choice":"Damage","floor":22,"damage_taken":0},{"event_name":"Forgotten Altar","player_choice":"Smashed Altar","floor":24,"damage_taken":0}],"boss_relics":[{"not_picked":["Philosopher\u0027s Stone","Black Star"],"picked":"Eternal Feather"}],"items_purged_floors":[2,19],"potions_floor_spawned":[1,4,7,10,16,18,21,25],"seed_played":"1173211346886954408","killed_by":"Slaver and Parasite","ascension_level":9,"potions_obtained":[{"floor":1,"key":"Weak Potion"},{"floor":4,"key":"Fire Potion"},{"floor":7,"key":"LiquidBronze"},{"floor":10,"key":"GamblersBrew"},{"floor":16,"key":"Poison Potion"},{"floor":18,"key":"Weak Potion"},{"floor":21,"key":"Ancient Potion"},{"floor":25,"key":"Fire Potion"}],"is_trial":false}