{"path_per_floor":["M","?","M","M","?","R","E","R","T","?","E","M","M","M","R","B",null,"M","?","M","$","?","E","M","R","T","?","E","?","R","M","R","B",null,"M","?","?","M"],"character_chosen":"IRONCLAD","items_purchased":["Paper Frog","Combust","Dark Shackles"],"gold_per_floor":[110,110,126,146,111,111,154,154,154,154,198,223,237,262,262,351,389,413,413,434,49,49,83,102,102,125,50,86,186,186,205,205,300,300,321,654,654,674,674],"floor_reached":39,"campfire_rested":4,"playtime":2024,"current_hp_per_floor":[32,32,31,29,47,47,20,42,42,66,50,47,43,31,31,24,67,53,60,42,42,42,39,28,53,53,53,28,28,53,17,42,18,69,35,35,35,22,0],"items_purged":["Strike_R"],"gold":674,"score":774,"play_id":"eb2db115-434c-4b20-bb44-95b1d75b7998","local_time":"20180410111903","is_prod":false,"is_daily":false,"is_ascension_mode":true,"campfire_upgraded":2,"timestamp":1523351943,"path_taken":["M","?","?","M","?","R","E","R","T","?","E","M","M","?","R","BOSS","M","?","M","$","?","E","M","R","T","?","E","?","R","M","R","BOSS","M","?","?","M","M"],"build_version":"2018-04-05v2","purchased_purges":1,"victory":false,"master_deck":["Strike_R","Strike_R+1","Defend_R","Defend_R","Defend_R","Bash","AscendersBane","Reckless Charge","Brutality","Carnage","Armaments+1","Clash","Flame Barrier","Berserk+1","Rupture","Disarm","Pummel","Offering","Headbutt","Twin Strike+1","Battle Trance","Combust","Dark Shackles","Intimidate","Berserk","Rampage","Sword Boomerang","Shrug It Off+1","Feed","Mind Blast","Rampage+1"],"max_hp_per_floor":[80,74,74,74,74,74,74,74,74,74,74,74,74,74,74,74,79,79,86,86,86,86,86,86,86,86,86,86,86,86,86,86,86,86,86,86,86,89,89],"relics":["Black Blood","Centennial Puzzle","Dream Catcher","The Courier","Tiny House","Strawberry","Paper Frog","Bronze Scales","Ancient Tea Set","Sundial"],"card_choices":[{"not_picked":["Twin Strike","Warcry"],"picked":"Carnage","floor":1},{"not_picked":["Cleave","Twin Strike"],"picked":"Armaments","floor":3},{"not_picked":["Havoc","Anger"],"picked":"Clash","floor":4},{"not_picked":["Clash","Rage"],"picked":"Flame Barrier","floor":7},{"not_picked":["Dark Embrace","Shockwave"],"picked":"Berserk","floor":11},{"not_picked":["Armaments","Intimidate"],"picked":"Rupture","floor":12},{"not_picked":["Iron Wave","Body Slam"],"picked":"Disarm","floor":13},{"not_picked":["Perfected Strike","Rampage"],"picked":"Pummel","floor":14},{"not_picked":["Limit Break","Dark Embrace"],"picked":"Offering","floor":16},{"not_picked":["Clash","Bloodletting"],"picked":"Headbutt","floor":17},{"not_picked":["Thunderclap","Clash"],"picked":"Twin Strike","floor":18},{"not_picked":["Clothesline","Iron Wave"],"picked":"Battle Trance","floor":20},{"not_picked":["Armaments","Clothesline"],"picked":"Intimidate","floor":25},{"not_picked":["Headbutt","Bloodletting"],"picked":"Berserk","floor":28},{"not_picked":["Armaments","Sword Boomerang"],"picked":"Rampage","floor":30},{"not_picked":["Uppercut","Sever Soul"],"picked":"Sword Boomerang","floor":31},{"not_picked":["Pommel Strike","Uppercut"],"picked":"Shrug It Off","floor":35},{"not_picked":["Whirlwind","Sever Soul"],"picked":"Rampage","floor":38}],"player_experience":277005,"potions_floor_usage":[16,16,23,24,28,35],"damage_taken":[{"damage":10,"enemies":"Small Slimes","floor":1,"turns":4},{"damage":7,"enemies":"2 Louse","floor":3,"turns":3},{"damage":8,"enemies":"Jaw Worm","floor":4,"turns":2},{"damage":33,"enemies":"3 Sentries","floor":7,"turns":9},{"damage":22,"enemies":"Gremlin Nob","floor":11,"turns":4},{"damage":9,"enemies":"Exordium Thugs","floor":12,"turns":5},{"damage":10,"enemies":"2 Fungi Beasts","floor":13,"turns":4},{"damage":18,"enemies":"Blue Slaver","floor":14,"turns":4},{"damage":19,"enemies":"The Guardian","floor":16,"turns":7},{"damage":20,"enemies":"Shell Parasite","floor":18,"turns":4},{"damage":24,"enemies":"2 Thieves","floor":20,"turns":4},{"damage":9,"enemies":"Gremlin Leader","floor":23,"turns":5},{"damage":17,"enemies":"Chosen and Byrds","floor":24,"turns":5},{"damage":37,"enemies":"Book of Stabbing","floor":28,"turns":4},{"damage":42,"enemies":"Snecko","floor":31,"turns":5},{"damage":30,"enemies":"Champ","floor":33,"turns":8},{"damage":44,"enemies":"3 Darklings","floor":35,"turns":5},{"damage":26,"enemies":"3 Shapes","floor":38,"turns":6},{"damage":24,"enemies":"Maw","floor":39,"turns":2}],"event_choices":[{"event_name":"Golden Idol","player_choice":"Lose Max HP","floor":2,"damage_taken":0},{"event_name":"The Cleric","player_choice":"Healed","floor":5,"damage_taken":0},{"event_name":"Big Fish","player_choice":"Banana","floor":10,"damage_taken":0},{"event_name":"The Mausoleum","player_choice":"Yes","floor":19,"damage_taken":0},{"event_name":"Addict","player_choice":"Ignored","floor":22,"damage_taken":0},{"event_name":"Beggar","player_choice":"Gave Gold","floor":27,"damage_taken":0},{"event_name":"Golden Shrine","player_choice":"Pray","floor":29,"damage_taken":0},{"event_name":"The Moai Head","player_choice":"Gave Idol","floor":36,"damage_taken":0},{"event_name":"Match and Keep!","player_choice":"2 cards matched","floor":37,"damage_taken":0}],"boss_relics":[{"not_picked":["White Beast Statue","Runic Dome"],"picked":"Tiny House"},{"not_picked":["Philosopher\u0027s Stone","Astrolabe"],"picked":"Black Blood"}],"potions_floor_spawned":[4,7,12,14,16,18,20,31,35],"seed_played":"3820606562944975547","killed_by":"Maw","ascension_level":13,"is_trial":false}