{"gold_per_floor":[118,128,128,128,128,128,160,179,255,255,287,237,237,15,15,112,112,98,13,31,45,61,61,77,77,77,93,93,104,124,136,136,241,241,254,2,2,2,22,22,34,45,68,68,83,101,101,26,26,26],"floor_reached":50,"playtime":2924,"items_purged":["Normality"],"score":481,"play_id":"5ef91f58-103c-42db-ad7f-b8c5cc10573d","local_time":"20180722224913","is_ascension_mode":false,"campfire_choices":[{"data":"Neutralize","floor":6,"key":"SMITH"},{"floor":10,"key":"REST"},{"data":"Distraction","floor":13,"key":"SMITH"},{"floor":15,"key":"REST"},{"data":"Envenom","floor":23,"key":"SMITH"},{"floor":25,"key":"REST"},{"floor":28,"key":"REST"},{"floor":32,"key":"REST"},{"data":"Adrenaline","floor":40,"key":"SMITH"},{"floor":49,"key":"REST"}],"neow_cost":"CURSE","seed_source_timestamp":1029265642820425,"circlet_count":0,"master_deck":["Defend_G","Defend_G","Defend_G","Defend_G","Defend_G+1","Strike_G","Strike_G","Strike_G","Strike_G","Strike_G","Survivor+1","Neutralize+1","Expertise","Bouncing Flask+1","Distraction","Poisoned Stab","Distraction+1","Noxious Fumes","Envenom+1","Poisoned Stab","Flying Knee","Flying Knee","Well Laid Plans","Well Laid Plans","Backstab","Glass Knife","Deflect","Backstab+1","Cloak And Dagger","Adrenaline+1","Deflect","All Out Attack","Predator","Envenom","Endless Agony+1","Bane","Outmaneuver","Dodge and Roll+1","Poisoned Stab+1","Endless Agony+1","Blade Dance"],"relics":["Ring of the Snake","War Paint","Boot","Mercury Hourglass","Nunchaku","Happy Flower","Orrery","Regal Pillow","Paper Crane","Eternal Feather","Orichalcum","Potion Belt","Mummified Hand"],"potions_floor_usage":[11,11,21,21,33,33,33,35,42,42,45],"damage_taken":[{"damage":3,"enemies":"2 Louse","floor":1,"turns":3},{"damage":12,"enemies":"Small Slimes","floor":2,"turns":5},{"damage":22,"enemies":"Gremlin Nob","floor":7,"turns":4},{"damage":7,"enemies":"Jaw Worm","floor":8,"turns":4},{"damage":16,"enemies":"Lagavulin","floor":11,"turns":5},{"damage":30,"enemies":"Slime Boss","floor":16,"turns":10},{"damage":6,"enemies":"2 Thieves","floor":18,"turns":4},{"damage":10,"enemies":"Chosen","floor":20,"turns":3},{"damage":6,"enemies":"Snecko","floor":21,"turns":3},{"damage":10,"enemies":"Chosen and Byrds","floor":22,"turns":4},{"damage":14,"enemies":"3 Cultists","floor":24,"turns":5},{"damage":28,"enemies":"Slaver and Parasite","floor":27,"turns":6},{"damage":6,"enemies":"Snake Plant","floor":29,"turns":3},{"damage":13,"enemies":"Centurion and Healer","floor":30,"turns":5},{"damage":0,"enemies":"Sentry and Sphere","floor":31,"turns":4},{"damage":91,"enemies":"Automaton","floor":33,"turns":9},{"damage":49,"enemies":"3 Darklings","floor":35,"turns":5},{"damage":13,"enemies":"Flame Bruiser 1 Orb","floor":39,"turns":5},{"damage":33,"enemies":"Sphere and 2 Shapes","floor":41,"turns":6},{"damage":7,"enemies":"Maw","floor":42,"turns":7},{"damage":8,"enemies":"3 Darklings","floor":45,"turns":5},{"damage":31,"enemies":"Flame Bruiser 2 Orb","floor":46,"turns":5},{"damage":70,"enemies":"Time Eater","floor":50,"turns":10}],"seed_played":"4559090854452050512","potions_obtained":[{"floor":7,"key":"SteroidPotion"},{"floor":8,"key":"LiquidBronze"},{"floor":16,"key":"Dexterity Potion"},{"floor":18,"key":"Swift Potion"},{"floor":20,"key":"Fire Potion"},{"floor":27,"key":"Weak Potion"},{"floor":31,"key":"Regen Potion"},{"floor":33,"key":"Regen Potion"},{"floor":41,"key":"Fire Potion"},{"floor":42,"key":"FearPotion"}],"is_trial":false,"path_per_floor":["M","M","?","?","?","R","E","M","T","R","E","?","R","$","R","B",null,"M","?","M","M","M","R","M","R","T","M","R","M","M","M","R","B",null,"M","$","?","$","M","R","M","M","T","?","M","M","?","$","R"],"character_chosen":"THE_SILENT","items_purchased":["Happy Flower","Noxious Fumes","Orichalcum","Bane","GhostInAJar"],"campfire_rested":6,"item_purchase_floors":[14,14,36,36,36],"current_hp_per_floor":[81,69,69,69,69,69,47,40,40,65,49,49,49,49,74,44,84,78,78,68,62,52,52,38,78,78,50,84,78,65,65,84,8,84,47,47,84,84,71,84,51,44,44,44,36,5,5,5,69,0],"gold":26,"neow_bonus":"TWENTY_PERCENT_HP_BONUS","is_prod":false,"is_daily":false,"chose_seed":false,"campfire_upgraded":4,"win_rate":0,"timestamp":1532292553,"path_taken":["M","M","?","?","?","R","E","M","T","R","E","?","R","$","R","BOSS","M","?","M","M","?","R","M","R","T","M","R","M","M","?","R","BOSS","M","$","?","$","M","R","M","M","T","?","M","M","?","?","R","BOSS"],"build_version":"2018-07-19v2","purchased_purges":1,"victory":false,"max_hp_per_floor":[84,84,84,84,84,84,84,84,84,84,84,84,84,84,84,84,84,84,84,84,84,84,84,84,84,84,84,84,84,84,84,84,84,84,84,84,84,84,84,84,84,84,84,84,84,84,84,84,84,84],"card_choices":[{"not_picked":["Dodge and Roll","Prepared"],"picked":"Expertise","floor":1},{"not_picked":["Dagger Throw","Acrobatics"],"picked":"Bouncing Flask","floor":2},{"not_picked":["Masterful Stab","Crippling Poison"],"picked":"Distraction","floor":7},{"not_picked":["Dodge and Roll","Dagger Throw"],"picked":"Poisoned Stab","floor":8},{"not_picked":["Blur","Slice"],"picked":"Distraction","floor":11},{"not_picked":["Phantasmal Killer","Die Die Die"],"picked":"Envenom","floor":16},{"not_picked":["Flechettes","Tactician"],"picked":"Poisoned Stab","floor":17},{"not_picked":["Sucker Punch","Backstab"],"picked":"Flying Knee","floor":17},{"not_picked":["PiercingWail","Slice"],"picked":"Flying Knee","floor":17},{"not_picked":["Sucker Punch","Footwork"],"picked":"Well Laid Plans","floor":17},{"not_picked":["Acrobatics","Backflip"],"picked":"Well Laid Plans","floor":17},{"not_picked":["Prepared+1","Dagger Throw"],"picked":"Backstab","floor":18},{"not_picked":["Predator","Prepared"],"picked":"Glass Knife","floor":20},{"not_picked":["Sucker Punch+1","Acrobatics+1"],"picked":"Deflect","floor":21},{"not_picked":["Flying Knee+1","Slice"],"picked":"Backstab+1","floor":22},{"not_picked":["Prepared","Bane"],"picked":"Cloak And Dagger","floor":24},{"not_picked":["Masterful Stab+1","Acrobatics"],"picked":"Adrenaline","floor":27},{"not_picked":["Underhanded Strike","Well Laid Plans"],"picked":"Deflect","floor":29},{"not_picked":["Slice","Malaise"],"picked":"All Out Attack","floor":30},{"not_picked":["Quick Slash","Dagger Throw"],"picked":"Predator","floor":31},{"not_picked":["Wraith Form v2","Tools of the Trade"],"picked":"Envenom","floor":33},{"not_picked":["Underhanded Strike+1","Sucker Punch+1"],"picked":"Endless Agony+1","floor":35},{"not_picked":["Leg Sweep","Prepared+1"],"picked":"Outmaneuver","floor":39},{"not_picked":["Sucker Punch","Outmaneuver"],"picked":"Dodge and Roll+1","floor":41},{"not_picked":["Underhanded Strike","Dagger Throw"],"picked":"Poisoned Stab+1","floor":42},{"not_picked":["Expertise+1","Dodge and Roll"],"picked":"Endless Agony+1","floor":45},{"not_picked":["Prepared","Footwork+1"],"picked":"Blade Dance","floor":46}],"player_experience":76776,"relics_obtained":[{"floor":7,"key":"Boot"},{"floor":9,"key":"Mercury Hourglass"},{"floor":11,"key":"Nunchaku"},{"floor":26,"key":"Paper Crane"},{"floor":43,"key":"Potion Belt"}],"event_choices":[{"event_name":"Living Wall","player_choice":"Forget","floor":3,"damage_taken":0},{"event_name":"Big Fish","player_choice":"Box","floor":4,"damage_taken":0},{"event_name":"Upgrade Shrine","player_choice":"Upgraded","floor":5,"damage_taken":0},{"event_name":"The Cleric","player_choice":"Card Removal","floor":12,"damage_taken":0},{"event_name":"Addict","player_choice":"Obtained Relic","floor":19,"damage_taken":0},{"event_name":"Wheel of Change","player_choice":"Full Heal","floor":37,"damage_taken":0},{"event_name":"Mysterious Sphere","player_choice":"Ignore","floor":44,"damage_taken":0},{"event_name":"Accursed Blacksmith","player_choice":"Rummage","floor":47,"damage_taken":0}],"is_beta":false,"boss_relics":[{"not_picked":["Runic Dome","Ectoplasm"],"picked":"Orrery"},{"not_picked":["Fusion Hammer","Velvet Choker"],"picked":"Eternal Feather"}],"items_purged_floors":[48],"is_endless":false,"potions_floor_spawned":[7,8,16,18,20,27,31,33,41,42],"killed_by":"Time Eater","ascension_level":0}