{"gold_per_floor":[114,133,133,58,70,70,84,84,165,177,194,213,248,265,265,265],"floor_reached":16,"playtime":516,"items_purged":["Pain"],"score":106,"play_id":"1d44bd6c-ade7-4ad1-b812-216156d664c2","local_time":"20190326182140","is_ascension_mode":false,"campfire_choices":[{"data":"Shrug It Off","floor":15,"key":"SMITH"}],"neow_cost":"NONE","seed_source_timestamp":74719901100846,"circlet_count":0,"master_deck":["Strike_R","Strike_R","Strike_R","Strike_R","Strike_R","Defend_R","Defend_R","Defend_R","Defend_R","Bash","Shrug It Off+1"],"relics":["Burning Blood","NeowsBlessing","WarpedTongs","Tiny Chest","Bag of Marbles"],"potions_floor_usage":[13,14],"damage_taken":[{"damage":0,"enemies":"Jaw Worm","floor":1,"turns":1},{"damage":0,"enemies":"Cultist","floor":2,"turns":1},{"damage":0,"enemies":"Small Slimes","floor":5,"turns":1},{"damage":6,"enemies":"Blue Slaver","floor":7,"turns":4},{"damage":4,"enemies":"3 Louse","floor":10,"turns":4},{"damage":23,"enemies":"2 Fungi Beasts","floor":11,"turns":4},{"damage":4,"enemies":"Large Slime","floor":12,"turns":9},{"damage":23,"enemies":"Lagavulin","floor":13,"turns":7},{"damage":4,"enemies":"Gremlin Gang","floor":14,"turns":3},{"damage":0,"enemies":"Slime Boss","floor":16,"turns":1}],"seed_played":"8833516593922422931","potions_obtained":[{"floor":1,"key":"Strength Potion"},{"floor":2,"key":"Explosive Potion"},{"floor":10,"key":"Energy Potion"},{"floor":13,"key":"Regen Potion"}],"is_trial":false,"path_per_floor":["M","M","?","$","M","$","M","?","T","M","M","M","E","M","R","B"],"character_chosen":"IRONCLAD","items_purchased":[],"campfire_rested":0,"item_purchase_floors":[],"current_hp_per_floor":[80,80,80,80,80,80,80,85,85,85,68,70,53,55,55,55],"gold":265,"neow_bonus":"THREE_ENEMY_KILL","is_prod":false,"is_daily":false,"chose_seed":false,"campfire_upgraded":1,"win_rate":0,"timestamp":1553638900,"path_taken":["M","M","?","$","?","$","M","?","T","M","M","M","E","M","R","BOSS"],"build_version":"2019-01-23","purchased_purges":1,"victory":false,"max_hp_per_floor":[80,80,80,80,80,80,80,85,85,85,85,85,85,85,85,85],"card_choices":[{"not_picked":["Inflame","Perfected Strike"],"picked":"Shrug It Off","floor":1},{"not_picked":["Heavy Blade","Havoc","Anger"],"picked":"SKIP","floor":2},{"not_picked":["Wild Strike","Clothesline","Fire Breathing"],"picked":"SKIP","floor":5},{"not_picked":["Cleave","Havoc","Pommel Strike"],"picked":"SKIP","floor":7},{"not_picked":["Twin Strike","Clash","Havoc"],"picked":"SKIP","floor":10},{"not_picked":["Twin Strike","Seeing Red","Carnage"],"picked":"SKIP","floor":11},{"not_picked":["Headbutt","Juggernaut","Warcry"],"picked":"SKIP","floor":12},{"not_picked":["Clash","Impervious","Wild Strike"],"picked":"SKIP","floor":13},{"not_picked":["Cleave","Iron Wave","Searing Blow"],"picked":"SKIP","floor":14}],"player_experience":753016,"relics_obtained":[{"floor":9,"key":"Tiny Chest"},{"floor":13,"key":"Bag of Marbles"}],"event_choices":[{"damage_healed":0,"gold_gain":0,"player_choice":"Rummage","damage_taken":0,"relics_obtained":["WarpedTongs"],"max_hp_gain":0,"max_hp_loss":0,"event_name":"Accursed Blacksmith","floor":3,"gold_loss":0,"cards_obtained":["Pain"]},{"damage_healed":0,"gold_gain":0,"player_choice":"Donut","damage_taken":0,"max_hp_gain":5,"max_hp_loss":0,"event_name":"Big Fish","floor":8,"gold_loss":0}],"is_beta":false,"boss_relics":[],"items_purged_floors":[4],"is_endless":false,"potions_floor_spawned":[1,2,10,13],"killed_by":"Slime Boss","ascension_level":0}