{"path_per_floor":["M","?","?","M","?","E","$","R","T","R","M","M","M","?","R"],"character_chosen":"THE_SILENT","items_purchased":[],"gold_per_floor":[112,112,112,130,130,155,80,80,80,80,96,110,129,129,129,129],"floor_reached":16,"campfire_rested":0,"playtime":691,"current_hp_per_floor":[60,60,53,52,52,14,14,14,24,24,22,22,22,22,22,0],"items_purged":["Strike_G"],"gold":129,"score":145,"play_id":"cfa3e213-0798-4bf4-abd3-312d48f84cfb","local_time":"20180410174130","is_prod":false,"is_daily":false,"is_ascension_mode":true,"campfire_upgraded":0,"timestamp":1523374890,"path_taken":["M","?","?","?","?","E","?","R","T","R","M","?","M","?","R","BOSS"],"build_version":"2018-04-05v2","purchased_purges":1,"victory":false,"master_deck":["Defend_G","Defend_G","Strike_G","Survivor","Neutralize","A Thousand Cuts","Dagger Spray","Escape Plan","Backstab","Cloak And Dagger","Sucker Punch","Blade Dance","Prepared"],"max_hp_per_floor":[63,63,63,63,63,63,63,63,73,73,73,73,73,73,73,73],"relics":["Ring of the Snake","Peace Pipe","Pear"],"card_choices":[{"not_picked":["Corpse Explosion","Envenom"],"picked":"A Thousand Cuts","floor":0},{"not_picked":["Outmaneuver","Sucker Punch"],"picked":"Dagger Spray","floor":1},{"not_picked":["Quick Slash","Slice"],"picked":"Escape Plan","floor":4},{"not_picked":["Deflect","Noxious Fumes"],"picked":"Cloak And Dagger","floor":11},{"not_picked":["Prepared","Dodge and Roll"],"picked":"Sucker Punch","floor":12},{"not_picked":["Quick Slash","Flying Knee"],"picked":"Blade Dance","floor":13}],"player_experience":283870,"potions_floor_usage":[6,6,12,16,16],"damage_taken":[{"damage":3,"enemies":"Small Slimes","floor":1,"turns":5},{"damage":1,"enemies":"Cultist","floor":4,"turns":4},{"damage":38,"enemies":"Lagavulin","floor":6,"turns":8},{"damage":2,"enemies":"Jaw Worm","floor":11,"turns":4},{"damage":0,"enemies":"Large Slime","floor":12,"turns":4},{"damage":0,"enemies":"Exordium Wildlife","floor":13,"turns":3},{"damage":23,"enemies":"Hexaghost","floor":16,"turns":11}],"event_choices":[{"event_name":"The Lab","player_choice":"Got Potions","floor":2,"damage_taken":0},{"event_name":"Golden Wing","player_choice":"Card Removal","floor":3,"damage_taken":0},{"event_name":"Transmorgrifier","player_choice":"Transform","floor":5,"damage_taken":0},{"event_name":"Living Wall","player_choice":"Change","floor":14,"damage_taken":0}],"boss_relics":[],"potions_floor_spawned":[11,12,13],"seed_played":"-8551840742635712824","killed_by":"Hexaghost","ascension_level":9,"is_trial":false}