{"gold_per_floor":[114,129,144,159,174,174,174,189,189,219,234,264,264,264,264,364,364,379,379,379,394,594,624,624,639,639,669,162,162,177,207,207,307,307,622,637,197,197,212,234,264,264,264,294,294,339,369,384,384,384],"floor_reached":51,"playtime":2629,"items_purged":["Strike_R+1","Strike_R+1"],"score":1112,"play_id":"8eeb5dfb-741c-494c-a9b8-41d1b731295f","local_time":"20180707101140","daily_mods":["Brewmaster","Time Dilation","Vintage"],"is_ascension_mode":false,"campfire_choices":[{"data":"Strike_R","floor":7,"key":"SMITH"},{"data":"Whirlwind","floor":13,"key":"SMITH"},{"data":"Strike_R","floor":15,"key":"SMITH"},{"data":"Heavy Blade","floor":32,"key":"SMITH"},{"data":"Venomology","floor":42,"key":"SMITH"},{"data":"Venomology","floor":49,"key":"SMITH"}],"neow_cost":"","seed_source_timestamp":0,"circlet_count":0,"master_deck":["Strike_R+1","Strike_R+1","Strike_R+1","Defend_R+1","Defend_R+1","Defend_R+1","Defend_R+1","Bash+1","Venomology+1","Venomology+1","Venomology+1","Venomology+1","Whirlwind+1","Demon Form+1","Heavy Blade+1","Flex+1","Limit Break+1","Secret Weapon+1","Heavy Blade+1","Feed+1","Madness+1","Madness+1","Seeing Red+1","Flex+1"],"special_seed":17719,"relics":["Burning Blood","White Beast Statue","Ornamental Fan","Anchor","Du-Vu Doll","Lantern","Art of War","Letter Opener","Magic Flower","Vajra","Toxic Egg 2","Blue Candle","Strawberry","The Courier","Mark of Pain","Singing Bowl","NlothsMask","Kunai","Juzu Bracelet","Blood Vial","Red Mask","Toy Ornithopter","Molten Egg 2","Pen Nib","Oddly Smooth Stone","Cursed Key","Old Coin","Mercury Hourglass","Ice Cream","Ancient Tea Set","Omamori","Sundial","Happy Flower","Gambling Chip","Meat on the Bone","Tiny Chest","War Paint","Bag of Marbles"],"potions_floor_usage":[1,2,2,2,3,4,4,5,5,5,8,10,10,10,10,11,11,12,12,16,16,16,16,16,18,18,18,21,21,21,23,23,23,25,25,25,25,25,27,27,27,30,30,30,31,31,31,33,33,33,33,33,35,36,39,40,40,40,40,41,41,41,41,41,44,44,44,46,46,47,48,50,50,50,50,50,50,50],"damage_taken":[{"damage":10,"enemies":"Jaw Worm","floor":1,"turns":5},{"damage":0,"enemies":"Small Slimes","floor":2,"turns":2},{"damage":0,"enemies":"2 Louse","floor":3,"turns":2},{"damage":24,"enemies":"Blue Slaver","floor":4,"turns":4},{"damage":9,"enemies":"2 Fungi Beasts","floor":5,"turns":2},{"damage":0,"enemies":"Looter","floor":8,"turns":2},{"damage":16,"enemies":"3 Sentries","floor":10,"turns":6},{"damage":0,"enemies":"Large Slime","floor":11,"turns":2},{"damage":14,"enemies":"Gremlin Nob","floor":12,"turns":3},{"damage":0,"enemies":"Slime Boss","floor":16,"turns":8},{"damage":0,"enemies":"2 Thieves","floor":18,"turns":3},{"damage":0,"enemies":"Spheric Guardian","floor":21,"turns":3},{"damage":27,"enemies":"Book of Stabbing","floor":23,"turns":5},{"damage":3,"enemies":"Snake Plant","floor":25,"turns":3},{"damage":7,"floor":27,"turns":3},{"damage":0,"enemies":"Chosen and Byrds","floor":30,"turns":3},{"damage":38,"enemies":"Gremlin Leader","floor":31,"turns":6},{"damage":0,"enemies":"Champ","floor":33,"turns":6},{"damage":0,"enemies":"3 Darklings","floor":35,"turns":2},{"damage":0,"enemies":"Orb Walker","floor":36,"turns":3},{"damage":0,"enemies":"Sphere and 2 Shapes","floor":39,"turns":3},{"damage":0,"floor":40,"turns":2},{"damage":0,"enemies":"Giant Head","floor":41,"turns":4},{"damage":0,"enemies":"2 Orb Walkers","floor":44,"turns":2},{"damage":7,"enemies":"Maw","floor":46,"turns":3},{"damage":31,"enemies":"Nemesis","floor":47,"turns":3},{"damage":0,"enemies":"3 Darklings","floor":48,"turns":2},{"damage":23,"enemies":"Donu and Deca","floor":50,"turns":4}],"seed_played":"-5610983590349585426","potions_obtained":[{"floor":1,"key":"Energy Potion"},{"floor":2,"key":"LiquidBronze"},{"floor":4,"key":"SkillPotion"},{"floor":5,"key":"LiquidBronze"},{"floor":10,"key":"Energy Potion"},{"floor":11,"key":"Strength Potion"},{"floor":12,"key":"Fire Potion"},{"floor":16,"key":"SpeedPotion"},{"floor":18,"key":"Energy Potion"},{"floor":21,"key":"Regen Potion"},{"floor":23,"key":"Regen Potion"},{"floor":25,"key":"AttackPotion"},{"floor":27,"key":"Dexterity Potion"},{"floor":30,"key":"Regen Potion"},{"floor":31,"key":"EssenceOfSteel"},{"floor":33,"key":"Explosive Potion"},{"floor":35,"key":"Weak Potion"},{"floor":40,"key":"Ancient Potion"},{"floor":41,"key":"SneckoOil"},{"floor":46,"key":"Weak Potion"},{"floor":47,"key":"Fruit Juice"}],"is_trial":false,"path_per_floor":["M","M","M","M","M","?","R","M","T","E","M","E","R","?","R","B",null,"M","?","?","M","?","E","?","M","T","?","$","?","M","E","R","B",null,"M","M","$","?","M","?","E","R","T","E","?","M","E","M","R","B"],"character_chosen":"IRONCLAD","items_purchased":["Toy Ornithopter","Limit Break+1","Secret Weapon+1","Ice Cream","Ancient Tea Set"],"campfire_rested":0,"item_purchase_floors":[28,28,28,37,37],"current_hp_per_floor":[76,80,80,78,75,75,75,80,80,73,80,75,75,79,79,87,87,87,87,87,87,87,69,69,87,87,87,87,87,87,81,81,87,87,87,87,87,76,91,97,101,101,101,101,101,101,107,112,112,103],"gold":384,"neow_bonus":"","is_prod":false,"is_daily":true,"chose_seed":false,"campfire_upgraded":6,"win_rate":0,"timestamp":1530983500,"path_taken":["M","M","M","M","M","?","R","M","T","E","M","E","R","?","R","BOSS","M","?","?","M","?","E","?","M","T","?","$","?","M","E","R","BOSS","M","M","$","?","M","?","E","R","T","E","?","M","E","M","R","BOSS"],"build_version":"2018-07-05","purchased_purges":2,"victory":true,"max_hp_per_floor":[80,80,80,80,80,80,80,80,80,80,80,80,80,87,87,87,87,87,87,87,87,87,87,87,87,87,87,87,87,87,87,87,87,87,87,87,87,87,91,97,101,101,101,101,101,101,107,112,112,112],"card_choices":[{"not_picked":["Havoc","Rupture","Perfected Strike"],"picked":"SKIP","floor":10},{"not_picked":["Disarm+1","Clothesline"],"picked":"Whirlwind","floor":12},{"not_picked":["Fiend Fire","Dark Embrace"],"picked":"Demon Form","floor":16},{"not_picked":["Pummel","Demon Form"],"picked":"Heavy Blade","floor":23},{"not_picked":["Havoc+1","Warcry+1"],"picked":"Flex+1","floor":27},{"not_picked":["Iron Wave+1","Bludgeon+1"],"picked":"Heavy Blade+1","floor":31},{"not_picked":["Offering+1","Berserk"],"picked":"Feed+1","floor":33},{"not_picked":["Infernal Blade+1","Cleave+1","Corruption"],"picked":"Singing Bowl","floor":40},{"not_picked":["Anger+1","Armaments+1"],"picked":"Seeing Red+1","floor":41},{"not_picked":["Seeing Red+1","Searing Blow+1"],"picked":"Flex+1","floor":44},{"not_picked":["True Grit+1","Fiend Fire+1","Anger+1"],"picked":"Singing Bowl","floor":47}],"player_experience":353909,"relics_obtained":[{"floor":1,"key":"Ornamental Fan"},{"floor":2,"key":"Anchor"},{"floor":3,"key":"Du-Vu Doll"},{"floor":4,"key":"Lantern"},{"floor":5,"key":"Art of War"},{"floor":8,"key":"Letter Opener"},{"floor":9,"key":"Magic Flower"},{"floor":10,"key":"Vajra"},{"floor":11,"key":"Toxic Egg 2"},{"floor":12,"key":"Blue Candle"},{"floor":16,"key":"The Courier"},{"floor":18,"key":"Singing Bowl"},{"floor":21,"key":"Kunai"},{"floor":23,"key":"Juzu Bracelet"},{"floor":25,"key":"Blood Vial"},{"floor":27,"key":"Red Mask"},{"floor":30,"key":"Molten Egg 2"},{"floor":31,"key":"Pen Nib"},{"floor":33,"key":"Oddly Smooth Stone"},{"floor":35,"key":"Old Coin"},{"floor":36,"key":"Mercury Hourglass"},{"floor":39,"key":"Omamori"},{"floor":40,"key":"Sundial"},{"floor":41,"key":"Happy Flower"},{"floor":43,"key":"Gambling Chip"},{"floor":44,"key":"Meat on the Bone"},{"floor":46,"key":"Tiny Chest"},{"floor":47,"key":"War Paint"},{"floor":48,"key":"Bag of Marbles"}],"event_choices":[{"event_name":"Living Wall","player_choice":"Grow","floor":6,"damage_taken":0},{"event_name":"Scrap Ooze","player_choice":"success","floor":14,"damage_taken":3},{"event_name":"Back to Basics","player_choice":"Simplicity","floor":19,"damage_taken":0},{"event_name":"FaceTrader","player_choice":"Trade","floor":20,"damage_taken":0},{"event_name":"The Joust","player_choice":"Bet on Owner","floor":22,"damage_taken":0},{"event_name":"Upgrade Shrine","player_choice":"Upgraded","floor":24,"damage_taken":0},{"event_name":"Masked Bandits","player_choice":"Fought over 639 gold","floor":27,"damage_taken":0},{"event_name":"Vampires","player_choice":"Ignored","floor":29,"damage_taken":0},{"event_name":"Winding Halls","player_choice":"Embrace Madness","floor":38,"damage_taken":0},{"event_name":"Mysterious Sphere","player_choice":"Fight","floor":40,"damage_taken":0},{"event_name":"Falling","player_choice":"Removed Skill","floor":45,"damage_taken":0}],"boss_relics":[{"not_picked":["Tiny House","Eternal Feather"],"picked":"Mark of Pain"},{"not_picked":["Astrolabe","Velvet Choker"],"picked":"Cursed Key"}],"items_purged_floors":[28,37],"is_endless":false,"potions_floor_spawned":[1,2,3,4,5,8,10,11,12,16,18,21,23,25,27,30,31,33,35,36,39,40,41,44,46,47,48],"ascension_level":0}