{"path_per_floor":["M","M","?","?","M","E","$","E","T","M","M","$","R","E","R","B",null,"M","M","?","M","$","R"],"character_chosen":"DEFECT","items_purchased":["Self Repair","Self Repair"],"gold_per_floor":[15,29,29,29,44,71,1,27,27,44,64,27,27,53,53,151,151,167,178,178,198,123,123,123],"floor_reached":24,"campfire_rested":0,"playtime":877,"item_purchase_floors":[7,12],"current_hp_per_floor":[73,72,72,72,72,59,59,56,56,44,31,31,31,33,33,20,75,75,75,75,41,41,41,0],"items_purged":["Strike_B"],"gold":123,"score":259,"play_id":"55771ea8-3163-4afb-873c-0706780725d6","local_time":"20180531232710","is_prod":false,"is_daily":false,"chose_seed":false,"is_ascension_mode":true,"campfire_upgraded":3,"win_rate":0,"timestamp":1527823630,"campfire_choices":[{"data":"Loop","floor":13,"key":"SMITH"},{"data":"Defragment","floor":15,"key":"SMITH"},{"data":"Dualcast","floor":23,"key":"SMITH"}],"path_taken":["M","M","?","?","M","E","?","E","T","M","M","$","R","E","R","BOSS","M","M","?","M","$","R","E"],"build_version":"2018-05-30v2","seed_source_timestamp":294437209317532,"purchased_purges":1,"victory":false,"master_deck":["Strike_B","Strike_B","Strike_B","Defend_B","Defend_B","Zap+1","Dualcast+1","Go for the Eyes","Conserve Battery","Loop+1","Sweeping Beam","Self Repair","Capacitor","Defragment+1","Go for the Eyes","Self Repair","Biased Cognition","Machine Learning","Beam Cell","Reprogram","Coolheaded"],"max_hp_per_floor":[75,75,75,75,75,75,75,75,75,75,75,75,75,75,75,75,75,75,75,75,75,75,75,75],"relics":["Bag of Marbles","Symbiotic Virus","Bag of Preparation","Letter Opener","Philosopher\u0027s Stone","Nloth\u0027s Gift"],"card_choices":[{"not_picked":["Compile Driver","Steam"],"picked":"Go for the Eyes","floor":1},{"not_picked":["Hyperbeam","Storm"],"picked":"Conserve Battery","floor":2},{"not_picked":["Conserve Battery","Leap"],"picked":"Loop","floor":5},{"not_picked":["Beam Cell","Blizzard"],"picked":"Sweeping Beam","floor":6},{"not_picked":["Conserve Battery","Stack"],"picked":"Capacitor","floor":8},{"not_picked":["Melter","Hologram"],"picked":"Defragment","floor":10},{"not_picked":["Streamline","Undo"],"picked":"Go for the Eyes","floor":11},{"not_picked":["Streamline","Stack"],"picked":"Biased Cognition","floor":14},{"not_picked":["Rainbow","Electrodynamics"],"picked":"Machine Learning","floor":16},{"not_picked":["Hologram","Barrage"],"picked":"Beam Cell","floor":18},{"not_picked":["Gash","BootSequence"],"picked":"Reprogram","floor":19},{"not_picked":["Blizzard+1","Go for the Eyes"],"picked":"Coolheaded","floor":21}],"player_experience":238938,"potions_floor_usage":[6,6,8,14,16,19,24],"damage_taken":[{"damage":2,"enemies":"2 Louse","floor":1,"turns":2},{"damage":1,"enemies":"Cultist","floor":2,"turns":3},{"damage":0,"enemies":"Jaw Worm","floor":5,"turns":2},{"damage":13,"enemies":"Lagavulin","floor":6,"turns":7},{"damage":10,"enemies":"Gremlin Nob","floor":8,"turns":3},{"damage":19,"enemies":"Exordium Thugs","floor":10,"turns":4},{"damage":20,"enemies":"Gremlin Gang","floor":11,"turns":3},{"damage":12,"enemies":"3 Sentries","floor":14,"turns":5},{"damage":27,"enemies":"The Guardian","floor":16,"turns":5},{"damage":8,"enemies":"Spheric Guardian","floor":18,"turns":3},{"damage":0,"enemies":"Chosen","floor":19,"turns":3},{"damage":48,"enemies":"Snake Plant","floor":21,"turns":5},{"damage":41,"enemies":"Book of Stabbing","floor":24,"turns":4}],"relics_obtained":[{"floor":6,"key":"Bag of Marbles"},{"floor":8,"key":"Symbiotic Virus"},{"floor":9,"key":"Bag of Preparation"},{"floor":14,"key":"Letter Opener"}],"event_choices":[{"event_name":"Living Wall","player_choice":"Grow","floor":3,"damage_taken":0},{"event_name":"The Lab","player_choice":"Got Potions","floor":4,"damage_taken":0},{"event_name":"N\u0027loth","player_choice":"Traded a Cracked Core","floor":20,"damage_taken":0}],"boss_relics":[{"not_picked":["Runic Pyramid","Astrolabe"],"picked":"Philosopher\u0027s Stone"}],"items_purged_floors":[22],"potions_floor_spawned":[1,5,11,14,16,21],"seed_played":"1743500201494839541","killed_by":"Book of Stabbing","ascension_level":4,"potions_obtained":[{"floor":1,"key":"GamblersBrew"},{"floor":4,"key":"Fire Potion"},{"floor":4,"key":"Dexterity Potion"},{"floor":11,"key":"Energy Potion"},{"floor":14,"key":"Weak Potion"},{"floor":16,"key":"Explosive Potion"},{"floor":21,"key":"FocusPotion"}],"is_trial":false}