{"gold_per_floor":[215,226,65,82,99,99,99,45,45,45,45,45,63,63,63,184,184,200,214,214,230,230],"floor_reached":22,"playtime":2824,"items_purged":["Strike_B"],"score":229,"play_id":"63247f19-0f67-4b68-9dbd-86bc9d2b4914","local_time":"20180916120500","is_ascension_mode":true,"campfire_choices":[{"data":"Dualcast","floor":6,"key":"SMITH"},{"data":"Zap","floor":12,"key":"SMITH"},{"floor":15,"key":"REST"}],"neow_cost":"NONE","seed_source_timestamp":81778708056686,"circlet_count":0,"master_deck":["Strike_B+1","Defend_B+1","Defend_B","Defend_B","Defend_B","Zap+1","Dualcast+1","Reinforced Body","Rebound","Capacitor","Rebound","Rebound","Glacier","Streamline","Cold Snap","Core Surge"],"relics":["Cracked Core","Dodecahedron","Golden Idol","Empty Cage","Incense Burner"],"potions_floor_usage":[16,18,18,19],"damage_taken":[{"damage":3,"enemies":"Jaw Worm","floor":1,"turns":4},{"damage":0,"enemies":"Cultist","floor":2,"turns":4},{"damage":0,"enemies":"2 Louse","floor":4,"turns":3},{"damage":2,"enemies":"2 Fungi Beasts","floor":5,"turns":4},{"damage":6,"enemies":"Blue Slaver","floor":13,"turns":3},{"damage":42,"enemies":"The Guardian","floor":16,"turns":10},{"damage":13,"enemies":"Spheric Guardian","floor":18,"turns":12},{"damage":22,"enemies":"2 Thieves","floor":19,"turns":4},{"damage":28,"enemies":"Chosen and Byrds","floor":21,"turns":10}],"seed_played":"5215992630234043778","potions_obtained":[{"floor":1,"key":"Explosive Potion"},{"floor":4,"key":"Swift Potion"},{"floor":5,"key":"FearPotion"},{"floor":16,"key":"Regen Potion"},{"floor":21,"key":"Swift Potion"}],"is_trial":false,"path_per_floor":["M","M","$","M","M","R","?","$","T","?","$","R","M","?","R","B",null,"M","M","?","M"],"character_chosen":"DEFECT","items_purchased":["Capacitor","Rebound","Cold Snap"],"campfire_rested":1,"item_purchase_floors":[3,3,8],"current_hp_per_floor":[65,65,65,65,63,63,63,63,63,63,63,63,57,43,63,21,57,59,37,37,9,0],"gold":230,"neow_bonus":"HUNDRED_GOLD","is_prod":false,"is_daily":false,"chose_seed":false,"campfire_upgraded":2,"win_rate":0,"timestamp":1537092300,"path_taken":["M","M","$","M","M","R","?","$","T","?","?","R","M","?","R","BOSS","M","M","?","?","?"],"build_version":"2018-09-06","purchased_purges":1,"victory":false,"max_hp_per_floor":[75,75,75,75,75,75,75,75,75,69,69,69,69,69,69,69,69,69,69,69,69,69],"card_choices":[{"not_picked":["Lockon","Sunder"],"picked":"Reinforced Body","floor":1},{"not_picked":["Loop","FTL"],"picked":"Rebound","floor":2},{"not_picked":["FTL","Reprogram"],"picked":"Rebound","floor":4},{"not_picked":["Consume","Steam Power"],"picked":"Glacier","floor":5},{"not_picked":["Redo","Steam","Steam Power"],"picked":"SKIP","floor":13},{"not_picked":["Fission","Meteor Strike"],"picked":"Core Surge","floor":16},{"not_picked":["Ball Lightning","Genetic Algorithm","Glacier"],"picked":"SKIP","floor":18},{"not_picked":["FTL","Compile Driver","Stack+1"],"picked":"SKIP","floor":19},{"not_picked":["Stack","Streamline","Turbo"],"picked":"SKIP","floor":21}],"player_experience":218807,"relics_obtained":[{"floor":9,"key":"Dodecahedron"},{"floor":20,"key":"Incense Burner"}],"event_choices":[{"event_name":"Match and Keep!","player_choice":"1 cards matched","floor":7,"damage_taken":0},{"event_name":"Golden Idol","player_choice":"Lose Max HP","floor":10,"damage_taken":0},{"event_name":"Shining Light","player_choice":"Entered Light","floor":14,"damage_taken":0},{"event_name":"Wheel of Change","player_choice":"Relic","floor":20,"damage_taken":0}],"is_beta":false,"boss_relics":[{"not_picked":["White Beast Statue","Tiny House"],"picked":"Empty Cage"}],"items_purged_floors":[3],"is_endless":false,"potions_floor_spawned":[1,4,5,16,21],"ascension_level":6}