{"gold_per_floor":[110,285,103,72,32,66,81,81,104,115,143,157,157,168,168,264,264,284,295,309,86,101,101,1,35,35,35,35,54,54,66,66,162,162,180,180,8,8,27,27,43,61,139,173,173,173,193,208,208,208,208,208,16,41,41],"floor_reached":55,"playtime":4923,"items_purged":["Doubt","Strike_G"],"score":950,"play_id":"7ff646ae-ce0a-4519-a17f-c1b275e9b976","local_time":"20190105112133","is_ascension_mode":true,"campfire_choices":[{"floor":8,"key":"REST"},{"floor":13,"key":"REST"},{"data":"Noxious Fumes","floor":15,"key":"SMITH"},{"data":"Skewer","floor":23,"key":"SMITH"},{"floor":28,"key":"REST"},{"floor":32,"key":"REST"},{"floor":40,"key":"REST"},{"floor":45,"key":"RECALL"},{"floor":49,"key":"REST"},{"data":"After Image","floor":52,"key":"SMITH"}],"neow_cost":"NONE","seed_source_timestamp":884153574411927,"circlet_count":0,"master_deck":["Defend_G","Defend_G+1","Defend_G+1","Survivor","Neutralize","Backstab","Caltrops","Skewer+1","Backflip","Footwork","Noxious Fumes+1","Escape Plan","After Image+1","Acrobatics+1","Sucker Punch+1","Adrenaline+1","Terror","Bane+1","Well Laid Plans","PiercingWail","After Image","Catalyst","Corpse Explosion","Apotheosis+1","Backflip+1","Caltrops+1","Footwork"],"relics":["Ring of the Snake","Orichalcum","Bag of Preparation","War Paint","Astrolabe","Bronze Scales","Meat on the Bone","StoneCalendar","Empty Cage","Kunai","Smiling Mask","Toy Ornithopter","Oddly Smooth Stone"],"potions_floor_usage":[6,11,14,25,25,25,25,25,38,54,55,55],"damage_taken":[{"damage":0,"enemies":"Jaw Worm","floor":1,"turns":5},{"damage":42,"enemies":"Lagavulin","floor":6,"turns":6},{"damage":1,"enemies":"2 Louse","floor":7,"turns":2},{"damage":0,"enemies":"Cultist","floor":10,"turns":3},{"damage":17,"enemies":"3 Sentries","floor":11,"turns":11},{"damage":0,"enemies":"Exordium Wildlife","floor":12,"turns":2},{"damage":1,"enemies":"Red Slaver","floor":14,"turns":5},{"damage":6,"enemies":"Hexaghost","floor":16,"turns":11},{"damage":0,"enemies":"Shell Parasite","floor":18,"turns":7},{"damage":0,"enemies":"Chosen","floor":19,"turns":6},{"damage":6,"enemies":"Shelled Parasite and Fungi","floor":20,"turns":8},{"damage":2,"enemies":"Chosen and Byrds","floor":22,"turns":6},{"damage":24,"enemies":"Slavers","floor":25,"turns":5},{"damage":22,"enemies":"Cultist and Chosen","floor":29,"turns":7},{"damage":7,"enemies":"Snecko","floor":31,"turns":5},{"damage":27,"enemies":"Automaton","floor":33,"turns":10},{"damage":23,"enemies":"3 Darklings","floor":35,"turns":4},{"damage":21,"enemies":"2 Orb Walkers","floor":38,"turns":3},{"damage":15,"enemies":"3 Shapes","floor":39,"turns":3},{"damage":1,"enemies":"Sphere and 2 Shapes","floor":41,"turns":4},{"damage":0,"enemies":"Maw","floor":42,"turns":7},{"damage":29,"enemies":"Nemesis","floor":44,"turns":9},{"damage":12,"enemies":"Spire Growth","floor":47,"turns":7},{"damage":9,"enemies":"Sphere and 2 Shapes","floor":48,"turns":6},{"damage":31,"enemies":"Donu and Deca","floor":50,"turns":8},{"damage":62,"enemies":"Shield and Spear","floor":54,"turns":7},{"damage":28,"enemies":"The Heart","floor":55,"turns":2}],"seed_played":"-7531223313755726440","potions_obtained":[{"floor":5,"key":"GhostInAJar"},{"floor":5,"key":"EntropicBrew"},{"floor":5,"key":"PowerPotion"},{"floor":10,"key":"SpeedPotion"},{"floor":11,"key":"AttackPotion"},{"floor":12,"key":"Regen Potion"},{"floor":14,"key":"Swift Potion"},{"floor":31,"key":"Ancient Potion"},{"floor":33,"key":"SmokeBomb"},{"floor":39,"key":"LiquidBronze"}],"is_trial":false,"path_per_floor":["M","?","$","?","?","E","M","R","T","M","E","M","R","M","R","B",null,"M","M","M","$","M","R","$","E","T","?","R","M","?","M","R","B",null,"M","?","$","?","M","R","M","M","T","E","R","?","M","M","R","B",null,"R","$","E","B"],"character_chosen":"THE_SILENT","items_purchased":["Caltrops","Skewer","Bronze Scales","Well Laid Plans","Apotheosis","Toy Ornithopter"],"campfire_rested":6,"item_purchase_floors":[3,3,21,21,37,53],"current_hp_per_floor":[63,63,63,63,63,21,20,41,41,41,24,24,45,58,58,52,66,66,66,60,60,58,58,58,34,34,34,55,45,45,38,59,44,64,41,41,41,32,29,50,49,49,49,32,32,32,32,35,56,37,62,62,62,17,0],"gold":41,"neow_bonus":"RANDOM_COMMON_RELIC","is_prod":false,"is_daily":false,"chose_seed":false,"campfire_upgraded":3,"win_rate":0,"timestamp":1546708893,"path_taken":["M","?","$","?","?","E","M","R","T","M","E","M","R","M","R","BOSS","M","M","?","$","M","R","$","E","T","?","R","?","?","M","R","BOSS","M","?","$","?","M","R","M","?","T","E","R","?","M","M","R","BOSS","R","$","E","BOSS"],"build_version":"2019-01-03v4","purchased_purges":2,"victory":false,"max_hp_per_floor":[70,70,70,70,70,70,70,70,70,70,70,70,70,70,70,70,70,70,70,70,70,70,70,70,70,70,70,70,70,70,70,70,70,70,70,70,70,70,70,70,70,70,70,70,70,70,70,70,70,70,70,70,70,70,70],"card_choices":[{"not_picked":["Quick Slash","Caltrops"],"picked":"Backstab","floor":1},{"not_picked":["Distraction","Reflex"],"picked":"Backflip","floor":6},{"not_picked":["Dagger Spray","Slice"],"picked":"Footwork","floor":7},{"not_picked":["Deadly Poison","Expertise","Poisoned Stab"],"picked":"SKIP","floor":10},{"not_picked":["Deadly Poison","Expertise","Poisoned Stab"],"picked":"SKIP","floor":10},{"not_picked":["Catalyst","Bane"],"picked":"Noxious Fumes","floor":11},{"not_picked":["Slice","Heel Hook","Quick Slash"],"picked":"SKIP","floor":12},{"not_picked":["Quick Slash","Dodge and Roll"],"picked":"Escape Plan","floor":14},{"not_picked":["Doppelganger","Adrenaline"],"picked":"After Image","floor":16},{"not_picked":["Choke","Flying Knee"],"picked":"Terror","floor":18},{"not_picked":["Backflip","Heel Hook+1"],"picked":"Bane+1","floor":19},{"not_picked":["Prepared","Flechettes","Bane"],"picked":"SKIP","floor":20},{"not_picked":["Dagger Throw","Well Laid Plans+1"],"picked":"PiercingWail","floor":22},{"not_picked":["Heel Hook","Riddle With Holes","Acrobatics"],"picked":"SKIP","floor":25},{"not_picked":["Bane","Flying Knee","Prepared"],"picked":"SKIP","floor":29},{"not_picked":["Leg Sweep","Grand Finale"],"picked":"Catalyst","floor":31},{"not_picked":["Unload","Venomology"],"picked":"Corpse Explosion","floor":33},{"not_picked":["Escape Plan+1","PiercingWail+1","Poisoned Stab+1"],"picked":"SKIP","floor":35},{"not_picked":["Tactician","Skewer","Eviscerate"],"picked":"SKIP","floor":39},{"not_picked":["Bouncing Flask+1","Setup"],"picked":"Backflip+1","floor":41},{"not_picked":["Prepared","Well Laid Plans+1"],"picked":"Caltrops+1","floor":42},{"not_picked":["Accuracy","Underhanded Strike"],"picked":"Footwork","floor":44},{"not_picked":["Glass Knife","Riddle With Holes","Slice+1"],"picked":"SKIP","floor":47},{"not_picked":["Finisher+1","Terror+1","Flying Knee"],"picked":"SKIP","floor":48},{"not_picked":["Acrobatics","Expertise+1","Dagger Spray"],"picked":"SKIP","floor":54}],"player_experience":400623,"relics_obtained":[{"floor":6,"key":"Bag of Preparation"},{"floor":11,"key":"War Paint"},{"floor":25,"key":"Meat on the Bone"},{"floor":26,"key":"StoneCalendar"},{"floor":43,"key":"Kunai"},{"floor":44,"key":"Smiling Mask"},{"floor":54,"key":"Oddly Smooth Stone"}],"event_choices":[{"damage_healed":0,"gold_gain":175,"player_choice":"AGREE","damage_taken":0,"max_hp_gain":0,"max_hp_loss":0,"event_name":"Liars Game","floor":2,"gold_loss":0,"cards_obtained":["Doubt"]},{"damage_healed":0,"gold_gain":0,"player_choice":"Left Gold","damage_taken":0,"max_hp_gain":0,"max_hp_loss":0,"event_name":"World of Goop","floor":4,"gold_loss":31},{"damage_healed":0,"gold_gain":0,"player_choice":"Bought 3 Potions","damage_taken":0,"max_hp_gain":0,"max_hp_loss":0,"event_name":"The Woman in Blue","floor":5,"gold_loss":0},{"damage_healed":0,"gold_gain":0,"player_choice":"Copied","damage_taken":0,"max_hp_gain":0,"max_hp_loss":0,"event_name":"Duplicator","floor":27,"gold_loss":0,"cards_obtained":["After Image"]},{"damage_healed":0,"gold_gain":0,"player_choice":"Ignored","damage_taken":0,"max_hp_gain":0,"max_hp_loss":0,"event_name":"Ghosts","floor":30,"gold_loss":0},{"cards_removed":["Defend_G"],"damage_healed":0,"gold_gain":0,"player_choice":"Removed Skill","damage_taken":0,"max_hp_gain":0,"max_hp_loss":0,"event_name":"Falling","floor":36,"gold_loss":0},{"damage_healed":0,"gold_gain":0,"player_choice":"Fight","damage_taken":0,"max_hp_gain":0,"max_hp_loss":0,"event_name":"Mysterious Sphere","floor":38,"gold_loss":0},{"damage_healed":0,"gold_gain":0,"player_choice":"Forge","damage_taken":0,"max_hp_gain":0,"max_hp_loss":0,"event_name":"Accursed Blacksmith","floor":46,"gold_loss":0,"cards_upgraded":["Apotheosis"]}],"is_beta":false,"boss_relics":[{"not_picked":["White Beast Statue","HoveringKite"],"picked":"Astrolabe"},{"not_picked":["Orrery","Velvet Choker"],"picked":"Empty Cage"}],"items_purged_floors":[3,24],"is_endless":false,"potions_floor_spawned":[10,11,12,14,18,22,31,33,39,41,42,48],"killed_by":"The Heart","ascension_level":7}