{"gold_per_floor":[113,126,2,14,31,31,92,106,106,106,120,149,149,47,47,124,124,138,138,151,171,188,188,221,221,221,221,237,237,237,268,268,346,346,361,377,109,129,142,472,472,472,519,531,543,566,604,635,647,659,671,683,61,92,92],"floor_reached":55,"playtime":5095,"items_purged":["Strike_B","Writhe"],"score":1326,"play_id":"c48aad4d-b037-4348-8376-c66fabc6b7af","local_time":"20190103233518","is_ascension_mode":true,"campfire_choices":[{"data":"Zap","floor":6.0,"key":"SMITH"},{"data":"Go for the Eyes","floor":10.0,"key":"SMITH"},{"floor":13.0,"key":"REST"},{"data":"Sunder","floor":15.0,"key":"SMITH"},{"floor":23,"key":"REST"},{"floor":25,"key":"REST"},{"data":"Buffer","floor":27,"key":"SMITH"},{"floor":32,"key":"REST"},{"floor":41,"key":"RECALL"},{"floor":45,"key":"REST"},{"floor":49,"key":"REST"},{"floor":52,"key":"REST"}],"neow_cost":"NONE","seed_source_timestamp":0,"circlet_count":0,"master_deck":["AscendersBane","Strike_B","Strike_B","Strike_B","Defend_B","Defend_B","Defend_B","Defend_B","Zap+1","Dualcast","Cold Snap","Go for the Eyes+1","Chill","Reinforced Body","Hologram","Echo Form","Rebound","Chill","Sunder+1","Genetic Algorithm","Biased Cognition","Conserve Battery","Stack+1","White Noise","Buffer+1","Cold Snap","Ball Lightning","Necronomicurse","Compile Driver","Seek","Defragment","Barrage","Rainbow","Defragment","Heatsinks+1","Sunder+1","Blizzard","Hologram+1","Coolheaded","Loop","Leap","Conserve Battery"],"special_seed":0,"relics":["Cracked Core","Tiny Chest","DataDisk","Ancient Tea Set","Snecko Eye","The Courier","Necronomicon","Nloth\u0027s Gift","Bottled Tornado","Fusion Hammer","Kunai","Old Coin","MawBank","Incense Burner","Pen Nib","Emotion Chip","Sundial"],"potions_floor_usage":[24,31,31,40,50,55],"damage_taken":[{"damage":1.0,"enemies":"Cultist","floor":1.0,"turns":3.0},{"damage":10.0,"enemies":"Small Slimes","floor":2.0,"turns":3.0},{"damage":1.0,"enemies":"2 Louse","floor":4.0,"turns":2.0},{"damage":0.0,"enemies":"Gremlin Gang","floor":5.0,"turns":7.0},{"damage":6.0,"enemies":"3 Sentries","floor":7.0,"turns":9.0},{"damage":0.0,"enemies":"Large Slime","floor":8.0,"turns":4.0},{"damage":4.0,"enemies":"Looter","floor":11.0,"turns":2.0},{"damage":37.0,"enemies":"Gremlin Nob","floor":12.0,"turns":6.0},{"damage":20.0,"enemies":"The Guardian","floor":16.0,"turns":10.0},{"damage":0,"enemies":"Spheric Guardian","floor":18,"turns":3},{"damage":6,"enemies":"Chosen","floor":20,"turns":6},{"damage":5,"enemies":"3 Cultists","floor":21,"turns":6},{"damage":14,"enemies":"Shelled Parasite and Fungi","floor":22,"turns":5},{"damage":33,"enemies":"Gremlin Leader","floor":24,"turns":9},{"damage":0,"enemies":"Centurion and Healer","floor":28,"turns":7},{"damage":20,"enemies":"Slavers","floor":31,"turns":6},{"damage":6,"enemies":"Collector","floor":33,"turns":12},{"damage":0,"enemies":"Orb Walker","floor":35,"turns":4},{"damage":0,"enemies":"3 Darklings","floor":36,"turns":5},{"damage":9,"enemies":"4 Shapes","floor":38,"turns":5},{"damage":0,"enemies":"Spire Growth","floor":39,"turns":7},{"damage":4,"enemies":"Reptomancer","floor":40,"turns":8},{"damage":0,"enemies":"Sphere and 2 Shapes","floor":46,"turns":5},{"damage":12,"enemies":"Nemesis","floor":47,"turns":7},{"damage":27,"enemies":"3 Darklings","floor":48,"turns":4},{"damage":40,"enemies":"Time Eater","floor":50,"turns":11},{"damage":20,"enemies":"Shield and Spear","floor":54,"turns":7},{"damage":73,"enemies":"The Heart","floor":55,"turns":9}],"seed_played":"-5156876902375716771","potions_obtained":[{"floor":1.0,"key":"Regen Potion"},{"floor":7.0,"key":"FocusPotion"},{"floor":8.0,"key":"EssenceOfSteel"},{"floor":16.0,"key":"Ancient Potion"},{"floor":21,"key":"FocusPotion"},{"floor":24,"key":"FocusPotion"},{"floor":35,"key":"Energy Potion"},{"floor":39,"key":"SkillPotion"},{"floor":40,"key":"SteroidPotion"},{"floor":47,"key":"FairyPotion"}],"is_trial":false,"path_per_floor":["M","M","$","M","M","R","E","M","T","R","M","E","R","$","R","B",null,"M","T","M","M","M","R","E","R","T","R","M","?","?","E","R","B",null,"M","M","$","M","M","E","R","?","T","?","R","M","E","M","R","B",null,"R","$","E","B"],"character_chosen":"DEFECT","items_purchased":["Chill","Fire Potion","Sunder","Genetic Algorithm","Kunai","Coolheaded","SkillPotion","Loop","Leap","Pen Nib","Emotion Chip","Conserve Battery"],"campfire_rested":7,"item_purchase_floors":[3,3,14,14,37,53,53,53,53,53,53,53],"current_hp_per_floor":[70,60,60,59,74,74,68,68,68,68,64,27,50,50,50,30,66,66,66,60,55,41,64,31,54,54,54,54,33,33,13,36,30,66,66,66,66,57,57,53,53,69,69,69,78,78,66,39,62,22,64,78,78,58,0],"gold":92,"neow_bonus":"TEN_PERCENT_HP_BONUS","is_prod":false,"is_daily":false,"chose_seed":false,"campfire_upgraded":4,"win_rate":0,"timestamp":1546580118,"path_taken":["M","M","$","M","M","R","E","M","T","R","M","E","R","$","R","BOSS","M","?","M","M","M","R","E","R","T","R","M","?","?","E","R","BOSS","M","M","$","?","M","E","R","?","T","?","R","?","E","M","R","BOSS","R","$","E","BOSS"],"build_version":"2019-01-03v2","purchased_purges":2,"victory":false,"max_hp_per_floor":[78,78,78,78,78,78,78,78,78,78,78,78,78,78,78,78,78,78,78,78,78,78,78,78,78,78,78,78,78,78,78,78,78,78,78,78,78,78,78,78,78,78,78,78,78,78,78,78,78,78,78,78,78,78,78],"card_choices":[{"not_picked":["White Noise","Ball Lightning"],"picked":"Cold Snap","floor":1.0},{"not_picked":["Redo","Beam Cell"],"picked":"Go for the Eyes","floor":2.0},{"not_picked":["Steam","Rip and Tear"],"picked":"Reinforced Body","floor":4.0},{"not_picked":["Go for the Eyes","Gash"],"picked":"Hologram","floor":5.0},{"not_picked":["Hologram","Static Discharge","Gash"],"picked":"SKIP","floor":7.0},{"not_picked":["Sweeping Beam","Steam"],"picked":"Echo Form","floor":8.0},{"not_picked":["Skim","Sweeping Beam"],"picked":"Rebound","floor":11.0},{"not_picked":["Stack","Ball Lightning"],"picked":"Chill","floor":12.0},{"not_picked":["Creative AI","All For One"],"picked":"Biased Cognition","floor":16.0},{"not_picked":["Sunder","Chill"],"picked":"Conserve Battery","floor":18},{"not_picked":["Hologram","Darkness"],"picked":"Stack+1","floor":20},{"not_picked":["Hologram","Compile Driver"],"picked":"White Noise","floor":21},{"not_picked":["Streamline","Leap"],"picked":"Buffer","floor":22},{"not_picked":["Sweeping Beam","Static Discharge"],"picked":"Cold Snap","floor":24},{"not_picked":["Beam Cell","Blizzard"],"picked":"Ball Lightning","floor":28},{"not_picked":["Turbo","Conserve Battery"],"picked":"Compile Driver","floor":31},{"not_picked":["Fission","Rainbow"],"picked":"Seek","floor":33},{"not_picked":["Streamline","Stack"],"picked":"Defragment","floor":35},{"not_picked":["Conserve Battery","Leap"],"picked":"Barrage","floor":36},{"not_picked":["Go for the Eyes","Steam"],"picked":"Rainbow","floor":38},{"not_picked":["Sweeping Beam","Force Field"],"picked":"Defragment","floor":39},{"not_picked":["Barrage+1","Reprogram+1"],"picked":"Heatsinks+1","floor":40},{"not_picked":["Cold Snap+1","Ball Lightning"],"picked":"Blizzard","floor":46},{"not_picked":["Beam Cell","Go for the Eyes","Ball Lightning"],"picked":"SKIP","floor":47},{"not_picked":["Rainbow","Hello World"],"picked":"Hologram+1","floor":48},{"not_picked":["Hello World","Go for the Eyes","Sweeping Beam+1"],"picked":"SKIP","floor":54}],"player_experience":387959,"relics_obtained":[{"floor":7.0,"key":"Tiny Chest"},{"floor":9.0,"key":"DataDisk"},{"floor":12.0,"key":"Ancient Tea Set"},{"floor":24,"key":"Toxic Egg 2"},{"floor":26,"key":"The Courier"},{"floor":29,"key":"Necronomicon"},{"floor":31,"key":"Bottled Tornado"},{"floor":40,"key":"Old Coin"},{"floor":43,"key":"MawBank"},{"floor":47,"key":"Incense Burner"},{"floor":54,"key":"Sundial"}],"event_choices":[{"damage_healed":0,"gold_gain":0,"player_choice":"Obtained Book","damage_taken":21,"max_hp_gain":0,"max_hp_loss":0,"event_name":"Cursed Tome","floor":29,"gold_loss":0},{"damage_healed":0,"gold_gain":0,"player_choice":"Traded Relic","damage_taken":0,"relics_obtained":["Nloth\u0027s Gift"],"max_hp_gain":0,"max_hp_loss":0,"event_name":"N\u0027loth","floor":30,"relics_lost":["Toxic Egg 2"],"gold_loss":0},{"damage_healed":16,"gold_gain":0,"player_choice":"Writhe","damage_taken":0,"max_hp_gain":0,"max_hp_loss":0,"event_name":"Winding Halls","floor":42,"gold_loss":0,"cards_obtained":["Writhe"]},{"damage_healed":0,"gold_gain":0,"player_choice":"Copied","damage_taken":0,"max_hp_gain":0,"max_hp_loss":0,"event_name":"Duplicator","floor":44,"gold_loss":0,"cards_obtained":["Sunder"]}],"is_beta":false,"boss_relics":[{"not_picked":["Runic Dome","Runic Pyramid"],"picked":"Snecko Eye"},{"not_picked":["Pandora\u0027s Box","FrozenCore"],"picked":"Fusion Hammer"}],"items_purged_floors":[37,53],"is_endless":false,"potions_floor_spawned":[1,7,8,16,21,24,35,39,40,47],"killed_by":"The Heart","ascension_level":15}