{"gold_per_floor":[112,112,112,124,54,80,80,112,112,143,153,153,182,25,25,120,120,133,58,58,76,76],"floor_reached":22,"playtime":590,"items_purged":["Parasite"],"score":273,"play_id":"84fd4d6d-71ed-4195-bcdd-b44cf9972e70","local_time":"20181210001911","is_ascension_mode":true,"campfire_choices":[{"data":"Sunder","floor":7,"key":"SMITH"},{"floor":15,"key":"REST"}],"neow_cost":"PERCENT_DAMAGE","seed_source_timestamp":2016989860116444,"circlet_count":0,"master_deck":["Strike_B","Strike_B","Strike_B","Strike_B","Defend_B","Defend_B","Defend_B","Defend_B","Zap","Dualcast","Sunder+1","Storm","Self Repair","Sweeping Beam","Redo","Streamline","Steam+1","Redo+1","Genetic Algorithm+1","Defragment","Darkness+1","Multi-Cast+1","Turbo+1","Zap+1","Loop","Leap+1","Doom and Gloom+1"],"relics":["Cracked Core","StoneCalendar","Prayer Wheel","Symbiotic Virus","Pear","Toxic Egg 2","Pocketwatch","Runic Pyramid"],"potions_floor_usage":[6,11,11,13,13,16,21,22],"damage_taken":[{"damage":0,"enemies":"Small Slimes","floor":1,"turns":3},{"damage":0,"enemies":"2 Louse","floor":4,"turns":2},{"damage":40,"enemies":"3 Sentries","floor":6,"turns":4},{"damage":24,"enemies":"Gremlin Nob","floor":8,"turns":4},{"damage":30,"enemies":"Lagavulin","floor":10,"turns":4},{"damage":7,"enemies":"Jaw Worm","floor":11,"turns":2},{"damage":16,"enemies":"Gremlin Nob","floor":13,"turns":3},{"damage":21,"enemies":"Hexaghost","floor":16,"turns":7},{"damage":28,"enemies":"Chosen","floor":18,"turns":5},{"damage":9,"enemies":"2 Thieves","floor":21,"turns":3},{"damage":47,"enemies":"Snecko","floor":22,"turns":4}],"seed_played":"-234860665278445566","potions_obtained":[{"floor":4,"key":"PowerPotion"},{"floor":10,"key":"EntropicBrew"},{"floor":11,"key":"Regen Potion"},{"floor":18,"key":"EssenceOfSteel"},{"floor":21,"key":"Regen Potion"}],"is_trial":false,"path_per_floor":["M","?","?","M","$","E","R","E","T","E","M","?","E","$","R","B",null,"M","$","?","M","M"],"character_chosen":"DEFECT","items_purchased":["Self Repair","Defragment","Darkness+1"],"campfire_rested":1,"item_purchase_floors":[5,14,14],"current_hp_per_floor":[50,75,75,75,75,42,42,25,35,12,12,33,29,29,54,40,74,46,46,46,37,0],"gold":76,"neow_bonus":"ONE_RARE_RELIC","is_prod":false,"is_daily":false,"chose_seed":false,"campfire_upgraded":1,"win_rate":0,"timestamp":1544397551,"path_taken":["M","?","?","M","$","E","R","E","T","E","M","?","E","$","R","BOSS","M","$","?","M","?"],"build_version":"2018-12-06","purchased_purges":1,"victory":false,"max_hp_per_floor":[75,75,75,75,75,75,75,75,85,85,85,85,85,85,85,85,85,85,82,82,82,82],"card_choices":[{"not_picked":["Cold Snap","Static Discharge"],"picked":"Sunder","floor":1},{"not_picked":["Barrage","Go for the Eyes"],"picked":"Storm","floor":4},{"not_picked":["Fusion","Gash"],"picked":"Sweeping Beam","floor":6},{"not_picked":["Leap","Barrage"],"picked":"Redo","floor":8},{"not_picked":["Stack","Capacitor"],"picked":"Streamline","floor":10},{"not_picked":["Sweeping Beam","Heatsinks"],"picked":"Steam+1","floor":11},{"not_picked":["Capacitor","Rebound"],"picked":"Redo+1","floor":11},{"not_picked":["Stack+1","Capacitor"],"picked":"Genetic Algorithm+1","floor":13},{"not_picked":["Rainbow+1","Creative AI"],"picked":"Multi-Cast+1","floor":16},{"not_picked":["Stack+1","Leap+1"],"picked":"Turbo+1","floor":18},{"not_picked":["Gash","Streamline","Barrage"],"picked":"SKIP","floor":18},{"not_picked":["Cold Snap","Blizzard"],"picked":"Leap+1","floor":21},{"not_picked":["Beam Cell","Reboot+1"],"picked":"Doom and Gloom+1","floor":21}],"player_experience":418715,"relics_obtained":[{"floor":6,"key":"Prayer Wheel"},{"floor":8,"key":"Symbiotic Virus"},{"floor":9,"key":"Pear"},{"floor":10,"key":"Toxic Egg 2"},{"floor":13,"key":"Pocketwatch"}],"event_choices":[{"damage_healed":25,"gold_gain":0,"player_choice":"Banana","damage_taken":0,"max_hp_gain":0,"max_hp_loss":0,"event_name":"Big Fish","floor":2,"gold_loss":0},{"damage_healed":0,"gold_gain":0,"player_choice":"Ignored","damage_taken":0,"max_hp_gain":0,"max_hp_loss":0,"event_name":"Liars Game","floor":3,"gold_loss":0},{"damage_healed":21,"gold_gain":0,"player_choice":"Healed and dodged fight","damage_taken":0,"max_hp_gain":0,"max_hp_loss":0,"event_name":"Mushrooms","floor":12,"gold_loss":0,"cards_obtained":["Parasite"]},{"damage_healed":0,"gold_gain":0,"player_choice":"2 cards matched","damage_taken":0,"max_hp_gain":0,"max_hp_loss":0,"event_name":"Match and Keep!","floor":20,"gold_loss":0,"cards_obtained":["Zap","Loop"]}],"is_beta":false,"boss_relics":[{"not_picked":["Runic Dome","Busted Crown"],"picked":"Runic Pyramid"}],"items_purged_floors":[19],"is_endless":false,"potions_floor_spawned":[4,10,11,18,21],"killed_by":"Snecko","ascension_level":6}