{"path_per_floor":["M","M","M","?","M","R","E","R","T","M","R","$","M","M","R","B",null,"M","?","M","M","$","R","E","M","T","?","M"],"character_chosen":"DEFECT","items_purchased":["Capacitor","Ball Lightning+1","Glacier"],"gold_per_floor":[109,126,138,138,151,151,176,176,176,195,195,18,36,51,51,152,152,171,94,111,127,91,91,126,137,137,0,12,12],"floor_reached":29,"campfire_rested":2,"playtime":3134,"item_purchase_floors":[12,12,22],"current_hp_per_floor":[69,62,61,61,55,55,39,39,39,38,38,38,38,31,53,20,75,74,74,57,22,22,44,13,3,3,3,1,0],"items_purged":["Regret"],"gold":12,"score":249,"play_id":"d69c4df8-d037-4367-9ad0-94671d2e9f5a","local_time":"20180520195034","is_prod":false,"is_daily":false,"chose_seed":false,"is_ascension_mode":false,"campfire_upgraded":3,"timestamp":1526838634,"campfire_choices":[{"data":"Loop","floor":6,"key":"SMITH"},{"data":"Consume","floor":8,"key":"SMITH"},{"data":"Biased Cognition","floor":11,"key":"SMITH"},{"floor":15,"key":"REST"},{"floor":23,"key":"REST"}],"path_taken":["M","M","M","?","M","R","E","R","T","M","R","$","?","M","R","BOSS","M","?","M","M","?","R","E","M","T","?","M","?"],"build_version":"2018-05-18","seed_source_timestamp":101223767726447,"purchased_purges":1,"victory":false,"master_deck":["Strike_B","Strike_B","Strike_B","Strike_B","Defend_B","Defend_B","Defend_B","Defend_B","Zap+1","Dualcast","Loop+1","Consume+1","Ball Lightning","Biased Cognition+1","BootSequence","Blizzard+1","Capacitor","Ball Lightning+1","Capacitor","Redo","Machine Learning","Defragment","J.A.X.","Static Discharge+1","Glacier","Glacier","BootSequence","Consume"],"max_hp_per_floor":[75,75,75,75,75,75,75,75,75,75,75,75,75,75,75,75,75,75,75,75,75,75,75,75,75,75,75,75,75],"relics":["Cracked Core","Happy Flower","Centennial Puzzle","Molten Egg 2","Inserter","Juzu Bracelet","Shuriken"],"card_choices":[{"not_picked":["Barrage","Rip and Tear"],"picked":"Loop","floor":1},{"not_picked":["Loop","Steam"],"picked":"Consume","floor":2},{"not_picked":["Hologram","Beam Cell"],"picked":"Ball Lightning","floor":3},{"not_picked":["Hologram","Reprogram"],"picked":"Biased Cognition","floor":5},{"not_picked":["Beam Cell","Turbo"],"picked":"BootSequence","floor":7},{"not_picked":["Ball Lightning+1","Double Energy"],"picked":"Blizzard+1","floor":10},{"not_picked":["Axe Kick+1","Hologram"],"picked":"Capacitor","floor":13},{"not_picked":["Conserve Battery","Sweeping Beam+1"],"picked":"Redo","floor":14},{"not_picked":["All For One+1","Thunder Strike+1"],"picked":"Machine Learning","floor":16},{"not_picked":["Genetic Algorithm","Heatsinks"],"picked":"Defragment","floor":18},{"not_picked":["Skim","Heatsinks"],"picked":"Static Discharge+1","floor":20},{"not_picked":["Leap+1","Hologram"],"picked":"Glacier","floor":21},{"not_picked":["Steam","Leap","Reprogram+1"],"picked":"SKIP","floor":24},{"not_picked":["Capacitor+1","Blizzard+1"],"picked":"BootSequence","floor":25},{"not_picked":["Double Energy+1","Rip and Tear+1"],"picked":"Consume","floor":28}],"player_experience":123973,"potions_floor_usage":[7,13,14,16,18,25],"damage_taken":[{"damage":6,"enemies":"Jaw Worm","floor":1,"turns":3},{"damage":7,"enemies":"Small Slimes","floor":2,"turns":4},{"damage":1,"enemies":"Cultist","floor":3,"turns":3},{"damage":6,"enemies":"3 Louse","floor":5,"turns":2},{"damage":16,"enemies":"3 Sentries","floor":7,"turns":4},{"damage":1,"enemies":"Large Slime","floor":10,"turns":4},{"damage":0,"enemies":"2 Fungi Beasts","floor":13,"turns":3},{"damage":7,"enemies":"Exordium Thugs","floor":14,"turns":3},{"damage":33,"enemies":"Hexaghost","floor":16,"turns":5},{"damage":1,"enemies":"Chosen","floor":18,"turns":4},{"damage":17,"enemies":"3 Byrds","floor":20,"turns":4},{"damage":35,"enemies":"Centurion and Healer","floor":21,"turns":5},{"damage":31,"enemies":"Gremlin Leader","floor":24,"turns":6},{"damage":10,"enemies":"Slaver and Parasite","floor":25,"turns":5},{"damage":2,"enemies":"Snecko","floor":28,"turns":5}],"relics_obtained":[{"floor":7,"key":"Centennial Puzzle"},{"floor":9,"key":"Molten Egg 2"},{"floor":24,"key":"Juzu Bracelet"},{"floor":26,"key":"Shuriken"}],"event_choices":[{"event_name":"Big Fish","player_choice":"Box","floor":4,"damage_taken":0},{"event_name":"Drug Dealer","player_choice":"Got JAXXED","floor":19,"damage_taken":0},{"event_name":"Masked Bandits","player_choice":"Paid Bandits 137 gold","floor":27,"damage_taken":0}],"boss_relics":[{"not_picked":["Lizard Tail","White Beast Statue"],"picked":"Inserter"}],"items_purged_floors":[12],"potions_floor_spawned":[1,2,3,13,16,18,28],"seed_played":"8731797210497315536","ascension_level":0,"potions_obtained":[{"floor":1,"key":"Strength Potion"},{"floor":2,"key":"SpeedPotion"},{"floor":3,"key":"Ancient Potion"},{"floor":13,"key":"AttackPotion"},{"floor":16,"key":"EssenceOfSteel"},{"floor":18,"key":"Ancient Potion"},{"floor":28,"key":"PowerPotion"}],"is_trial":false}