{"path_per_floor":["M","?","M","M","$","R","M","E","T","E","R","E","$","M","R","B",null,"M","M","$","M","?","E","?","?","T","R","E","R","M","T","R","B",null,"M","M","M","T","?","R","E","R","T","E","?","$","M","M","R"],"character_chosen":"IRONCLAD","items_purchased":["Thread and Needle","Double Tap","Gremlin Horn","Wild Strike"],"gold_per_floor":[117,292,303,316,6,6,19,47,93,119,119,151,76,88,88,191,191,202,220,84,100,100,125,75,75,75,75,110,110,128,128,128,229,259,269,287,304,331,331,331,357,357,357,389,389,27,43,55,55,55],"floor_reached":50,"campfire_rested":3,"playtime":1927,"current_hp_per_floor":[41,41,47,53,53,77,80,75,75,44,68,59,59,67,67,37,80,80,80,80,80,80,62,62,47,47,72,57,57,57,57,57,25,90,81,53,57,57,57,57,47,47,47,11,79,79,77,74,74,0],"items_purged":["Doubt","Strike_R"],"gold":55,"score":668,"play_id":"8a75eedf-27a4-47b7-98d8-28941b483431","local_time":"20180331231015","is_prod":false,"is_daily":false,"is_ascension_mode":true,"campfire_upgraded":1,"timestamp":1522530615,"path_taken":["M","?","M","?","$","R","M","E","T","E","R","E","?","M","R","BOSS","M","M","$","M","?","E","?","?","T","R","E","R","?","?","R","BOSS","M","?","M","?","?","R","E","R","T","E","?","?","M","M","R","BOSS"],"build_version":"2018-03-29v2","purchased_purges":3,"victory":false,"master_deck":["Strike_R","Bash","Pommel Strike","Seeing Red+1","Shrug It Off","Evolve","Cleave","Offering","Whirlwind+1","Headbutt","Double Tap","Clothesline","Wild Strike","Double Tap","Armaments+1","Uppercut","Berserk","Whirlwind+1","Pommel Strike+1","Headbutt+1","Wild Strike","Wild Strike","Wild Strike+1"],"max_hp_per_floor":[80,80,80,80,80,80,80,80,80,80,80,80,80,80,80,80,80,80,80,80,80,80,80,80,85,85,85,85,85,85,85,85,85,90,90,90,90,90,90,90,90,90,90,90,79,79,79,79,79,79],"relics":["Burning Blood","Thread and Needle","Mercury Hourglass","Orichalcum","Blood Vial","Bag of Marbles","Sozu","Dream Catcher","Calipers","Peace Pipe","Art of War","Tiny House","Happy Flower","Champion Belt","Ginger","Omamori","Gremlin Horn"],"card_choices":[{"not_picked":["Twin Strike","Anger"],"picked":"Pommel Strike","floor":1},{"not_picked":["Barricade","Corruption"],"picked":"Seeing Red","floor":3},{"not_picked":["Wild Strike","Pommel Strike"],"picked":"Shrug It Off","floor":4},{"not_picked":["Pommel Strike","Twin Strike"],"picked":"Evolve","floor":7},{"not_picked":["Rampage","Perfected Strike"],"picked":"Cleave","floor":8},{"not_picked":["Spot Weakness","Fire Breathing"],"picked":"Offering","floor":10},{"not_picked":["Clash","Barricade"],"picked":"Whirlwind","floor":12},{"not_picked":["Body Slam","Thunderclap"],"picked":"Headbutt","floor":14},{"not_picked":["Exhume","Reaper"],"picked":"Double Tap","floor":16},{"not_picked":["Rage","True Grit"],"picked":"Clothesline","floor":18},{"not_picked":["Shrug It Off","Warcry"],"picked":"Wild Strike","floor":19},{"not_picked":["Warcry","Dropkick"],"picked":"Armaments","floor":21},{"not_picked":["Sword Boomerang","Pommel Strike"],"picked":"Uppercut","floor":23},{"not_picked":["Exhume","Feed"],"picked":"Berserk","floor":33},{"not_picked":["Clothesline","Armaments"],"picked":"Whirlwind","floor":34},{"not_picked":["Cleave","Clash"],"picked":"Pommel Strike","floor":37},{"not_picked":["Infernal Blade","Havoc"],"picked":"Headbutt","floor":41},{"not_picked":["Pommel Strike","Feed"],"picked":"Wild Strike","floor":44},{"not_picked":["Spot Weakness","Clash"],"picked":"Wild Strike","floor":48}],"player_experience":180015,"potions_floor_usage":[8,8,28,33],"damage_taken":[{"damage":5,"enemies":"Small Slimes","floor":1,"turns":4},{"damage":0,"enemies":"2 Louse","floor":3,"turns":3},{"damage":0,"enemies":"Cultist","floor":4,"turns":2},{"damage":1,"enemies":"Red Slaver","floor":7,"turns":4},{"damage":11,"enemies":"Gremlin Nob","floor":8,"turns":3},{"damage":37,"enemies":"Lagavulin","floor":10,"turns":9},{"damage":17,"enemies":"Gremlin Nob","floor":12,"turns":4},{"damage":0,"enemies":"2 Fungi Beasts","floor":14,"turns":1},{"damage":38,"enemies":"The Guardian","floor":16,"turns":11},{"damage":0,"enemies":"3 Byrds","floor":18,"turns":1},{"damage":5,"enemies":"Shell Parasite","floor":19,"turns":3},{"damage":0,"enemies":"Chosen and Byrds","floor":21,"turns":2},{"damage":24,"enemies":"Gremlin Leader","floor":23,"turns":4},{"damage":23,"enemies":"Slavers","floor":28,"turns":3},{"damage":8,"enemies":"Cultist and Chosen","floor":30,"turns":4},{"damage":55,"enemies":"Automaton","floor":33,"turns":8},{"damage":15,"enemies":"3 Darklings","floor":35,"turns":2},{"damage":36,"enemies":"3 Shapes","floor":36,"turns":1},{"damage":4,"enemies":"3 Darklings","floor":37,"turns":1},{"damage":18,"enemies":"2 Orb Walkers","floor":41,"turns":3},{"damage":44,"enemies":"Giant Head","floor":44,"turns":7},{"damage":8,"enemies":"4 Shapes","floor":47,"turns":2},{"damage":11,"enemies":"Sphere and 2 Shapes","floor":48,"turns":4},{"damage":81,"enemies":"Donu and Deca","floor":50,"turns":5}],"event_choices":[{"event_name":"Liars Game","player_choice":"agreed","floor":2,"damage_taken":0},{"event_name":"Ghosts","player_choice":"Ignored","floor":22,"damage_taken":0},{"event_name":"The Joust","player_choice":"Bet on Murderer","floor":24,"damage_taken":0},{"event_name":"Forgotten Altar","player_choice":"Shed Blood","floor":25,"damage_taken":0},{"event_name":"Tomb of Lord Red Mask","player_choice":"Ignored","floor":39,"damage_taken":0},{"event_name":"The Moai Head","player_choice":"Heal","floor":45,"damage_taken":0}],"boss_relics":[{"not_picked":["Black Blood","Calling Bell"],"picked":"Sozu"},{"not_picked":["Pandora\u0027s Box","Runic Cube"],"picked":"Tiny House"}],"potions_floor_spawned":[3,7,12,14,19,21,37,44,47],"seed_played":"4513669686837005297","killed_by":"Donu and Deca","ascension_level":3,"is_trial":false}