{"gold_per_floor":[119,119,6,0,0,0,27,27,53,53,72,130,130,162,162,266,266,280,280,230,55,72,72,83,100,126,126,146,165,165,183,183,285,285,305,31,0,13,25,25,75,102,125,187,226,238,268,57,57,57],"floor_reached":50,"playtime":3573,"items_purged":["Strike_B","Defend_B","Strike_B","Strike_B"],"score":827,"play_id":"4f35f11a-8936-4037-a2c9-31ffe7c00d60","local_time":"20180916193249","is_ascension_mode":true,"campfire_choices":[{"floor":6,"key":"REST"},{"floor":8,"key":"REST"},{"floor":13,"key":"REST"},{"floor":15,"key":"REST"},{"data":"Defragment","floor":23,"key":"SMITH"},{"floor":30,"key":"REST"},{"floor":32,"key":"REST"},{"data":"Buffer","floor":40,"key":"SMITH"},{"data":"Echo Form","floor":46,"key":"SMITH"},{"floor":49,"key":"REST"}],"neow_cost":"TEN_PERCENT_HP_LOSS","seed_source_timestamp":107902173382574,"circlet_count":0,"master_deck":["Defend_B","Defend_B","Zap","Dualcast","Defragment+1","Doom and Gloom","Darkness","Buffer+1","Undo","Buffer","Loop+1","Glacier","Reinforced Body+1","Echo Form+1","Self Repair","White Noise","Leap+1","Leap+1","Hologram+1","White Noise+1","Force Field","FTL"],"relics":["Cracked Core","Vajra","Letter Opener","Lantern","Omamori","Tiny Chest","Regal Pillow","Nuclear Battery","Anchor","Potion Belt","SsserpentHead","Inserter","DataDisk","Red Mask","Dream Catcher","Orichalcum","MawBank","Sundial"],"potions_floor_usage":[7,12,25,33,35,39,47,47],"damage_taken":[{"damage":4,"enemies":"Jaw Worm","floor":1,"turns":3},{"damage":35,"enemies":"3 Sentries","floor":7,"turns":7},{"damage":5,"enemies":"Small Slimes","floor":11,"turns":3},{"damage":6,"enemies":"Gremlin Nob","floor":12,"turns":3},{"damage":25,"enemies":"3 Sentries","floor":14,"turns":5},{"damage":45,"enemies":"The Guardian","floor":16,"turns":10},{"damage":0,"enemies":"Chosen","floor":18,"turns":5},{"damage":6,"enemies":"3 Byrds","floor":22,"turns":5},{"damage":0,"enemies":"Shelled Parasite and Fungi","floor":24,"turns":7},{"damage":0,"enemies":"Chosen and Byrds","floor":25,"turns":5},{"damage":0,"enemies":"Snecko","floor":28,"turns":9},{"damage":36,"enemies":"Shelled Parasite and Fungi","floor":29,"turns":7},{"damage":12,"enemies":"3 Cultists","floor":31,"turns":5},{"damage":14,"enemies":"Champ","floor":33,"turns":10},{"damage":0,"enemies":"3 Shapes","floor":35,"turns":4},{"damage":4,"enemies":"3 Darklings","floor":38,"turns":8},{"damage":0,"enemies":"Spire Growth","floor":39,"turns":8},{"damage":0,"enemies":"Giant Head","floor":42,"turns":9},{"damage":0,"enemies":"Nemesis","floor":45,"turns":9},{"damage":62,"enemies":"Reptomancer","floor":47,"turns":11},{"damage":76,"enemies":"Donu and Deca","floor":50,"turns":11}],"seed_played":"-1822717302675742199","potions_obtained":[{"floor":1,"key":"SkillPotion"},{"floor":7,"key":"Block Potion"},{"floor":24,"key":"AttackPotion"},{"floor":25,"key":"FocusPotion"},{"floor":28,"key":"SteroidPotion"},{"floor":33,"key":"Block Potion"},{"floor":38,"key":"SkillPotion"},{"floor":42,"key":"Explosive Potion"},{"floor":45,"key":"GamblersBrew"}],"is_trial":false,"path_per_floor":["M","?","$","?","?","R","E","R","T","T","M","E","R","E","R","B",null,"M","?","?","$","M","R","M","M","T","?","M","M","R","M","R","B",null,"M","$","?","M","M","R","?","E","T","?","E","R","M","$","R"],"character_chosen":"DEFECT","items_purchased":["Defragment","Glacier","DataDisk","Force Field"],"campfire_rested":7,"item_purchase_floors":[3,21,36,48],"current_hp_per_floor":[64,46,46,46,46,66,31,51,51,51,46,40,60,35,68,23,57,57,57,57,57,51,51,51,51,51,51,51,15,50,45,68,61,66,66,66,66,68,68,68,68,68,68,68,68,68,27,27,62,0],"gold":57,"neow_bonus":"REMOVE_TWO","is_prod":false,"is_daily":false,"chose_seed":false,"campfire_upgraded":3,"win_rate":0,"timestamp":1537119169,"path_taken":["M","?","$","?","?","R","E","R","T","?","M","E","R","E","R","BOSS","M","?","?","$","M","R","M","?","T","?","M","M","R","M","R","BOSS","M","$","?","M","M","R","?","E","T","?","E","R","M","$","R","BOSS"],"build_version":"2018-09-06","purchased_purges":4,"victory":false,"max_hp_per_floor":[68,68,68,68,68,68,68,68,68,68,68,68,68,68,68,68,68,68,68,68,68,68,68,68,68,68,68,68,68,68,68,68,68,68,68,68,68,68,68,68,68,68,68,68,68,68,68,68,68,68],"card_choices":[{"not_picked":["Chill","Blizzard","Turbo"],"picked":"SKIP","floor":1},{"not_picked":["Steam","Sunder"],"picked":"Doom and Gloom","floor":7},{"not_picked":["Sweeping Beam","Beam Cell"],"picked":"Darkness","floor":11},{"not_picked":["Rip and Tear","Glacier"],"picked":"Buffer","floor":12},{"not_picked":["Go for the Eyes","Melter"],"picked":"Undo","floor":14},{"not_picked":["Hyperbeam","Seek"],"picked":"Buffer","floor":16},{"not_picked":["Melter+1","Ball Lightning"],"picked":"Loop+1","floor":18},{"not_picked":["Go for the Eyes+1","Stack"],"picked":"Reinforced Body+1","floor":22},{"not_picked":["Cold Snap+1","Chaos","Beam Cell+1"],"picked":"SKIP","floor":24},{"not_picked":["Compile Driver","Double Energy","Conserve Battery"],"picked":"SKIP","floor":25},{"not_picked":["Rebound","Turbo+1"],"picked":"Echo Form","floor":28},{"not_picked":["Redo","Leap+1"],"picked":"Self Repair","floor":29},{"not_picked":["Lockon","Redo+1"],"picked":"White Noise","floor":31},{"not_picked":["Sunder+1","Chaos"],"picked":"Leap+1","floor":35},{"not_picked":["Rebound+1","Darkness"],"picked":"Leap+1","floor":38},{"not_picked":["Go for the Eyes","Leap"],"picked":"Hologram+1","floor":39},{"not_picked":["Stack+1","Barrage+1"],"picked":"BootSequence","floor":42},{"not_picked":["Coolheaded+1","Barrage+1"],"picked":"White Noise+1","floor":45},{"not_picked":["Rip and Tear","Cold Snap","Biased Cognition"],"picked":"SKIP","floor":47},{"not_picked":["Streamline","Conserve Battery"],"picked":"FTL","floor":49}],"player_experience":242367,"relics_obtained":[{"floor":7,"key":"Letter Opener"},{"floor":9,"key":"Lantern"},{"floor":10,"key":"Omamori"},{"floor":12,"key":"Tiny Chest"},{"floor":14,"key":"Regal Pillow"},{"floor":26,"key":"Potion Belt"},{"floor":42,"key":"Orichalcum"},{"floor":43,"key":"MawBank"},{"floor":45,"key":"Sundial"}],"event_choices":[{"event_name":"Scrap Ooze","player_choice":"success","floor":2,"damage_taken":18},{"event_name":"World of Goop","player_choice":"Left","floor":4,"damage_taken":0},{"event_name":"The Cleric","player_choice":"Leave","floor":5,"damage_taken":0},{"event_name":"The Mausoleum","player_choice":"Yes","floor":19,"damage_taken":0},{"event_name":"The Joust","player_choice":"Bet on Murderer","floor":20,"damage_taken":0},{"event_name":"FaceTrader","player_choice":"Trade","floor":27,"damage_taken":0},{"event_name":"Tomb of Lord Red Mask","player_choice":"Paid","floor":37,"damage_taken":0},{"event_name":"WeMeetAgain","player_choice":"Potion","floor":41,"damage_taken":0},{"event_name":"Falling","player_choice":"Removed Skill","floor":44,"damage_taken":0}],"is_beta":false,"boss_relics":[{"not_picked":["FrozenCore","Eternal Feather"],"picked":"Nuclear Battery"},{"not_picked":["Astrolabe","Philosopher\u0027s Stone"],"picked":"Inserter"}],"items_purged_floors":[3,21,36,48],"is_endless":false,"potions_floor_spawned":[1,7,24,25,28,33,38,42,45],"killed_by":"Donu and Deca","ascension_level":8}