{"gold_per_floor":[119,119,134,145,226,260,74,74,74,74,74,46,64,82,82,156,156,168,168],"floor_reached":19,"playtime":890,"items_purged":["Strike_B"],"score":326,"play_id":"6de987a5-5ec9-4983-914c-d89803603900","local_time":"20180926124125","is_ascension_mode":true,"campfire_choices":[{"floor":8,"key":"REST"},{"floor":11,"key":"REST"},{"floor":15,"key":"REST"}],"neow_cost":"NONE","seed_source_timestamp":949912785404913,"circlet_count":0,"master_deck":["Strike_B","Strike_B","Strike_B","Defend_B","Defend_B","Defend_B","Defend_B","Zap+1","Dualcast","AscendersBane","Conserve Battery","Zap","Multi-Cast","Chaos","FTL","FTL","Glacier","Compile Driver","Gash","FTL","Sweeping Beam","Buffer","Sweeping Beam"],"relics":["Cracked Core","Dodecahedron","Bottled Flame","Pantograph","Centennial Puzzle","Eternal Feather"],"potions_floor_usage":[6,13,16],"damage_taken":[{"damage":0,"enemies":"2 Louse","floor":1,"turns":2},{"damage":0,"enemies":"Cultist","floor":3,"turns":2},{"damage":7,"enemies":"Jaw Worm","floor":4,"turns":3},{"damage":35,"enemies":"3 Sentries","floor":6,"turns":9},{"damage":0,"enemies":"Blue Slaver","floor":13,"turns":4},{"damage":9,"enemies":"2 Fungi Beasts","floor":14,"turns":2},{"damage":69,"enemies":"The Guardian","floor":16,"turns":8},{"damage":33,"enemies":"Shell Parasite","floor":18,"turns":7},{"damage":21,"enemies":"3 Byrds","floor":19,"turns":3}],"seed_played":"8090823360735776093","potions_obtained":[{"floor":3,"key":"Weak Potion"},{"floor":4,"key":"EssenceOfSteel"},{"floor":14,"key":"Swift Potion"},{"floor":18,"key":"Poison Potion"}],"is_trial":false,"path_per_floor":["M","?","M","M","T","E","$","R","T","?","R","$","M","M","R","B",null,"M"],"character_chosen":"DEFECT","items_purchased":["Glacier","Compile Driver","Gash"],"campfire_rested":3,"item_purchase_floors":[7,7,12],"current_hp_per_floor":[64,64,64,57,57,22,22,43,43,38,59,59,59,50,71,2,54,21,0],"gold":168,"neow_bonus":"UPGRADE_CARD","is_prod":false,"is_daily":false,"chose_seed":false,"campfire_upgraded":0,"win_rate":0,"timestamp":1537958485,"path_taken":["M","?","M","M","?","E","$","R","T","?","R","?","M","?","R","BOSS","M","?"],"build_version":"2018-09-20","purchased_purges":1,"victory":false,"max_hp_per_floor":[71,71,71,71,71,71,71,71,71,71,71,71,71,71,71,71,71,71,71],"card_choices":[{"not_picked":["Aggregate","Coolheaded"],"picked":"Conserve Battery","floor":1},{"not_picked":["Hologram","Barrage"],"picked":"Chaos","floor":3},{"not_picked":["Sweeping Beam","Streamline"],"picked":"FTL","floor":4},{"not_picked":["Gash","Conserve Battery"],"picked":"FTL","floor":6},{"not_picked":["Beam Cell","Redo"],"picked":"FTL","floor":13},{"not_picked":["Tempest","Heatsinks"],"picked":"Sweeping Beam","floor":14},{"not_picked":["Machine Learning","Meteor Strike"],"picked":"Buffer","floor":16},{"not_picked":["Fusion","Reprogram"],"picked":"Sweeping Beam","floor":18}],"player_experience":692244,"relics_obtained":[{"floor":5,"key":"Dodecahedron"},{"floor":6,"key":"Bottled Flame"},{"floor":9,"key":"Pantograph"}],"event_choices":[{"event_name":"Match and Keep!","player_choice":"2 cards matched","floor":2,"damage_taken":0},{"event_name":"Scrap Ooze","player_choice":"success","floor":10,"damage_taken":5}],"is_beta":false,"boss_relics":[{"not_picked":["Tiny House","Black Star"],"picked":"Eternal Feather"}],"items_purged_floors":[7],"is_endless":false,"potions_floor_spawned":[3,4,14,18],"killed_by":"3 Byrds","ascension_level":19}