{"gold_per_floor":[116,116,81,94,113,113,129,142,142,25,36,36,36,53,53,149,149,161,18,18,32,32,32,52,52,52,52,64,64,64,77,77,77],"floor_reached":33,"playtime":9658,"items_purged":["Defend_B"],"score":382,"play_id":"827d1169-8b98-42ea-aa05-a510ad8c1a5e","local_time":"20180919010919","is_ascension_mode":true,"campfire_choices":[{"data":"Dualcast","floor":6,"key":"SMITH"},{"data":"Static Discharge","floor":12,"key":"SMITH"},{"floor":15,"key":"REST"},{"floor":23,"key":"REST"},{"floor":27,"key":"REST"},{"data":"Static Discharge","floor":30,"key":"SMITH"},{"floor":32,"key":"REST"}],"neow_cost":"NONE","seed_source_timestamp":294799303443336,"circlet_count":0,"master_deck":["Strike_B+1","Strike_B","Strike_B","Defend_B","Defend_B","Defend_B","Zap+1","Dualcast+1","AscendersBane","Go for the Eyes","BootSequence","Sunder","Static Discharge+1","Melter","Reinforced Body","Static Discharge+1","Conserve Battery","Rip and Tear+1","Pain","Leap","Reinforced Body"],"relics":["Cracked Core","Juzu Bracelet","Cursed Key","MutagenicStrength","Boot","Thread and Needle"],"potions_floor_usage":[14,16,16,24,31],"damage_taken":[{"damage":1,"enemies":"Cultist","floor":1,"turns":3},{"damage":0,"enemies":"2 Louse","floor":4,"turns":3},{"damage":0,"enemies":"Jaw Worm","floor":5,"turns":4},{"damage":1,"enemies":"3 Louse","floor":7,"turns":3},{"damage":15,"enemies":"Exordium Wildlife","floor":8,"turns":4},{"damage":0,"enemies":"Exordium Thugs","floor":11,"turns":4},{"damage":30,"enemies":"Gremlin Gang","floor":14,"turns":4},{"damage":29,"enemies":"The Guardian","floor":16,"turns":9},{"damage":5,"enemies":"3 Byrds","floor":18,"turns":3},{"damage":12,"enemies":"2 Thieves","floor":21,"turns":4},{"damage":10,"enemies":"Cultist and Chosen","floor":24,"turns":6},{"damage":14,"enemies":"Snake Plant","floor":28,"turns":4},{"damage":15,"enemies":"3 Cultists","floor":31,"turns":5},{"damage":81,"enemies":"Champ","floor":33,"turns":11}],"seed_played":"-4794819871461761237","potions_obtained":[{"floor":4,"key":"LiquidBronze"},{"floor":11,"key":"FearPotion"},{"floor":14,"key":"SpeedPotion"},{"floor":18,"key":"GamblersBrew"},{"floor":28,"key":"Fire Potion"}],"is_trial":false,"path_per_floor":["M","?","?","M","M","R","M","M","T","$","M","R","$","M","R","B",null,"M","$","?","M","?","R","M","?","T","R","M","?","R","M","R"],"character_chosen":"DEFECT","items_purchased":["Static Discharge","Melter","Static Discharge"],"campfire_rested":4,"item_purchase_floors":[10,10,19],"current_hp_per_floor":[67,52,70,70,70,70,69,54,54,54,54,54,54,24,46,17,61,56,56,56,44,44,66,56,56,56,75,61,61,61,46,68,0],"gold":77,"neow_bonus":"REMOVE_CARD","is_prod":false,"is_daily":false,"chose_seed":false,"campfire_upgraded":3,"win_rate":0,"timestamp":1537312159,"path_taken":["M","?","?","?","M","R","M","?","T","?","M","R","$","M","R","BOSS","M","$","?","M","?","R","M","?","T","R","M","?","R","M","R","BOSS"],"build_version":"2018-09-06","purchased_purges":1,"victory":false,"max_hp_per_floor":[75,75,75,75,75,75,75,75,75,75,75,75,75,75,75,75,75,75,75,75,75,75,75,75,75,75,75,75,75,75,75,75,75],"card_choices":[{"not_picked":["Ball Lightning","Steam"],"picked":"Go for the Eyes","floor":1},{"not_picked":["Barrage","Conserve Battery"],"picked":"BootSequence","floor":4},{"not_picked":["Chill","Undo"],"picked":"Sunder","floor":5},{"not_picked":["Ball Lightning","Compile Driver","Gash"],"picked":"SKIP","floor":7},{"not_picked":["Rainbow","Ball Lightning","Gash"],"picked":"SKIP","floor":8},{"not_picked":["Fusion","Streamline","Cold Snap"],"picked":"SKIP","floor":11},{"not_picked":["Genetic Algorithm","Recycle","Cold Snap"],"picked":"SKIP","floor":14},{"not_picked":["Beam Cell","FTL"],"picked":"Reinforced Body","floor":18},{"not_picked":["Coolheaded","Gash"],"picked":"Conserve Battery","floor":21},{"not_picked":["Beam Cell","Go for the Eyes"],"picked":"Rip and Tear+1","floor":24},{"not_picked":["Compile Driver","Hologram"],"picked":"Leap","floor":28},{"not_picked":["Chill","Aggregate"],"picked":"Reinforced Body","floor":31}],"player_experience":371185,"relics_obtained":[{"floor":9,"key":"Juzu Bracelet"},{"floor":26,"key":"Thread and Needle"}],"event_choices":[{"event_name":"Shining Light","player_choice":"Entered Light","floor":2,"damage_taken":0},{"event_name":"The Cleric","player_choice":"Healed","floor":3,"damage_taken":0},{"event_name":"Drug Dealer","player_choice":"Inject Mutagens","floor":20,"damage_taken":0},{"event_name":"Ghosts","player_choice":"Ignored","floor":22,"damage_taken":0},{"event_name":"The Mausoleum","player_choice":"Yes","floor":25,"damage_taken":0},{"event_name":"Vampires","player_choice":"Ignored","floor":29,"damage_taken":0}],"is_beta":false,"boss_relics":[{"not_picked":["Astrolabe","Orrery"],"picked":"Cursed Key"}],"items_purged_floors":[19],"is_endless":false,"potions_floor_spawned":[4,11,14,18,28],"killed_by":"Champ","ascension_level":12}