{"gold_per_floor":[111,111,186,186,202,202,229,229,229,248,278,294,320,76,76,175,175,187,36,36,135,135,152,180,180,180,180,191,218,218,238,238,238],"floor_reached":33,"playtime":1402,"items_purged":[],"score":342,"play_id":"60da5f3d-8df3-4dbb-951a-98f012b5230a","local_time":"20190326195950","is_ascension_mode":true,"campfire_choices":[{"data":"Zap","floor":6,"key":"SMITH"},{"data":"Go for the Eyes","floor":8,"key":"SMITH"},{"floor":15,"key":"REST"},{"floor":25,"key":"REST"},{"floor":30,"key":"REST"},{"floor":32,"key":"REST"}],"neow_cost":"NONE","seed_source_timestamp":28189924544479,"circlet_count":0,"master_deck":["Strike_B","Strike_B","Strike_B","Defend_B+1","Defend_B+1","Defend_B","Zap+1","Coolheaded","Go for the Eyes+1","Beam Cell","Hologram","Ball Lightning","Rebound","FTL","Electrodynamics","Streamline+1","Rebound+1","Storm+1","Redo","Defragment","Hello World","Heatsinks","Conserve Battery","Creative AI","Biased Cognition"],"relics":["Cracked Core","NeowsBlessing","War Paint","The Courier","Emotion Chip","Pocketwatch","Dodecahedron","Orichalcum","Astrolabe","Bottled Tornado","Blue Candle","Shovel"],"potions_floor_usage":[28,29,33],"damage_taken":[{"damage":0,"enemies":"2 Louse","floor":1,"turns":1},{"damage":0,"enemies":"Small Slimes","floor":5,"turns":1},{"damage":0,"enemies":"Gremlin Nob","floor":7,"turns":1},{"damage":0,"enemies":"Cultist","floor":10,"turns":3},{"damage":12,"enemies":"Lagavulin","floor":11,"turns":5},{"damage":8,"enemies":"Large Slime","floor":12,"turns":3},{"damage":11,"enemies":"Gremlin Nob","floor":13,"turns":3},{"damage":14,"enemies":"The Guardian","floor":16,"turns":9},{"damage":7,"enemies":"Chosen","floor":18,"turns":2},{"damage":1,"enemies":"Spheric Guardian","floor":23,"turns":3},{"damage":36,"enemies":"Slavers","floor":24,"turns":4},{"damage":24,"enemies":"Snake Plant","floor":28,"turns":3},{"damage":26,"enemies":"Book of Stabbing","floor":29,"turns":4},{"damage":4,"enemies":"Chosen and Byrds","floor":31,"turns":3},{"damage":46,"enemies":"Automaton","floor":33,"turns":6}],"seed_played":"-4722679792403174986","potions_obtained":[{"floor":1,"key":"Dexterity Potion"},{"floor":12,"key":"Regen Potion"},{"floor":13,"key":"Explosive Potion"},{"floor":23,"key":"Block Potion"},{"floor":29,"key":"Fire Potion"}],"is_trial":false,"path_per_floor":["M","?","?","?","M","R","E","R","T","M","E","M","E","$","R","B",null,"M","$","?","?","?","M","E","R","T","T","M","E","R","M","R","B"],"character_chosen":"DEFECT","items_purchased":["Hyperbeam","Orichalcum","Redo","Defragment","Hello World"],"campfire_rested":4,"item_purchase_floors":[14,14,19,19,19],"current_hp_per_floor":[75,68,57,57,57,57,57,57,57,57,45,37,26,26,48,34,75,68,68,68,68,68,67,31,53,53,53,29,3,25,21,43,0],"gold":238,"neow_bonus":"THREE_ENEMY_KILL","is_prod":false,"is_daily":false,"chose_seed":false,"campfire_upgraded":2,"win_rate":0,"timestamp":1553630390,"path_taken":["M","?","?","?","?","R","E","R","T","M","E","M","E","$","R","BOSS","M","$","?","?","?","M","E","R","T","?","M","E","R","M","R","BOSS"],"build_version":"2019-01-23","purchased_purges":0,"victory":false,"max_hp_per_floor":[75,75,75,75,75,75,75,75,75,75,75,75,75,75,75,75,75,75,75,75,75,75,75,75,75,75,75,75,75,75,75,75,75],"card_choices":[{"not_picked":["Aggregate","Hologram"],"picked":"Coolheaded","floor":1},{"not_picked":["Cold Snap","Beam Cell"],"picked":"Go for the Eyes","floor":5},{"not_picked":["Coolheaded","Stack"],"picked":"Beam Cell","floor":7},{"not_picked":["Beam Cell","Recycle"],"picked":"Hologram","floor":10},{"not_picked":["Echo Form","Conserve Battery"],"picked":"Ball Lightning","floor":11},{"not_picked":["Barrage","Conserve Battery"],"picked":"Rebound","floor":12},{"not_picked":["Redo","Chill"],"picked":"FTL","floor":13},{"not_picked":["Core Surge","Echo Form"],"picked":"Electrodynamics","floor":16},{"not_picked":["Steam Power","Go for the Eyes"],"picked":"Storm+1","floor":18},{"not_picked":["Go for the Eyes","Glacier"],"picked":"Conserve Battery","floor":23},{"not_picked":["Heatsinks","Machine Learning"],"picked":"Creative AI","floor":24},{"not_picked":["Double Energy","Steam","Capacitor"],"picked":"SKIP","floor":28},{"not_picked":["Barrage+1","Redo"],"picked":"Biased Cognition","floor":29},{"not_picked":["Rip and Tear","Rebound","Hologram"],"picked":"SKIP","floor":31}],"player_experience":215651,"relics_obtained":[{"floor":7,"key":"The Courier"},{"floor":9,"key":"Emotion Chip"},{"floor":11,"key":"Pocketwatch"},{"floor":13,"key":"Dodecahedron"},{"floor":24,"key":"Bottled Tornado"},{"floor":27,"key":"Blue Candle"},{"floor":29,"key":"Shovel"}],"event_choices":[{"cards_removed":["Defend_B"],"damage_healed":0,"gold_gain":0,"player_choice":"Card Removal","damage_taken":7,"max_hp_gain":0,"max_hp_loss":0,"event_name":"Golden Wing","floor":2,"gold_loss":0},{"damage_healed":0,"gold_gain":75,"player_choice":"Gather Gold","damage_taken":11,"max_hp_gain":0,"max_hp_loss":0,"event_name":"World of Goop","floor":3,"gold_loss":0},{"damage_healed":0,"gold_gain":0,"player_choice":"Gave Potion","damage_taken":0,"relics_obtained":["War Paint"],"max_hp_gain":0,"max_hp_loss":0,"event_name":"WeMeetAgain","floor":4,"gold_loss":0},{"damage_healed":0,"gold_gain":0,"player_choice":"Read","damage_taken":0,"max_hp_gain":0,"max_hp_loss":0,"event_name":"The Library","floor":20,"gold_loss":0,"cards_obtained":["Heatsinks"]},{"damage_healed":0,"gold_gain":99,"player_choice":"Stole From Cult","damage_taken":0,"max_hp_gain":0,"max_hp_loss":0,"event_name":"Nest","floor":21,"gold_loss":0},{"cards_removed":["Fusion"],"damage_healed":0,"gold_gain":0,"player_choice":"Elegance","damage_taken":0,"max_hp_gain":0,"max_hp_loss":0,"event_name":"Back to Basics","floor":22,"gold_loss":0}],"is_beta":false,"boss_relics":[{"not_picked":["Tiny House","Coffee Dripper"],"picked":"Astrolabe"}],"items_purged_floors":[],"is_endless":false,"potions_floor_spawned":[1,12,13,23,29],"killed_by":"Automaton","ascension_level":1}