{"gold_per_floor":[109,125,125,125,141,141,170,22,22,22,22,32,32,32,32,32],"floor_reached":16,"playtime":937,"items_purged":[],"score":127,"play_id":"82d3857b-941e-4060-af31-7351d5832709","local_time":"20180916152915","is_ascension_mode":true,"campfire_choices":[{"floor":6,"key":"REST"},{"floor":10,"key":"REST"},{"floor":13,"key":"REST"},{"data":"Dualcast","floor":15,"key":"SMITH"}],"neow_cost":"","seed_source_timestamp":95924407781486,"circlet_count":0,"master_deck":["Strike_B","Strike_B+1","Strike_B","Strike_B+1","Defend_B","Defend_B","Defend_B","Defend_B","Zap","Dualcast+1","Sweeping Beam","Hologram","Melter"],"relics":["Cracked Core","Darkstone Periapt","Smiling Mask","Anchor","Omamori"],"potions_floor_usage":[7,16,16],"damage_taken":[{"damage":2,"enemies":"Small Slimes","floor":1,"turns":3},{"damage":4,"enemies":"Jaw Worm","floor":2,"turns":4},{"damage":0,"enemies":"Cultist","floor":5,"turns":2},{"damage":26,"enemies":"Gremlin Nob","floor":7,"turns":4},{"damage":3,"enemies":"Blue Slaver","floor":12,"turns":3},{"damage":81,"enemies":"Slime Boss","floor":16,"turns":10}],"seed_played":"-9084373901438332220","potions_obtained":[{"floor":1,"key":"Strength Potion"},{"floor":5,"key":"LiquidBronze"},{"floor":7,"key":"SteroidPotion"}],"is_trial":false,"path_per_floor":["M","M","?","?","M","R","E","$","T","R","$","M","R","$","R"],"character_chosen":"DEFECT","items_purchased":["Anchor"],"campfire_rested":3,"item_purchase_floors":[8],"current_hp_per_floor":[66,62,47,44,44,66,40,40,40,62,62,59,75,75,75,0],"gold":32,"neow_bonus":"","is_prod":false,"is_daily":false,"chose_seed":false,"campfire_upgraded":1,"win_rate":0,"timestamp":1537104555,"path_taken":["M","M","?","?","M","R","E","$","T","R","$","M","R","?","R","BOSS"],"build_version":"2018-09-06","purchased_purges":0,"victory":false,"max_hp_per_floor":[75,75,75,75,75,75,75,75,75,75,75,75,75,75,75,75],"card_choices":[{"not_picked":["Rip and Tear","Ball Lightning","Hologram"],"picked":"SKIP","floor":1},{"not_picked":["Hologram","Chaos","Steam Power"],"picked":"SKIP","floor":2},{"not_picked":["Compile Driver","Reprogram"],"picked":"Sweeping Beam","floor":5},{"not_picked":["Heatsinks","Gash"],"picked":"Hologram","floor":7},{"not_picked":["Barrage","Reinforced Body"],"picked":"Melter","floor":12}],"player_experience":232504,"relics_obtained":[{"floor":7,"key":"Smiling Mask"},{"floor":9,"key":"Omamori"}],"event_choices":[{"event_name":"Shining Light","player_choice":"Entered Light","floor":3,"damage_taken":0},{"event_name":"Scrap Ooze","player_choice":"success","floor":4,"damage_taken":3}],"is_beta":false,"boss_relics":[],"items_purged_floors":[],"is_endless":false,"potions_floor_spawned":[1,5,7],"killed_by":"Slime Boss","ascension_level":6}