{"gold_per_floor":[110,140,153,103,119,119,119,139,139,159,115,34,34,50,50,155,155,172,172,172,185,2,2,21,32,81,81,94,94,108,108],"floor_reached":31,"playtime":2261,"items_purged":[],"score":229,"play_id":"450faed4-b87f-4682-8d7c-65991723ca66","local_time":"20180629180508","is_ascension_mode":false,"campfire_choices":[{"data":"Ball Lightning","floor":6,"key":"SMITH"},{"floor":13,"key":"REST"},{"data":"Thunder Strike","floor":15,"key":"SMITH"},{"data":"Storm","floor":23,"key":"SMITH"},{"floor":27,"key":"REST"},{"floor":29,"key":"REST"}],"neow_cost":"NONE","seed_source_timestamp":17337713515069,"circlet_count":0,"master_deck":["Strike_B","Strike_B","Strike_B","Strike_B","Defend_B","Defend_B","Defend_B","Defend_B","Zap","Dualcast","Amplify","Sweeping Beam","Gash","Ball Lightning+1","Sweeping Beam","Defragment","Thunder Strike+1","Rip and Tear","Echo Form","Streamline","Writhe","Barrage","Darkness","Storm+1","Consume","Go for the Eyes","Self Repair","Hologram"],"relics":["Cracked Core","Tiny Chest","Calipers","Darkstone Periapt","Nuclear Battery","Strawberry","Bronze Scales","Lantern"],"potions_floor_usage":[16],"damage_taken":[{"damage":5,"enemies":"Small Slimes","floor":1,"turns":3},{"damage":0,"enemies":"Cultist","floor":3,"turns":2},{"damage":6,"enemies":"Jaw Worm","floor":5,"turns":3},{"damage":12,"enemies":"Blue Slaver","floor":8,"turns":2},{"damage":0,"enemies":"Looter","floor":10,"turns":2},{"damage":0,"enemies":"Large Slime","floor":14,"turns":4},{"damage":35,"enemies":"The Guardian","floor":16,"turns":8},{"damage":14,"enemies":"Shell Parasite","floor":18,"turns":5},{"damage":13,"enemies":"Chosen","floor":21,"turns":4},{"damage":34,"enemies":"Snake Plant","floor":24,"turns":4},{"damage":10,"enemies":"Snecko","floor":25,"turns":4},{"damage":30,"enemies":"Cultist and Chosen","floor":28,"turns":6},{"damage":12,"enemies":"Snake Plant","floor":30,"turns":3},{"damage":33,"enemies":"3 Cultists","floor":31,"turns":4}],"seed_played":"-3160375929923551040","potions_obtained":[{"floor":1,"key":"Dexterity Potion"},{"floor":8,"key":"LiquidBronze"},{"floor":16,"key":"Fire Potion"},{"floor":18,"key":"Poison Potion"}],"is_trial":false,"path_per_floor":["M","?","M","?","M","R","?","M","T","M","?","$","R","M","R","B",null,"M","?","?","M","$","R","M","M","T","R","M","R","M"],"character_chosen":"DEFECT","items_purchased":["Thunder Strike","Storm","Bronze Scales"],"campfire_rested":3,"item_purchase_floors":[12,22,22],"current_hp_per_floor":[70,70,70,70,64,64,52,40,40,40,40,40,62,62,62,27,75,61,74,74,61,61,61,27,17,17,43,13,39,27,0],"gold":108,"neow_bonus":"ONE_RANDOM_RARE_CARD","is_prod":false,"is_daily":false,"chose_seed":false,"campfire_upgraded":3,"win_rate":0.0,"timestamp":1530291908,"path_taken":["M","?","?","?","M","R","?","?","T","M","?","?","R","M","R","BOSS","M","?","?","M","$","R","M","M","T","R","M","R","M","M"],"build_version":"2018-06-28","purchased_purges":0,"victory":false,"max_hp_per_floor":[75,75,75,75,75,75,75,75,75,75,75,75,75,75,75,75,75,75,88,88,88,88,88,88,88,88,88,88,88,88,88],"card_choices":[{"not_picked":["Leap","Loop"],"picked":"Sweeping Beam","floor":1},{"not_picked":["Hologram","Static Discharge"],"picked":"Gash","floor":3},{"not_picked":["Auto Shields","Steam"],"picked":"Ball Lightning","floor":5},{"not_picked":["Glacier","Cold Snap"],"picked":"Sweeping Beam","floor":8},{"not_picked":["Skim","Glacier"],"picked":"Defragment","floor":10},{"not_picked":["Leap","Compile Driver"],"picked":"Rip and Tear","floor":14},{"not_picked":["Buffer","Seek"],"picked":"Echo Form","floor":16},{"not_picked":["Steam","Leap+1"],"picked":"Streamline","floor":18},{"not_picked":["Beam Cell+1","Skim"],"picked":"Darkness","floor":21},{"not_picked":["Barrage","Gash"],"picked":"Consume","floor":24},{"not_picked":["Steam Power","Barrage"],"picked":"Go for the Eyes","floor":25},{"not_picked":["Tempest","Capacitor"],"picked":"Self Repair","floor":28},{"not_picked":["Streamline","Coolheaded"],"picked":"Hologram","floor":30}],"player_experience":124130,"relics_obtained":[{"floor":9,"key":"Darkstone Periapt"},{"floor":26,"key":"Lantern"}],"event_choices":[{"event_name":"Accursed Blacksmith","player_choice":"Rummage","floor":2,"damage_taken":0},{"event_name":"The Cleric","player_choice":"Card Removal","floor":4,"damage_taken":0},{"event_name":"Scrap Ooze","player_choice":"success","floor":7,"damage_taken":12},{"event_name":"World of Goop","player_choice":"Left","floor":11,"damage_taken":0},{"event_name":"The Mausoleum","player_choice":"Yes","floor":19,"damage_taken":0},{"event_name":"The Library","player_choice":"Read","floor":20,"damage_taken":0}],"boss_relics":[{"not_picked":["Runic Pyramid","White Beast Statue"],"picked":"Nuclear Battery"}],"items_purged_floors":[],"is_endless":false,"potions_floor_spawned":[1,8,16,18,24,28],"killed_by":"3 Cultists","ascension_level":0}