{"path_per_floor":["M","M","?","M","M","E","R","E","T","?","E","M","?","M","R","B",null,"M","?","M","T","M","R","$","R","T","?","M","$","M","E","R"],"character_chosen":"IRONCLAD","items_purchased":["Feed","Flash of Steel"],"gold_per_floor":[115,130,130,140,154,188,188,216,216,216,241,260,335,349,349,448,448,430,430,446,446,463,463,168,168,239,154,169,119,131,159,159],"floor_reached":33,"campfire_rested":2,"playtime":2677,"current_hp_per_floor":[80,80,85,85,77,57,57,51,51,51,47,51,40,44,84,44,85,73,57,62,62,50,50,50,50,50,50,54,54,34,38,80],"items_purged":["Regret","Doubt"],"gold":159,"score":287,"play_id":"0624cd13-c80e-4df5-b1e3-5e5540419ef6","is_prod":false,"is_daily":false,"is_ascension_mode":false,"campfire_upgraded":3,"path_taken":["M","M","?","?","?","E","R","E","T","?","E","M","?","M","R","BOSS","M","?","M","?","M","R","$","R","T","?","M","$","M","E","R","BOSS"],"build_version":"2018-02-12-PROD1","purchased_purges":2,"victory":false,"master_deck":["Strike_R","Strike_R","Strike_R","Strike_R","Defend_R","Defend_R","Defend_R","Defend_R","Bash","Flex+1","Headbutt","Shrug It Off","Pommel Strike","Spot Weakness","Sword Boomerang","Pummel","Thunderclap","Demon Form+1","Sword Boomerang+1","Pommel Strike","Regret","Heavy Blade","Feed+1","Flash of Steel","Battle Trance+1","Shockwave"],"max_hp_per_floor":[80,80,85,85,85,85,85,85,85,85,85,85,85,85,85,85,85,85,90,90,90,90,90,90,90,90,90,90,90,90,90,90],"relics":["Burning Blood","Thread and Needle","Regal Pillow","Bottled Lightning","Letter Opener","Smiling Mask","Cursed Key","Magic Flower","Centennial Puzzle","Oddly Smooth Stone","Darkstone Periapt"],"card_choices":[{"not_picked":["Shrug It Off","Thunderclap"],"picked":"Flex"},{"not_picked":["Rampage","Rage"],"picked":"Headbutt"},{"not_picked":["Wild Strike","Searing Blow"],"picked":"Shrug It Off"},{"not_picked":["Headbutt","Havoc"],"picked":"Pommel Strike"},{"not_picked":["Headbutt","Rupture"],"picked":"Spot Weakness"},{"not_picked":["Reckless Charge","Exhume"],"picked":"Sword Boomerang"},{"not_picked":["Wild Strike","Second Wind"],"picked":"Pummel"},{"not_picked":["Warcry","Iron Wave"],"picked":"Thunderclap"},{"not_picked":["Barricade","Dark Embrace"],"picked":"Demon Form"},{"not_picked":["True Grit","Reckless Charge"],"picked":"Sword Boomerang"},{"not_picked":["Feel No Pain","Corruption"],"picked":"Pommel Strike"},{"not_picked":["Dual Wield","Reckless Charge"],"picked":"Heavy Blade"},{"not_picked":["Havoc","Dual Wield"],"picked":"Battle Trance"},{"not_picked":["Dual Wield","Dropkick"],"picked":"Shockwave"}],"player_experience":127959,"potions_floor_usage":[11,16,20,31,31,33],"damage_taken":[{"damage":3,"enemies":"Small Slimes","floor":1,"turns":3},{"damage":5,"enemies":"Cultist","floor":2,"turns":4},{"damage":2,"enemies":"2 Louse","floor":4,"turns":3},{"damage":14,"enemies":"Lots of Slimes","floor":5,"turns":5},{"damage":26,"enemies":"Gremlin Nob","floor":6,"turns":5},{"damage":12,"enemies":"3 Sentries","floor":8,"turns":8},{"damage":10,"enemies":"Lagavulin","floor":11,"turns":5},{"damage":2,"enemies":"Gremlin Gang","floor":12,"turns":4},{"damage":2,"enemies":"Large Slime","floor":14,"turns":2},{"damage":46,"enemies":"The Guardian","floor":16,"turns":9},{"damage":18,"enemies":"2 Thieves","floor":18,"turns":4},{"damage":1,"enemies":"Shell Parasite","floor":20,"turns":3},{"damage":21,"enemies":"Centurion and Healer","floor":22,"turns":6},{"damage":5,"enemies":"Cultist and Chosen","floor":28,"turns":3},{"damage":29,"enemies":"Snake Plant","floor":30,"turns":5},{"damage":5,"enemies":"Gremlin Leader","floor":31,"turns":4},{"damage":89,"enemies":"Automaton","floor":33,"turns":8}],"event_choices":[{"event_name":"Big Fish","player_choice":"Donut","floor":3,"damage_taken":0},{"event_name":"Purifier","player_choice":"One Purge","floor":10,"damage_taken":0},{"event_name":"World of Goop","player_choice":"Gather Gold","floor":13,"damage_taken":0},{"event_name":"Forgotten Altar","player_choice":"Shed Blood","floor":19,"damage_taken":0},{"event_name":"Addict","player_choice":"Obtained Relic","floor":27,"damage_taken":0}],"boss_relics":[{"not_picked":["Philosopher\u0027s Stone","Lizard Tail"],"picked":"Cursed Key"}],"potions_floor_spawned":[8,11,12,16,18,20],"seed_played":"-7577266362133182080","killed_by":"Automaton","ascension_level":0,"is_trial":false}