{"gold_per_floor":[114,114,129,8,23,53,53,68,68,68,98,113,128,143,143,143],"floor_reached":16,"playtime":1050,"items_purged":["Barricade"],"score":114,"play_id":"fb8aa24e-e550-4e3a-af43-2b97269dfa53","local_time":"20181029193037","daily_mods":["Chimera","Green Cards","Careless"],"is_ascension_mode":false,"campfire_choices":[{"data":"Noxious Fumes","floor":7,"key":"SMITH"},{"floor":10,"key":"REST"},{"floor":15,"key":"REST"}],"neow_cost":"","seed_source_timestamp":0,"circlet_count":0,"master_deck":["Bash","Survivor","Zap","Strike_R","Strike_G","Defend_R","Defend_G","Defend_B","Deadly Poison","Blade Dance","Noxious Fumes+1","Cloak And Dagger","Backflip","Blade Dance"],"special_seed":17834,"relics":["Burning Blood","Lantern","Blue Candle","Question Card"],"potions_floor_usage":[6,11,13],"damage_taken":[{"damage":10,"enemies":"Small Slimes","floor":1,"turns":3},{"damage":6,"enemies":"Cultist","floor":3,"turns":4},{"damage":0,"enemies":"2 Louse","floor":5,"turns":2},{"damage":45,"enemies":"3 Sentries","floor":6,"turns":12},{"damage":16,"enemies":"Lots of Slimes","floor":8,"turns":3},{"damage":28,"enemies":"Gremlin Nob","floor":11,"turns":4},{"damage":19,"enemies":"Gremlin Gang","floor":12,"turns":5},{"damage":17,"enemies":"Large Slime","floor":13,"turns":6},{"damage":7,"enemies":"2 Fungi Beasts","floor":14,"turns":5},{"damage":32,"enemies":"Hexaghost","floor":16,"turns":10}],"seed_played":"-1635922721403175301","potions_obtained":[{"floor":1,"key":"GamblersBrew"},{"floor":5,"key":"SteroidPotion"},{"floor":8,"key":"Ancient Potion"},{"floor":12,"key":"AttackPotion"}],"is_trial":false,"path_per_floor":["M","?","M","$","M","E","R","M","T","R","E","M","M","M","R"],"character_chosen":"IRONCLAD","items_purchased":["Deadly Poison"],"campfire_rested":2,"item_purchase_floors":[4],"current_hp_per_floor":[76,76,76,76,80,41,41,31,31,55,33,20,9,8,32,0],"gold":143,"neow_bonus":"","is_prod":false,"is_daily":true,"chose_seed":false,"campfire_upgraded":1,"win_rate":0,"timestamp":1540866637,"path_taken":["M","?","M","$","M","E","R","M","T","R","E","?","?","?","R","BOSS"],"build_version":"2018-10-25v2","purchased_purges":1,"victory":false,"max_hp_per_floor":[80,80,80,80,80,80,80,80,80,80,80,80,80,80,80,80],"card_choices":[{"not_picked":["Reflex","Anger","Bane"],"picked":"SKIP","floor":1},{"not_picked":["Wild Strike","Second Wind","Distraction"],"picked":"SKIP","floor":3},{"not_picked":["Dagger Throw","Twin Strike"],"picked":"Blade Dance","floor":5},{"not_picked":["Havoc","Crippling Poison"],"picked":"Noxious Fumes","floor":6},{"not_picked":["Poisoned Stab","Fiend Fire"],"picked":"Cloak And Dagger","floor":8},{"not_picked":["Sucker Punch","Poisoned Stab","Inflame"],"picked":"SKIP","floor":11},{"not_picked":["Corruption","Twin Strike","Flex","Thunderclap"],"picked":"SKIP","floor":12},{"not_picked":["Body Slam","Tactician","Prepared"],"picked":"Backflip","floor":13},{"not_picked":["Flying Knee","Metallicize","Poisoned Stab"],"picked":"Blade Dance","floor":14}],"player_experience":521446,"relics_obtained":[{"floor":6,"key":"Lantern"},{"floor":9,"key":"Blue Candle"},{"floor":11,"key":"Question Card"}],"event_choices":[{"damage_healed":0,"gold_gain":0,"cards_transformed":["Strike_B"],"player_choice":"Transformed","damage_taken":0,"max_hp_gain":0,"max_hp_loss":0,"event_name":"Transmorgrifier","floor":2,"gold_loss":0,"cards_obtained":["Barricade"]}],"is_beta":false,"boss_relics":[],"items_purged_floors":[4],"is_endless":false,"potions_floor_spawned":[1,5,8,12],"killed_by":"Hexaghost","ascension_level":0}