{"gold_per_floor":[114,129,304,304,323,361,361,361,411,411,86,105,124,143,143,268,268,287,306,56,56,75,75,113,113,188,207,226,245,245,264,264,389,389,408,469,488,488,507,507,526,526,526,564,141,160,160,179,179,179],"floor_reached":51,"playtime":2486,"items_purged":["Doubt","Grand Finale","Doppelganger"],"score":853,"play_id":"1c95e8b2-5b86-4beb-9f3f-e274ab3f6f6c","local_time":"20190125201821","daily_mods":["Shiny","Uncertain Future","Terminal"],"is_ascension_mode":false,"campfire_choices":[{"floor":7,"key":"REST"},{"data":"After Image","floor":10,"key":"SMITH"},{"data":"A Thousand Cuts","floor":15,"key":"SMITH"},{"floor":23,"key":"REST"},{"floor":30,"key":"REST"},{"floor":32,"key":"REST"},{"floor":40,"key":"REST"},{"floor":42,"key":"REST"},{"floor":49,"key":"REST"}],"neow_cost":"","seed_source_timestamp":0,"circlet_count":0,"master_deck":["Venomology","Corpse Explosion","Malaise","Phantasmal Killer","Die Die Die","Adrenaline","Envenom","Wraith Form v2","Tools of the Trade","Night Terror","Unload","After Image+1","Bullet Time","Storm of Steel","Glass Knife","A Thousand Cuts+1","Dagger Spray","Poisoned Stab","Backstab","Sucker Punch","Blade Dance","Deflect","Flying Knee","Glass Knife","Deflect","RitualDagger","Dagger Throw+1","Escape Plan","Quick Slash+1","Poisoned Stab","After Image","Blade Dance+1","Burst","Parasite","Catalyst","Dodge and Roll+1","Parasite","Backflip","Escape Plan","Madness","Madness","Dodge and Roll+1"],"special_seed":17922,"relics":["Ring of the Snake","Golden Idol","Strawberry","Mercury Hourglass","Anchor","Bottled Lightning","Fusion Hammer","Membership Card","Nloth\u0027s Gift","Meat on the Bone","Cursed Key","Turnip","Tough Bandages","Nunchaku","Ornamental Fan","Ancient Tea Set","Chemical X"],"potions_floor_usage":[16,28,29,33,33,36,37,39,41,44,46,50,50],"damage_taken":[{"damage":0,"enemies":"2 Louse","floor":1,"turns":2},{"damage":1,"enemies":"Jaw Worm","floor":2,"turns":2},{"damage":0,"enemies":"Small Slimes","floor":5,"turns":2},{"damage":13,"enemies":"Lagavulin","floor":6,"turns":5},{"damage":0,"enemies":"Red Slaver","floor":12,"turns":2},{"damage":0,"enemies":"Blue Slaver","floor":13,"turns":2},{"damage":0,"enemies":"2 Fungi Beasts","floor":14,"turns":1},{"damage":17,"enemies":"The Guardian","floor":16,"turns":7},{"damage":0,"enemies":"2 Thieves","floor":18,"turns":1},{"damage":0,"enemies":"3 Byrds","floor":19,"turns":1},{"damage":0,"enemies":"Cultist and Chosen","floor":22,"turns":2},{"damage":0,"enemies":"Slavers","floor":24,"turns":2},{"damage":2,"enemies":"Centurion and Healer","floor":27,"turns":3},{"damage":5,"enemies":"Snecko","floor":28,"turns":4},{"damage":0,"enemies":"Cultist and Chosen","floor":29,"turns":4},{"damage":0,"enemies":"3 Cultists","floor":31,"turns":2},{"damage":0,"enemies":"Automaton","floor":33,"turns":6},{"damage":1,"enemies":"3 Darklings","floor":35,"turns":3},{"damage":0,"enemies":"2 Orb Walkers","floor":36,"turns":4},{"damage":0,"enemies":"3 Shapes","floor":37,"turns":2},{"damage":12,"enemies":"Writhing Mass","floor":39,"turns":3},{"damage":28,"enemies":"Maw","floor":41,"turns":7},{"damage":17,"enemies":"Reptomancer","floor":44,"turns":4},{"damage":4,"enemies":"Jaw Worm Horde","floor":46,"turns":3},{"damage":0,"enemies":"Writhing Mass","floor":48,"turns":3},{"damage":24,"enemies":"Donu and Deca","floor":50,"turns":9}],"seed_played":"8774462537706310572","potions_obtained":[{"floor":12,"key":"Fire Potion"},{"floor":13,"key":"GamblersBrew"},{"floor":28,"key":"Strength Potion"},{"floor":33,"key":"FearPotion"},{"floor":39,"key":"AttackPotion"}],"is_trial":false,"path_per_floor":["M","M","?","?","M","E","R","T","T","R","$","M","M","M","R","B",null,"M","M","$","?","M","R","E","?","T","M","M","M","R","M","R","B",null,"M","?","M","?","M","R","M","R","T","E","$","M","?","M","R","B",null],"character_chosen":"THE_SILENT","items_purchased":["Bottled Lightning","Membership Card","Ornamental Fan","Backflip","Escape Plan","Ancient Tea Set","Chemical X"],"campfire_rested":7,"item_purchase_floors":[11,20,45,45,45,45,45],"current_hp_per_floor":[68,67,66,50,50,44,65,65,65,65,65,64,63,62,61,44,59,58,57,56,50,50,53,52,51,50,48,43,43,46,45,44,43,42,41,40,39,38,26,36,20,30,30,25,25,21,17,17,25,13],"gold":179,"neow_bonus":"","is_prod":false,"is_daily":true,"chose_seed":false,"campfire_upgraded":2,"win_rate":0,"timestamp":1548476301,"path_taken":["M","M","?","?","M","E","R","?","T","R","$","M","M","M","R","BOSS","M","M","$","?","M","R","E","?","T","?","M","M","R","M","R","BOSS","M","?","M","?","M","R","M","R","T","E","$","M","?","M","R","BOSS"],"build_version":"2019-01-23","purchased_purges":3,"victory":true,"max_hp_per_floor":[68,67,66,65,64,70,69,68,67,66,65,64,63,62,61,60,59,58,57,56,55,54,53,52,51,50,49,48,47,46,45,44,43,42,41,40,39,38,37,36,35,34,33,32,31,30,29,28,27,26],"card_choices":[{"not_picked":["Prepared","Slice"],"picked":"Dagger Spray","floor":1},{"not_picked":["Deadly Poison","Accuracy"],"picked":"Poisoned Stab","floor":2},{"not_picked":["Wraith Form v2","Concentrate"],"picked":"Backstab","floor":5},{"not_picked":["Noxious Fumes","Slice"],"picked":"Sucker Punch","floor":6},{"not_picked":["Backstab","Prepared"],"picked":"Blade Dance","floor":12},{"not_picked":["PiercingWail","Venomology"],"picked":"Deflect","floor":13},{"not_picked":["Dagger Spray","Outmaneuver"],"picked":"Flying Knee","floor":14},{"not_picked":["Doppelganger","Wraith Form v2"],"picked":"Glass Knife","floor":16},{"not_picked":["Well Laid Plans","Expertise"],"picked":"Deflect","floor":18},{"not_picked":["PiercingWail","Flechettes","Crippling Poison"],"picked":"SKIP","floor":19},{"not_picked":["Accuracy","Riddle With Holes+1"],"picked":"Dagger Throw+1","floor":22},{"not_picked":["Flechettes","Bane","Deadly Poison"],"picked":"SKIP","floor":24},{"not_picked":["Bane","Corpse Explosion"],"picked":"Escape Plan","floor":27},{"not_picked":["Reflex","Slice+1","Calculated Gamble"],"picked":"SKIP","floor":28},{"not_picked":["Dagger Spray+1","All Out Attack"],"picked":"Quick Slash+1","floor":29},{"not_picked":["Sucker Punch","Slice"],"picked":"Poisoned Stab","floor":31},{"not_picked":["Unload","A Thousand Cuts"],"picked":"After Image","floor":33},{"not_picked":["Concentrate","Prepared+1"],"picked":"Blade Dance+1","floor":35},{"not_picked":["Underhanded Strike+1","PiercingWail+1"],"picked":"Burst","floor":37},{"not_picked":["Quick Slash+1","Slice+1"],"picked":"Catalyst","floor":39},{"not_picked":["Flying Knee+1","Crippling Poison"],"picked":"Dodge and Roll+1","floor":41},{"not_picked":["Concentrate+1","Phantasmal Killer","Distraction+1"],"picked":"SKIP","floor":44},{"not_picked":["Setup","Sucker Punch","Dagger Spray"],"picked":"SKIP","floor":46},{"not_picked":["Deflect","Accuracy"],"picked":"Dodge and Roll+1","floor":48}],"player_experience":605373,"relics_obtained":[{"floor":6,"key":"Strawberry"},{"floor":8,"key":"Mercury Hourglass"},{"floor":9,"key":"Anchor"},{"floor":24,"key":"StoneCalendar"},{"floor":26,"key":"Meat on the Bone"},{"floor":36,"key":"Turnip"},{"floor":43,"key":"Tough Bandages"},{"floor":44,"key":"Nunchaku"}],"event_choices":[{"damage_healed":0,"gold_gain":175,"player_choice":"AGREE","damage_taken":0,"max_hp_gain":0,"max_hp_loss":0,"event_name":"Liars Game","floor":3,"gold_loss":0,"cards_obtained":["Doubt"]},{"damage_healed":0,"gold_gain":0,"player_choice":"Take Damage","damage_taken":16,"relics_obtained":["Golden Idol"],"max_hp_gain":0,"max_hp_loss":0,"event_name":"Golden Idol","floor":4,"gold_loss":0},{"damage_healed":0,"gold_gain":0,"player_choice":"Joined the Cult","damage_taken":6,"max_hp_gain":0,"max_hp_loss":0,"event_name":"Nest","floor":21,"gold_loss":0,"cards_obtained":["RitualDagger"]},{"damage_healed":0,"gold_gain":0,"player_choice":"Traded Relic","damage_taken":0,"relics_obtained":["Nloth\u0027s Gift"],"max_hp_gain":0,"max_hp_loss":0,"event_name":"N\u0027loth","floor":25,"relics_lost":["StoneCalendar"],"gold_loss":0},{"damage_healed":0,"gold_gain":0,"player_choice":"Fight","damage_taken":0,"max_hp_gain":0,"max_hp_loss":0,"event_name":"Mysterious Sphere","floor":36,"gold_loss":0},{"cards_removed":["Burst"],"damage_healed":0,"gold_gain":0,"player_choice":"Removed Skill","damage_taken":0,"max_hp_gain":0,"max_hp_loss":0,"event_name":"Falling","floor":38,"gold_loss":0},{"damage_healed":0,"gold_gain":0,"player_choice":"Embrace Madness","damage_taken":4,"max_hp_gain":0,"max_hp_loss":0,"event_name":"Winding Halls","floor":47,"gold_loss":0,"cards_obtained":["Madness","Madness"]}],"is_beta":false,"boss_relics":[{"not_picked":["Sozu","HoveringKite"],"picked":"Fusion Hammer"},{"not_picked":["Astrolabe","Runic Dome"],"picked":"Cursed Key"}],"items_purged_floors":[11,20,45],"is_endless":false,"potions_floor_spawned":[12,13,14,19,22,28,31,33,36,39,44,46],"ascension_level":0}