{"gold_per_floor":[115,134,147,159,169,169,194,209,278,278,203,232,245,245,245,350,350,350,350,350,350,350,350,350,350,350,350,350,350,350,350,350,350,350,350,350,350,350,350,350,350,250,250,250,250,250,250,250,250,250],"floor_reached":51,"playtime":3211,"items_purged":["Strike_B","Strike_B"],"score":916,"play_id":"f771e5ef-622f-4a76-b74a-5aa34548ce46","local_time":"20181027233007","is_ascension_mode":true,"campfire_choices":[{"data":"Defragment","floor":6,"key":"SMITH"},{"floor":10,"key":"REST"},{"data":"Loop","floor":15,"key":"SMITH"},{"data":"Coolheaded","floor":23,"key":"SMITH"},{"floor":29,"key":"REST"},{"data":"Ball Lightning","floor":32,"key":"SMITH"},{"data":"Core Surge","floor":41,"key":"SMITH"},{"data":"Conserve Battery","floor":44,"key":"SMITH"},{"data":"Skim","floor":46,"key":"SMITH"},{"floor":49,"key":"REST"}],"neow_cost":"NONE","seed_source_timestamp":71793028138622,"circlet_count":0,"master_deck":["Strike_B","Strike_B","Defend_B","Defend_B","Defend_B","Zap","Dualcast","Defragment+1","Conserve Battery+1","Skim+1","Loop+1","Ball Lightning+1","BootSequence","Coolheaded+1","Electrodynamics+1","Steam+1","Glacier+1","Biased Cognition+1","Steam+1","Blizzard+1","Core Surge+1","Reboot","Loop+1"],"relics":["Cracked Core","Gremlin Horn","Meat on the Bone","Frozen Egg 2","Ectoplasm","Nloth\u0027s Gift","Happy Flower","Omamori","Juzu Bracelet","WarpedTongs","Boot","Busted Crown","Anchor","Pear"],"potions_floor_usage":[7,7,7,24,27,30,47,47,48,48],"damage_taken":[{"damage":0,"enemies":"Cultist","floor":1,"turns":3},{"damage":0,"enemies":"Small Slimes","floor":2,"turns":2},{"damage":0,"enemies":"2 Louse","floor":3,"turns":2},{"damage":33,"enemies":"Gremlin Gang","floor":4,"turns":5},{"damage":15,"enemies":"Looter","floor":5,"turns":3},{"damage":11,"enemies":"Gremlin Nob","floor":7,"turns":3},{"damage":6,"enemies":"Blue Slaver","floor":8,"turns":3},{"damage":16,"enemies":"Lagavulin","floor":12,"turns":5},{"damage":5,"enemies":"Lots of Slimes","floor":13,"turns":3},{"damage":28,"enemies":"Hexaghost","floor":16,"turns":10},{"damage":7,"enemies":"Spheric Guardian","floor":18,"turns":4},{"damage":4,"enemies":"Shell Parasite","floor":19,"turns":5},{"damage":22,"enemies":"Snake Plant","floor":20,"turns":3},{"damage":16,"enemies":"Gremlin Leader","floor":24,"turns":4},{"damage":32,"enemies":"Book of Stabbing","floor":27,"turns":7},{"damage":15,"enemies":"Gremlin Leader","floor":30,"turns":5},{"damage":4,"enemies":"Chosen and Byrds","floor":31,"turns":4},{"damage":2,"enemies":"Collector","floor":33,"turns":10},{"damage":9,"enemies":"3 Darklings","floor":35,"turns":4},{"damage":0,"enemies":"Orb Walker","floor":36,"turns":4},{"damage":37,"enemies":"Maw","floor":38,"turns":7},{"damage":0,"enemies":"Reptomancer","floor":40,"turns":4},{"damage":5,"enemies":"Transient","floor":47,"turns":5},{"damage":10,"enemies":"Spire Growth","floor":48,"turns":5},{"damage":31,"enemies":"Awakened One","floor":50,"turns":14}],"seed_played":"8679136737306021339","potions_obtained":[{"floor":1,"key":"Swift Potion"},{"floor":2,"key":"PowerPotion"},{"floor":4,"key":"SteroidPotion"},{"floor":5,"key":"Energy Potion"},{"floor":16,"key":"Energy Potion"},{"floor":18,"key":"SkillPotion"},{"floor":20,"key":"FocusPotion"},{"floor":27,"key":"PowerPotion"},{"floor":30,"key":"GamblersBrew"},{"floor":36,"key":"Poison Potion"},{"floor":47,"key":"Regen Potion"}],"is_trial":false,"path_per_floor":["M","M","M","M","M","R","E","M","T","R","$","E","M","?","R","B",null,"M","M","M","?","?","R","E","?","T","E","?","R","E","M","R","B",null,"M","M","?","M","?","E","R","$","T","R","?","R","M","M","R","B"],"character_chosen":"DEFECT","items_purchased":[],"campfire_rested":3,"item_purchase_floors":[],"current_hp_per_floor":[82,82,82,49,34,34,23,17,17,41,41,37,44,44,44,28,82,75,71,49,49,49,49,45,45,45,25,25,49,46,42,42,52,82,73,73,73,48,48,48,48,48,58,58,58,58,53,57,84,53],"gold":250,"neow_bonus":"TEN_PERCENT_HP_BONUS","is_prod":false,"is_daily":false,"chose_seed":false,"campfire_upgraded":7,"win_rate":0,"timestamp":1540701007,"path_taken":["M","M","M","?","M","R","E","M","T","R","?","E","M","?","R","BOSS","M","M","M","?","?","R","E","?","T","E","?","R","E","M","R","BOSS","M","M","?","M","?","E","R","$","T","R","?","R","M","M","R","BOSS"],"build_version":"2018-10-25v2","purchased_purges":2,"victory":true,"max_hp_per_floor":[82,82,82,82,82,82,82,82,82,82,82,82,82,82,82,82,82,82,82,82,82,82,82,82,82,82,82,82,82,82,82,82,82,82,82,82,82,82,82,82,82,82,92,92,92,92,92,92,92,92],"card_choices":[{"not_picked":["Skim","Chill"],"picked":"Defragment","floor":1},{"not_picked":["Chaos","Recycle"],"picked":"Conserve Battery","floor":2},{"not_picked":["Turbo","Lockon"],"picked":"Skim","floor":3},{"not_picked":["White Noise","Steam"],"picked":"Loop","floor":4},{"not_picked":["Sunder","Redo"],"picked":"Ball Lightning","floor":5},{"not_picked":["Static Discharge","Loop","Doom and Gloom"],"picked":"SKIP","floor":7},{"not_picked":["Double Energy","Gash","Go for the Eyes"],"picked":"SKIP","floor":8},{"not_picked":["Defragment","Auto Shields"],"picked":"BootSequence","floor":12},{"not_picked":["Go for the Eyes","Skim"],"picked":"Coolheaded","floor":13},{"not_picked":["Amplify","Reboot"],"picked":"Electrodynamics+1","floor":16},{"not_picked":["Reprogram+1","Steam Power","Tempest"],"picked":"SKIP","floor":18},{"not_picked":["Conserve Battery","Turbo+1"],"picked":"Steam+1","floor":19},{"not_picked":["Steam Power","Leap","Aggregate+1"],"picked":"SKIP","floor":20},{"not_picked":["Stack","Go for the Eyes"],"picked":"Glacier+1","floor":24},{"not_picked":["Redo","Go for the Eyes+1"],"picked":"Biased Cognition+1","floor":27},{"not_picked":["Rebound","Barrage+1"],"picked":"Steam+1","floor":30},{"not_picked":["Gash","Streamline"],"picked":"Blizzard+1","floor":31},{"not_picked":["Machine Learning+1","Fission"],"picked":"Core Surge","floor":33},{"not_picked":["Barrage"],"picked":"SKIP","floor":35},{"not_picked":["Barrage"],"picked":"SKIP","floor":36},{"not_picked":[],"picked":"Reboot","floor":38},{"not_picked":["Steam+1"],"picked":"SKIP","floor":40},{"not_picked":["Compile Driver+1"],"picked":"SKIP","floor":47},{"not_picked":[],"picked":"Loop+1","floor":48}],"player_experience":133120,"relics_obtained":[{"floor":7,"key":"Gremlin Horn"},{"floor":9,"key":"Meat on the Bone"},{"floor":12,"key":"Frozen Egg 2"},{"floor":24,"key":"Happy Flower"},{"floor":26,"key":"Omamori"},{"floor":27,"key":"Juzu Bracelet"},{"floor":30,"key":"Boot"},{"floor":40,"key":"Anchor"},{"floor":43,"key":"Pear"}],"event_choices":[{"damage_healed":0,"gold_gain":0,"player_choice":"Box","damage_taken":0,"relics_obtained":["Peace Pipe"],"max_hp_gain":0,"max_hp_loss":0,"event_name":"Big Fish","floor":14,"gold_loss":0,"cards_obtained":["Regret"]},{"damage_healed":0,"gold_gain":100,"player_choice":"Pray","damage_taken":0,"max_hp_gain":0,"max_hp_loss":0,"event_name":"Golden Shrine","floor":21,"gold_loss":0},{"damage_healed":0,"gold_gain":0,"player_choice":"Traded Relic","damage_taken":0,"relics_obtained":["Nloth\u0027s Gift"],"max_hp_gain":0,"max_hp_loss":0,"event_name":"N\u0027loth","floor":22,"relics_lost":["Peace Pipe"],"gold_loss":0},{"cards_removed":["Regret"],"damage_healed":0,"gold_gain":0,"player_choice":"Card Removal","damage_taken":0,"max_hp_gain":0,"max_hp_loss":0,"event_name":"Wheel of Change","floor":25,"gold_loss":0},{"damage_healed":0,"gold_gain":0,"player_choice":"Rummage","damage_taken":0,"relics_obtained":["WarpedTongs"],"max_hp_gain":0,"max_hp_loss":0,"event_name":"Accursed Blacksmith","floor":28,"gold_loss":0,"cards_obtained":["Pain"]},{"damage_healed":0,"gold_gain":0,"player_choice":"Ignored","damage_taken":0,"max_hp_gain":0,"max_hp_loss":0,"event_name":"SecretPortal","floor":37,"gold_loss":0},{"cards_removed":["Defend_B"],"damage_healed":0,"gold_gain":0,"player_choice":"Removed Skill","damage_taken":0,"max_hp_gain":0,"max_hp_loss":0,"event_name":"Falling","floor":39,"gold_loss":0},{"damage_healed":0,"gold_gain":0,"player_choice":"Memory 1","damage_taken":0,"max_hp_gain":0,"max_hp_loss":0,"event_name":"SensoryStone","floor":45,"gold_loss":0}],"is_beta":false,"boss_relics":[{"not_picked":["Eternal Feather","Cursed Key"],"picked":"Ectoplasm"},{"not_picked":["FrozenCore","Velvet Choker"],"picked":"Busted Crown"}],"items_purged_floors":[11,42],"is_endless":false,"potions_floor_spawned":[1,2,4,5,16,18,20,27,30,36,47],"ascension_level":4}