{"gold_per_floor":[116,130,141,141,151,151,161,175,175,205,205,205,4,21,21,93,143,160,160,172,97,117,137,87,107,107,107,124,124,224,241,241,241],"floor_reached":33,"playtime":2244,"items_purged":["Strike_B"],"score":430,"play_id":"0c29557a-04e2-49e2-b54e-7c4d4ebf426d","local_time":"20190101161018","is_ascension_mode":true,"campfire_choices":[{"data":"Zap","floor":6.0,"key":"SMITH"},{"floor":11.0,"key":"REST"},{"data":"Buffer","floor":15.0,"key":"SMITH"},{"floor":29,"key":"REST"},{"floor":32,"key":"REST"}],"neow_cost":"NONE","seed_source_timestamp":0,"circlet_count":0,"master_deck":["AscendersBane","Strike_B","Strike_B","Defend_B","Defend_B","Defend_B","Defend_B","Zap+1","Dualcast","Ball Lightning","Sweeping Beam","Streamline+1","Cold Snap","Glacier","Barrage","Buffer+1","Cold Snap+1","Barrage+1","Electrodynamics","Conserve Battery","Compile Driver+1","Buffer+1","White Noise+1","Biased Cognition","Hologram+1","Coolheaded","Streamline+1","Capacitor","Sweeping Beam+1"],"special_seed":0,"relics":["Cracked Core","Bag of Preparation","Molten Egg 2","Kunai","Ancient Tea Set","Bronze Scales","Tiny House"],"potions_floor_usage":[28,33,33],"damage_taken":[{"damage":2.0,"enemies":"Jaw Worm","floor":1.0,"turns":3.0},{"damage":0.0,"enemies":"Cultist","floor":2.0,"turns":3.0},{"damage":0.0,"enemies":"2 Louse","floor":3.0,"turns":2.0},{"damage":7.0,"enemies":"Large Slime","floor":5.0,"turns":5.0},{"damage":8.0,"enemies":"Gremlin Gang","floor":7.0,"turns":3.0},{"damage":6.0,"enemies":"Exordium Wildlife","floor":8.0,"turns":4.0},{"damage":12.0,"enemies":"3 Sentries","floor":10.0,"turns":8.0},{"damage":0.0,"enemies":"Large Slime","floor":14.0,"turns":4.0},{"damage":16.0,"enemies":"The Guardian","floor":16.0,"turns":13.0},{"damage":8.0,"enemies":"Chosen","floor":18.0,"turns":6.0},{"damage":0.0,"enemies":"Spheric Guardian","floor":20.0,"turns":4.0},{"damage":36.0,"enemies":"Shelled Parasite and Fungi","floor":22.0,"turns":5.0},{"damage":6.0,"enemies":"3 Cultists","floor":23.0,"turns":3.0},{"damage":7.0,"enemies":"Snecko","floor":25.0,"turns":5.0},{"damage":0,"enemies":"Centurion and Healer","floor":28,"turns":4},{"damage":18,"enemies":"Snake Plant","floor":31,"turns":3},{"damage":65,"enemies":"Collector","floor":33,"turns":7}],"seed_played":"2038267448619145130","potions_obtained":[{"floor":2.0,"key":"AttackPotion"},{"floor":7.0,"key":"Poison Potion"},{"floor":16.0,"key":"Poison Potion"},{"floor":17.0,"key":"Fruit Juice"},{"floor":18.0,"key":"SpeedPotion"},{"floor":22.0,"key":"Weak Potion"},{"floor":25,"key":"Regen Potion"},{"floor":28,"key":"FearPotion"}],"is_trial":false,"path_per_floor":["M","M","M","?","M","R","M","M","T","E","R","T","$","M","R","B",null,"M","?","M","$","M","M","$","M","M","T","?","M","R","?","M","R","B"],"character_chosen":"DEFECT","items_purchased":["Bronze Scales","Cold Snap+1","Coolheaded"],"campfire_rested":3,"item_purchase_floors":[13,13,24],"current_hp_per_floor":[62,62,62,62,55,55,47,41,41,29,50,50,50,50,50,34,72,64,64,64,64,28,22,22,15,15,15,20,44,44,26,50,0],"gold":241,"neow_bonus":"RANDOM_COMMON_RELIC","is_prod":false,"is_daily":false,"chose_seed":false,"campfire_upgraded":2,"win_rate":0,"timestamp":1546380618,"path_taken":["M","M","M","?","?","R","M","M","T","E","R","?","?","M","R","BOSS","M","?","M","$","M","M","?","M","T","?","M","R","?","M","R","BOSS"],"build_version":"2018-12-20","purchased_purges":1,"victory":false,"max_hp_per_floor":[71,71,71,71,71,71,71,71,71,71,71,71,71,71,71,71,81,81,81,81,81,81,81,81,81,81,81,81,81,81,81,81,81],"card_choices":[{"not_picked":["Hologram","Doom and Gloom"],"picked":"Ball Lightning","floor":1.0},{"not_picked":["Melter","Go for the Eyes"],"picked":"Sweeping Beam","floor":2.0},{"not_picked":["Sweeping Beam","Scrape"],"picked":"Streamline","floor":3.0},{"not_picked":["Rebound","Rip and Tear"],"picked":"Cold Snap","floor":5.0},{"not_picked":["Recycle","Reprogram"],"picked":"Glacier","floor":7.0},{"not_picked":["Reprogram","Go for the Eyes"],"picked":"Barrage","floor":8.0},{"not_picked":["FTL+1","Sweeping Beam+1"],"picked":"Buffer","floor":10.0},{"not_picked":["Redo","Sweeping Beam+1"],"picked":"Barrage+1","floor":14.0},{"not_picked":["Amplify","All For One+1"],"picked":"Electrodynamics","floor":16.0},{"not_picked":["Tempest","Rebound+1"],"picked":"Conserve Battery","floor":17.0},{"not_picked":["Stack","Leap"],"picked":"Compile Driver+1","floor":18.0},{"not_picked":["Go for the Eyes+1","Double Energy"],"picked":"White Noise+1","floor":20.0},{"not_picked":["Turbo+1","Undo"],"picked":"Biased Cognition","floor":22.0},{"not_picked":["Beam Cell+1","Darkness"],"picked":"Hologram+1","floor":23.0},{"not_picked":["White Noise+1","Rebound+1"],"picked":"Streamline+1","floor":25},{"not_picked":["Beam Cell+1","Leap"],"picked":"Capacitor","floor":28},{"not_picked":["Heatsinks","Ball Lightning+1"],"picked":"Sweeping Beam+1","floor":31}],"player_experience":353180,"relics_obtained":[{"floor":9.0,"key":"Molten Egg 2"},{"floor":10.0,"key":"Kunai"},{"floor":12.0,"key":"Ancient Tea Set"}],"event_choices":[{"cards_removed":["Strike_B"],"damage_healed":0.0,"max_hp_gain":0.0,"max_hp_loss":0.0,"gold_gain":0.0,"event_name":"Bonfire Elementals","player_choice":"Offered Basic","floor":4.0,"gold_loss":0.0,"damage_taken":0.0},{"damage_healed":0.0,"max_hp_gain":0.0,"max_hp_loss":0.0,"gold_gain":0.0,"event_name":"Duplicator","player_choice":"Copied","floor":19.0,"gold_loss":0.0,"damage_taken":0.0,"cards_obtained":["Buffer"]},{"damage_healed":0,"gold_gain":0,"player_choice":"Ignored","damage_taken":0,"max_hp_gain":0,"max_hp_loss":0,"event_name":"Cursed Tome","floor":27,"gold_loss":0},{"damage_healed":0,"gold_gain":100,"player_choice":"Pray","damage_taken":0,"max_hp_gain":0,"max_hp_loss":0,"event_name":"Golden Shrine","floor":30,"gold_loss":0}],"is_beta":false,"boss_relics":[{"not_picked":["Inserter","FrozenCore"],"picked":"Tiny House"}],"items_purged_floors":[21],"is_endless":false,"potions_floor_spawned":[2,7,10,14,16,18,22,25,28],"killed_by":"Collector","ascension_level":14}