{"path_per_floor":["M","M","M","?","M","R","E","$","T","?","R","M","R","E","R"],"character_chosen":"IRONCLAD","items_purchased":["Havoc","Block Potion"],"gold_per_floor":[116,131,149,149,168,168,199,22,22,122,122,134,134,159,159,159],"floor_reached":16,"campfire_rested":0,"playtime":575,"current_hp_per_floor":[71,74,80,85,84,84,76,76,76,76,76,74,74,75,75,0],"items_purged":["Defend_R"],"gold":159,"score":176,"play_id":"596e92b8-e0de-4cd0-99ef-eba8c7c945d5","local_time":"20180408113018","is_prod":false,"is_daily":false,"is_ascension_mode":true,"campfire_upgraded":4,"timestamp":1523179818,"path_taken":["M","M","M","?","M","R","E","$","T","?","R","M","R","E","R","BOSS"],"build_version":"2018-04-05v2","purchased_purges":2,"victory":false,"master_deck":["Strike_R","Strike_R","Strike_R","Strike_R","Strike_R","Defend_R","Defend_R","Defend_R","Bash+1","AscendersBane","Bludgeon+1","Shrug It Off","Battle Trance","Shrug It Off","Infernal Blade","Feel No Pain","Havoc","Warcry+1","Flame Barrier+1"],"max_hp_per_floor":[80,80,80,85,85,85,85,85,85,85,85,85,85,85,85,85],"relics":["Burning Blood","Champion Belt","Ginger","Blood Vial"],"card_choices":[{"not_picked":["Intimidate","Burning Pact"],"picked":"Shrug It Off","floor":1},{"not_picked":["Infernal Blade","Cleave"],"picked":"Battle Trance","floor":2},{"not_picked":["Pommel Strike","Sentinel"],"picked":"Shrug It Off","floor":3},{"not_picked":["Dropkick","Heavy Blade"],"picked":"Infernal Blade","floor":5},{"not_picked":["Double Tap","Seeing Red"],"picked":"Feel No Pain","floor":7},{"not_picked":["Headbutt","Pommel Strike"],"picked":"Warcry","floor":12},{"not_picked":["Spot Weakness","Sentinel"],"picked":"Flame Barrier","floor":14}],"player_experience":265132,"potions_floor_usage":[7,7,14,16,16],"damage_taken":[{"damage":7,"enemies":"Small Slimes","floor":1,"turns":3},{"damage":3,"enemies":"2 Louse","floor":2,"turns":3},{"damage":0,"enemies":"Cultist","floor":3,"turns":3},{"damage":7,"enemies":"3 Louse","floor":5,"turns":5},{"damage":14,"enemies":"Lagavulin","floor":7,"turns":5},{"damage":8,"enemies":"Looter","floor":12,"turns":2},{"damage":5,"enemies":"Gremlin Nob","floor":14,"turns":3},{"damage":82,"enemies":"Hexaghost","floor":16,"turns":11}],"event_choices":[{"event_name":"Big Fish","player_choice":"Donut","floor":4,"damage_taken":0},{"event_name":"Golden Shrine","player_choice":"Pray","floor":10,"damage_taken":0}],"boss_relics":[],"potions_floor_spawned":[1,3,7,14],"seed_played":"-7162446759486285722","killed_by":"Hexaghost","ascension_level":12,"is_trial":false}