{"gold_per_floor":[115,115,132,132,64,64,64,64,87,100,115,134,134,149,149,223,223,237,61,61,81,81,81,106,106,131,149,149,166,166,9,9,80,80,91,91,91,91,105,105,124,124,124,124,26,42,42,42,42,42],"floor_reached":51,"playtime":1799,"items_purged":["Defend_B"],"score":1075,"play_id":"fe1172d8-1aa5-4274-96be-1aec470bd795","local_time":"20180922191323","is_ascension_mode":true,"campfire_choices":[{"data":"Zap","floor":6,"key":"SMITH"},{"data":"Dualcast","floor":8,"key":"SMITH"},{"data":"Consume","floor":13,"key":"SMITH"},{"floor":15,"key":"REST"},{"floor":23,"key":"REST"},{"floor":25,"key":"REST"},{"floor":28,"key":"REST"},{"floor":32,"key":"REST"},{"floor":40,"key":"REST"},{"floor":42,"key":"REST"},{"floor":49,"key":"REST"}],"neow_cost":"NONE","seed_source_timestamp":626893496904099,"circlet_count":0,"master_deck":["Strike_B","Defend_B","Defend_B","Zap+1","Dualcast+1","AscendersBane","Reinforced Body","Capacitor","Consume+1","Capacitor","Conserve Battery","Rainbow","Self Repair+1","Defragment+1","Storm+1","Static Discharge","Apotheosis+1","White Noise","Leap","FTL"],"relics":["Cracked Core","NeowsBlessing","Pen Nib","PreservedInsect","Astrolabe","Art of War","Potion Belt","Regal Pillow","Busted Crown","Bottled Flame","Mummified Hand"],"potions_floor_usage":[12,14,16,18,21,24,29,35,39,41],"damage_taken":[{"damage":0,"enemies":"2 Louse","floor":1,"turns":1},{"damage":0,"enemies":"Jaw Worm","floor":3,"turns":1},{"damage":0,"enemies":"Small Slimes","floor":10,"turns":1},{"damage":9,"enemies":"2 Fungi Beasts","floor":11,"turns":3},{"damage":0,"enemies":"Lots of Slimes","floor":12,"turns":1},{"damage":2,"enemies":"Looter","floor":14,"turns":3},{"damage":34,"enemies":"Hexaghost","floor":16,"turns":9},{"damage":35,"enemies":"3 Byrds","floor":18,"turns":5},{"damage":18,"enemies":"Shell Parasite","floor":21,"turns":4},{"damage":45,"enemies":"Gremlin Leader","floor":24,"turns":5},{"damage":19,"enemies":"Sentry and Sphere","floor":27,"turns":5},{"damage":34,"enemies":"Chosen and Byrds","floor":29,"turns":4},{"damage":62,"enemies":"Champ","floor":33,"turns":9},{"damage":50,"enemies":"3 Darklings","floor":35,"turns":4},{"damage":12,"enemies":"Orb Walker","floor":39,"turns":3},{"damage":32,"enemies":"Transient","floor":41,"turns":5},{"damage":21,"enemies":"Maw","floor":46,"turns":6},{"damage":56,"enemies":"Donu and Deca","floor":50,"turns":5}],"seed_played":"3912456860000414404","potions_obtained":[{"floor":1,"key":"PowerPotion"},{"floor":10,"key":"Ancient Potion"},{"floor":12,"key":"EssenceOfSteel"},{"floor":14,"key":"Fruit Juice"},{"floor":16,"key":"Regen Potion"},{"floor":18,"key":"EssenceOfSteel"},{"floor":21,"key":"Explosive Potion"},{"floor":33,"key":"Regen Potion"},{"floor":35,"key":"Poison Potion"},{"floor":39,"key":"Regen Potion"}],"is_trial":false,"path_per_floor":["M","?","M","?","$","R","?","R","T","M","M","M","R","M","R","B",null,"M","$","?","M","?","R","E","R","T","M","R","M","?","$","R","B",null,"M","?","T","?","M","R","M","R","T","?","$","M","$","?","R","B"],"character_chosen":"DEFECT","items_purchased":["Capacitor","Apotheosis","Regal Pillow","Leap"],"campfire_rested":8,"item_purchase_floors":[5,19,31,45],"current_hp_per_floor":[64,57,57,57,57,57,57,57,57,57,48,48,48,46,67,38,67,56,56,56,48,48,70,35,57,57,48,70,46,46,46,76,24,63,35,35,35,35,23,60,53,76,76,76,76,65,65,65,76,30],"gold":42,"neow_bonus":"THREE_ENEMY_KILL","is_prod":false,"is_daily":false,"chose_seed":false,"campfire_upgraded":3,"win_rate":0,"timestamp":1537636403,"path_taken":["M","?","M","?","$","R","?","R","T","M","M","M","R","?","R","BOSS","M","$","?","M","?","R","E","R","T","M","R","M","?","$","R","BOSS","M","?","?","?","?","R","M","R","T","?","$","M","$","?","R","BOSS"],"build_version":"2018-09-20","purchased_purges":1,"victory":true,"max_hp_per_floor":[71,71,71,71,71,71,71,71,71,71,71,71,71,71,71,76,76,76,76,76,76,76,76,76,76,76,76,76,76,76,76,76,76,76,76,76,76,76,76,76,76,76,76,76,76,76,76,76,76,76],"card_choices":[{"not_picked":["Storm","Hello World","Go for the Eyes"],"picked":"SKIP","floor":1},{"not_picked":["Rebound","Blizzard","Reinforced Body"],"picked":"SKIP","floor":3},{"not_picked":["Rebound","Blizzard"],"picked":"Reinforced Body","floor":3},{"not_picked":["Steam Power","Streamline"],"picked":"Consume","floor":10},{"not_picked":["Genetic Algorithm","Redo"],"picked":"Ball Lightning","floor":11},{"not_picked":["Lockon","Ball Lightning"],"picked":"Capacitor","floor":12},{"not_picked":["Doom and Gloom","Double Energy"],"picked":"Conserve Battery","floor":14},{"not_picked":["Meteor Strike","Machine Learning"],"picked":"Rainbow","floor":16},{"not_picked":["Conserve Battery","Scrape"],"picked":"Static Discharge","floor":18},{"not_picked":["Stack","Sweeping Beam","Steam"],"picked":"SKIP","floor":21},{"not_picked":["Reprogram","Beam Cell+1","Barrage"],"picked":"SKIP","floor":24},{"not_picked":["Tempest","Aggregate","Ball Lightning+1"],"picked":"SKIP","floor":27},{"not_picked":["Lockon","Steam"],"picked":"White Noise","floor":29},{"not_picked":["Rip and Tear"],"picked":"SKIP","floor":35},{"not_picked":["Compile Driver"],"picked":"SKIP","floor":39},{"not_picked":["Redo"],"picked":"SKIP","floor":41},{"not_picked":[],"picked":"FTL","floor":46}],"player_experience":540043,"relics_obtained":[{"floor":9,"key":"PreservedInsect"},{"floor":24,"key":"Art of War"},{"floor":26,"key":"Potion Belt"},{"floor":37,"key":"Bottled Flame"},{"floor":43,"key":"Mummified Hand"}],"event_choices":[{"event_name":"Scrap Ooze","player_choice":"success","floor":2,"damage_taken":7},{"event_name":"Match and Keep!","player_choice":"0 cards matched","floor":4,"damage_taken":0},{"event_name":"Liars Game","player_choice":"disagreed","floor":7,"damage_taken":0},{"event_name":"Upgrade Shrine","player_choice":"Upgraded","floor":20,"damage_taken":0},{"event_name":"Vampires","player_choice":"Ignored","floor":22,"damage_taken":0},{"event_name":"Drug Dealer","player_choice":"Got JAX","floor":30,"damage_taken":0},{"event_name":"Falling","player_choice":"Removed Attack","floor":36,"damage_taken":0},{"event_name":"Purifier","player_choice":"One Purge","floor":38,"damage_taken":0},{"event_name":"Bonfire Elementals","player_choice":"SPECIAL","floor":44,"damage_taken":0},{"event_name":"Mysterious Sphere","player_choice":"Ignore","floor":48,"damage_taken":0}],"is_beta":false,"boss_relics":[{"not_picked":["Inserter","Runic Dome"],"picked":"Astrolabe"},{"not_picked":["Philosopher\u0027s Stone","FrozenCore"],"picked":"Busted Crown"}],"items_purged_floors":[45],"is_endless":false,"potions_floor_spawned":[1,10,12,14,16,18,21,33,35,39],"ascension_level":14}