{"gold_per_floor":[366,441,455,38,53,53,63,63,63,77,252,280,76,88,88,185,185,200,300,47,60,74,102,102,102,102,113,113,130,147,62,62,158,158,176,176,196,207,222,222,232,245,290,9,9,9,21,33,33,33,33,33,33,58,58],"floor_reached":55,"playtime":3772,"items_purged":["Shame","Doubt","Flex"],"score":770,"play_id":"7bf52cd0-d033-435a-b1b7-359fae49bace","local_time":"20190222030959","is_ascension_mode":false,"campfire_choices":[{"data":"True Grit","floor":6,"key":"SMITH"},{"data":"True Grit","floor":8,"key":"SMITH"},{"floor":15,"key":"REST"},{"data":"Corruption","floor":24,"key":"SMITH"},{"data":"Sentinel","floor":28,"key":"SMITH"},{"data":"Seeing Red","floor":32,"key":"SMITH"},{"floor":40,"key":"RECALL"},{"floor":45,"key":"REST"},{"data":"Havoc","floor":49,"key":"SMITH"},{"data":"Feel No Pain","floor":52,"key":"SMITH"}],"neow_cost":"CURSE","seed_source_timestamp":35115091015044,"circlet_count":0,"master_deck":["Strike_R","Strike_R","Strike_R","Strike_R","Strike_R","Defend_R","Defend_R","Defend_R","Defend_R","Bash","Clash","Feel No Pain+1","True Grit+1","True Grit+1","Seeing Red+1","Sentinel+1","Corruption+1","Metallicize","Limit Break","True Grit+1","Havoc+1","Seeing Red+1","Limit Break","Writhe"],"relics":["Burning Blood","Dead Branch","Nunchaku","Incense Burner","Lizard Tail","Mango","Darkstone Periapt","Ornamental Fan","Singing Bowl","Kunai","Eternal Feather","Happy Flower","Anchor"],"potions_floor_usage":[10,12,12,14,19,21,23,27,27,29,30,33,37,37,37,38,39,50],"damage_taken":[{"damage":5,"enemies":"Small Slimes","floor":1,"turns":3},{"damage":1,"enemies":"Jaw Worm","floor":3,"turns":2},{"damage":4,"enemies":"2 Louse","floor":5,"turns":4},{"damage":14,"enemies":"Large Slime","floor":7,"turns":6},{"damage":1,"enemies":"Lots of Slimes","floor":10,"turns":3},{"damage":56,"enemies":"Gremlin Nob","floor":12,"turns":5},{"damage":16,"enemies":"3 Louse","floor":14,"turns":5},{"damage":28,"enemies":"Hexaghost","floor":16,"turns":5},{"damage":10,"enemies":"2 Thieves","floor":18,"turns":4},{"damage":26,"enemies":"Colosseum Slavers","floor":19,"turns":5},{"damage":0,"enemies":"Colosseum Nobs","floor":19,"turns":3},{"damage":0,"enemies":"3 Byrds","floor":21,"turns":4},{"damage":9,"enemies":"Snake Plant","floor":22,"turns":4},{"damage":8,"enemies":"Book of Stabbing","floor":23,"turns":5},{"damage":3,"enemies":"Snecko","floor":27,"turns":7},{"damage":3,"enemies":"Centurion and Healer","floor":29,"turns":7},{"damage":0,"enemies":"Chosen and Byrds","floor":30,"turns":7},{"damage":29,"enemies":"Automaton","floor":33,"turns":10},{"damage":33,"enemies":"3 Shapes","floor":35,"turns":3},{"damage":15,"enemies":"3 Darklings","floor":37,"turns":5},{"damage":14,"enemies":"Transient","floor":38,"turns":5},{"damage":33,"enemies":"4 Shapes","floor":39,"turns":6},{"damage":18,"enemies":"3 Darklings","floor":41,"turns":6},{"damage":22,"enemies":"Spire Growth","floor":42,"turns":9},{"damage":0,"enemies":"Maw","floor":47,"turns":5},{"damage":0,"enemies":"4 Shapes","floor":48,"turns":3},{"damage":72,"enemies":"Awakened One","floor":50,"turns":17},{"damage":47,"enemies":"Shield and Spear","floor":54,"turns":7},{"damage":180,"enemies":"The Heart","floor":55,"turns":11}],"seed_played":"-892357952152312308","potions_obtained":[{"floor":5,"key":"GamblersBrew"},{"floor":7,"key":"Explosive Potion"},{"floor":10,"key":"Energy Potion"},{"floor":18,"key":"Energy Potion"},{"floor":21,"key":"GamblersBrew"},{"floor":23,"key":"Poison Potion"},{"floor":25,"key":"Energy Potion"},{"floor":25,"key":"PowerPotion"},{"floor":29,"key":"SkillPotion"},{"floor":30,"key":"Swift Potion"},{"floor":35,"key":"EntropicBrew"},{"floor":38,"key":"SkillPotion"},{"floor":42,"key":"Swift Potion"}],"is_trial":false,"path_per_floor":["M","?","M","$","M","R","M","R","T","M","?","E","$","M","R","B",null,"M","?","$","M","M","E","R","?","T","M","R","M","M","?","R","B",null,"M","?","M","M","M","R","M","M","T","$","R","?","M","M","R","B",null,"R","$","E","B"],"character_chosen":"IRONCLAD","items_purchased":["Dead Branch","Feel No Pain","True Grit","Corruption","Block Potion","Fruit Juice","Havoc","Happy Flower"],"campfire_rested":2,"item_purchase_floors":[4,4,4,13,13,20,20,44],"current_hp_per_floor":[80,69,74,74,76,76,68,68,68,73,73,23,23,13,37,15,80,76,76,76,87,84,82,82,82,82,87,87,90,98,98,98,75,103,78,78,71,65,40,52,42,28,28,28,74,109,117,125,125,59,125,125,125,86,0],"gold":58,"neow_bonus":"TWO_FIFTY_GOLD","is_prod":false,"is_daily":false,"chose_seed":false,"campfire_upgraded":7,"win_rate":0,"timestamp":1550822999,"path_taken":["M","?","M","$","M","R","M","R","T","M","?","E","?","M","R","BOSS","M","?","$","M","M","E","R","?","T","?","R","M","M","?","R","BOSS","M","?","?","M","M","R","M","M","T","$","R","?","M","M","R","BOSS","R","$","E","BOSS"],"build_version":"2019-01-23","purchased_purges":3,"victory":false,"max_hp_per_floor":[80,80,80,80,80,80,80,80,80,80,80,80,80,80,80,80,80,80,94,94,99,99,99,99,99,99,101,101,101,103,103,103,103,103,105,105,107,109,111,111,113,115,115,115,115,121,123,125,125,125,125,125,125,127,127],"card_choices":[{"not_picked":["Pommel Strike","Ghostly Armor"],"picked":"Clash","floor":1},{"not_picked":["Pommel Strike","Havoc"],"picked":"Flex","floor":3},{"not_picked":["Twin Strike","Shockwave"],"picked":"True Grit","floor":5},{"not_picked":["Thunderclap","Clothesline"],"picked":"Seeing Red","floor":7},{"not_picked":["True Grit","Heavy Blade"],"picked":"Sentinel","floor":10},{"not_picked":["Armaments","Wild Strike","Flex"],"picked":"SKIP","floor":12},{"not_picked":["Armaments","Thunderclap"],"picked":"Metallicize","floor":14},{"not_picked":["Offering","Brutality"],"picked":"Limit Break","floor":16},{"not_picked":["Power Through","Pommel Strike"],"picked":"True Grit+1","floor":18},{"not_picked":["Searing Blow","Clothesline","Bloodletting"],"picked":"SKIP","floor":21},{"not_picked":["Body Slam","Pommel Strike","Shrug It Off+1"],"picked":"SKIP","floor":22},{"not_picked":["Thunderclap","Shrug It Off","Juggernaut"],"picked":"SKIP","floor":23},{"not_picked":["Cleave","Hemokinesis","Rupture"],"picked":"Singing Bowl","floor":27},{"not_picked":["Anger+1","Whirlwind"],"picked":"Seeing Red","floor":29},{"not_picked":["Clash","Shrug It Off","Anger"],"picked":"Singing Bowl","floor":30},{"not_picked":["Brutality","Bludgeon"],"picked":"Limit Break","floor":33},{"not_picked":["Body Slam+1","Clash","Armaments"],"picked":"Singing Bowl","floor":35},{"not_picked":["Whirlwind+1","Heavy Blade","Dual Wield"],"picked":"Singing Bowl","floor":37},{"not_picked":["Sever Soul+1","Body Slam","Shrug It Off"],"picked":"Singing Bowl","floor":38},{"not_picked":["Armaments","Body Slam+1","Flame Barrier+1"],"picked":"Singing Bowl","floor":39},{"not_picked":["Anger+1","Heavy Blade","Wild Strike"],"picked":"Singing Bowl","floor":41},{"not_picked":["Cleave","Hemokinesis","Immolate"],"picked":"Singing Bowl","floor":42},{"not_picked":["Iron Wave+1","Pommel Strike+1","Clothesline"],"picked":"Singing Bowl","floor":47},{"not_picked":["Hemokinesis+1","Clothesline","Corruption+1"],"picked":"Singing Bowl","floor":48},{"not_picked":["Headbutt+1","Anger","Fire Breathing"],"picked":"Singing Bowl","floor":54}],"player_experience":723602,"relics_obtained":[{"floor":9,"key":"Nunchaku"},{"floor":12,"key":"Incense Burner"},{"floor":19,"key":"Mango"},{"floor":19,"key":"Darkstone Periapt"},{"floor":23,"key":"Ornamental Fan"},{"floor":26,"key":"Singing Bowl"},{"floor":54,"key":"Anchor"}],"event_choices":[{"damage_healed":0,"gold_gain":75,"player_choice":"Gather Gold","damage_taken":11,"max_hp_gain":0,"max_hp_loss":0,"event_name":"World of Goop","floor":2,"gold_loss":0},{"damage_healed":0,"gold_gain":175,"player_choice":"AGREE","damage_taken":0,"max_hp_gain":0,"max_hp_loss":0,"event_name":"Liars Game","floor":11,"gold_loss":0,"cards_obtained":["Doubt"]},{"damage_healed":0,"gold_gain":0,"player_choice":"Fight","damage_taken":0,"max_hp_gain":0,"max_hp_loss":0,"event_name":"Colosseum","floor":19,"gold_loss":0},{"damage_healed":0,"gold_gain":0,"player_choice":"Fought Nobs","damage_taken":0,"max_hp_gain":0,"max_hp_loss":0,"event_name":"Colosseum","floor":19,"gold_loss":0},{"damage_healed":0,"gold_gain":0,"player_choice":"Got Potions","damage_taken":0,"max_hp_gain":0,"max_hp_loss":0,"event_name":"Lab","floor":25,"gold_loss":0},{"damage_healed":0,"gold_gain":0,"player_choice":"Obtained Relic","damage_taken":0,"relics_obtained":["Kunai"],"max_hp_gain":0,"max_hp_loss":0,"event_name":"Addict","floor":31,"gold_loss":85},{"damage_healed":0,"gold_gain":0,"player_choice":"Forge","damage_taken":0,"max_hp_gain":0,"max_hp_loss":0,"event_name":"Accursed Blacksmith","floor":36,"gold_loss":0,"cards_upgraded":["Seeing Red"]},{"damage_healed":29,"gold_gain":0,"player_choice":"Writhe","damage_taken":0,"max_hp_gain":0,"max_hp_loss":0,"event_name":"Winding Halls","floor":46,"gold_loss":0,"cards_obtained":["Writhe"]}],"is_beta":false,"boss_relics":[{"not_picked":["White Beast Statue","Tiny House"],"picked":"Lizard Tail"},{"not_picked":["Runic Pyramid","Runic Cube"],"picked":"Eternal Feather"}],"items_purged_floors":[13,20,44],"is_endless":false,"potions_floor_spawned":[5,7,10,18,21,23,29,30,35,38,42],"killed_by":"The Heart","ascension_level":0}