{"gold_per_floor":[112,124,138,157,173,173,202,216,216,234,262,274,319,343,355,367],"floor_reached":16,"playtime":1621,"items_purged":[],"score":208,"play_id":"2fdc1d39-b660-4306-8b28-990812aea96a","local_time":"20190320095641","is_ascension_mode":true,"campfire_choices":[{"data":"Cloak And Dagger","floor":6,"key":"SMITH"},{"floor":12,"key":"REST"},{"data":"Cloak And Dagger","floor":15,"key":"SMITH"}],"neow_cost":"NONE","seed_source_timestamp":121518034163327,"circlet_count":0,"master_deck":["AscendersBane","Defend_G","Defend_G","Defend_G","Defend_G","Defend_G","Strike_G","Strike_G","Strike_G","Strike_G","Strike_G","Survivor","Neutralize+1","Slice","Cloak And Dagger+1","Well Laid Plans","Blade Dance","Unload","Blade Dance","Cloak And Dagger+1"],"relics":["Ring of the Snake","Blood Vial","Gambling Chip","MawBank","Molten Egg 2"],"potions_floor_usage":[7,7,13],"damage_taken":[{"damage":0,"enemies":"Cultist","floor":1,"turns":4},{"damage":0,"enemies":"Small Slimes","floor":2,"turns":3},{"damage":0,"enemies":"2 Louse","floor":3,"turns":4},{"damage":9,"enemies":"Large Slime","floor":4,"turns":10},{"damage":0,"enemies":"Gremlin Gang","floor":5,"turns":6},{"damage":10,"enemies":"Lagavulin","floor":7,"turns":5},{"damage":3,"enemies":"Looter","floor":8,"turns":4},{"damage":2,"enemies":"Blue Slaver","floor":10,"turns":3},{"damage":22,"enemies":"3 Sentries","floor":11,"turns":9},{"damage":1,"enemies":"Gremlin Nob","floor":13,"turns":3},{"damage":0,"enemies":"2 Fungi Beasts","floor":14,"turns":2},{"damage":52,"enemies":"The Guardian","floor":16,"turns":10}],"seed_played":"-2935581708019163347","potions_obtained":[{"floor":1,"key":"SteroidPotion"},{"floor":3,"key":"SteroidPotion"},{"floor":7,"key":"EssenceOfSteel"},{"floor":10,"key":"FearPotion"}],"is_trial":false,"path_per_floor":["M","M","M","M","M","R","E","M","T","M","E","R","E","M","R","B"],"character_chosen":"THE_SILENT","items_purchased":[],"campfire_rested":1,"item_purchase_floors":[],"current_hp_per_floor":[63,63,63,54,54,54,44,43,43,43,23,44,45,47,47,0],"gold":367,"neow_bonus":"UPGRADE_CARD","is_prod":false,"is_daily":false,"chose_seed":false,"campfire_upgraded":2,"win_rate":0,"timestamp":1553090201,"path_taken":["M","M","M","M","M","R","E","M","T","M","E","R","E","M","R","BOSS"],"build_version":"2019-01-23","purchased_purges":0,"victory":false,"max_hp_per_floor":[70,70,70,70,70,70,70,70,70,70,70,70,70,70,70,70],"card_choices":[{"not_picked":["Catalyst","Deflect"],"picked":"Slice","floor":1},{"not_picked":["Dagger Spray","Underhanded Strike"],"picked":"Cloak And Dagger","floor":2},{"not_picked":["Cloak And Dagger","PiercingWail"],"picked":"Well Laid Plans","floor":3},{"not_picked":["Bane","Deadly Poison","Backflip"],"picked":"SKIP","floor":4},{"not_picked":["Backflip","Heel Hook"],"picked":"Blade Dance","floor":5},{"not_picked":["Skewer","Prepared"],"picked":"Unload","floor":7},{"not_picked":["Slice","Eviscerate","Deflect"],"picked":"SKIP","floor":8},{"not_picked":["Bane","Outmaneuver"],"picked":"Blade Dance","floor":10},{"not_picked":["Flying Knee","Sucker Punch","Deflect"],"picked":"SKIP","floor":11},{"not_picked":["Tactician","Flechettes"],"picked":"Cloak And Dagger","floor":13},{"not_picked":["Acrobatics","Dodge and Roll","Tools of the Trade"],"picked":"SKIP","floor":14}],"player_experience":627198,"relics_obtained":[{"floor":7,"key":"Blood Vial"},{"floor":9,"key":"Gambling Chip"},{"floor":11,"key":"MawBank"},{"floor":13,"key":"Molten Egg 2"}],"event_choices":[],"is_beta":false,"boss_relics":[],"items_purged_floors":[],"is_endless":false,"potions_floor_spawned":[1,3,7,10,11],"killed_by":"The Guardian","ascension_level":13}