{"path_per_floor":["M","$","M","?","M","E","M","R","T","?","?","$","R","M","R","B",null,"M","?","?","$","M","R","E","R","T","M","$","R","M","M","R","B",null,"M","$","M","?","?","R","E","M","T","M","E","R","?","M","R"],"character_chosen":"DEFECT","items_purchased":["Streamline","Cold Snap","BootSequence","Sunder","Mind Blast"],"gold_per_floor":[111,65,81,81,100,126,144,144,193,193,215,13,13,28,28,125,125,138,138,138,68,48,48,75,75,127,145,52,52,63,77,77,179,179,190,90,108,108,108,108,134,149,175,191,216,216,0,13,13,13],"floor_reached":50,"campfire_rested":1,"playtime":2391,"item_purchase_floors":[2,12,12,21,28],"current_hp_per_floor":[67,67,67,64,62,48,39,39,39,39,39,39,39,39,39,20,61,50,50,50,50,50,50,34,71,71,67,67,67,74,74,74,68,73,72,72,72,62,53,53,53,53,53,53,53,53,53,53,53,0],"items_purged":["Strike_B","Sweeping Beam"],"gold":13,"score":799,"play_id":"ad9aaa6e-b53f-42e8-97e0-60865f306617","local_time":"20180611102145","is_prod":false,"is_daily":false,"chose_seed":false,"is_ascension_mode":true,"campfire_upgraded":9,"win_rate":0,"timestamp":1528705305,"campfire_choices":[{"data":"Zap","floor":8,"key":"SMITH"},{"data":"Redo","floor":13,"key":"SMITH"},{"data":"Streamline","floor":15,"key":"SMITH"},{"data":"Buffer","floor":23,"key":"SMITH"},{"floor":25,"key":"REST"},{"data":"Mind Blast","floor":29,"key":"SMITH"},{"data":"Hologram","floor":32,"key":"SMITH"},{"data":"Apotheosis","floor":40,"key":"SMITH"},{"data":"Chill","floor":46,"key":"SMITH"},{"data":"Buffer","floor":49,"key":"SMITH"}],"path_taken":["M","?","M","?","?","E","M","R","T","?","?","?","R","M","R","BOSS","M","?","?","$","M","R","E","R","T","M","$","R","M","M","R","BOSS","M","$","M","?","?","R","E","M","T","?","E","R","?","M","R","BOSS"],"build_version":"2018-06-07v3","seed_source_timestamp":95942775895809,"purchased_purges":2,"victory":false,"master_deck":["Defend_B","Defend_B","Defend_B","Defend_B","Zap+1","Dualcast","Skim","Streamline+1","Conserve Battery","Go for the Eyes","Hologram+1","Chill+1","Redo+1","Cold Snap","BootSequence","Turbo","Buffer+1","Conserve Battery","Sunder","Capacitor","White Noise","Darkness","Mind Blast+1","Steam Power+1","White Noise","All For One","Hologram","Chill+1","Flash of Steel","Flash of Steel","Apotheosis+1","Madness","Madness","Skim+1","Force Field","Coolheaded+1","Buffer+1","Beam Cell+1"],"max_hp_per_floor":[75,75,75,75,75,75,75,75,75,75,75,75,75,75,75,75,75,75,75,75,75,75,75,75,75,75,75,75,75,75,75,75,75,75,75,75,75,75,75,75,75,75,75,75,75,75,75,75,75,75],"relics":["Cracked Core","Gremlin Horn","DataDisk","Regal Pillow","Odd Mushroom","Nuclear Battery","Bag of Marbles","Art of War","Sozu","Bag of Preparation","Happy Flower","Molten Egg 2","Red Mask"],"card_choices":[{"not_picked":["Barrage","Rebound"],"picked":"Skim","floor":1},{"not_picked":["Sunder","Lockon"],"picked":"Conserve Battery","floor":3},{"not_picked":["Turbo","Beam Cell"],"picked":"Go for the Eyes","floor":5},{"not_picked":["Thunder Strike","Turbo"],"picked":"Hologram","floor":6},{"not_picked":["Leap","Sweeping Beam"],"picked":"Chill","floor":7},{"not_picked":["Undo","Barrage"],"picked":"Redo","floor":11},{"not_picked":["Doom and Gloom","Undo"],"picked":"Turbo","floor":14},{"not_picked":["Fission","Amplify"],"picked":"Buffer","floor":16},{"not_picked":["Sweeping Beam","Rebound+1"],"picked":"Conserve Battery","floor":18},{"not_picked":["Compile Driver","Cold Snap"],"picked":"Capacitor","floor":22},{"not_picked":["Melter","Storm"],"picked":"White Noise","floor":24},{"not_picked":["Aggregate","Beam Cell"],"picked":"Darkness","floor":27},{"not_picked":["Cold Snap","Conserve Battery"],"picked":"Steam Power+1","floor":30},{"not_picked":["Go for the Eyes","Steam"],"picked":"White Noise","floor":31},{"not_picked":["Echo Form","Rainbow"],"picked":"All For One","floor":33},{"not_picked":["Coolheaded+1","Stack+1"],"picked":"Hologram","floor":35},{"not_picked":["Reboot","Heatsinks+1"],"picked":"Chill+1","floor":37},{"not_picked":["Sadistic Nature","Jack Of All Trades"],"picked":"Flash of Steel","floor":38},{"not_picked":["Sadistic Nature","Transmutation"],"picked":"Flash of Steel","floor":38},{"not_picked":["Secret Technique","Trip"],"picked":"Apotheosis","floor":38},{"not_picked":["Ball Lightning","Conserve Battery+1"],"picked":"Skim+1","floor":41},{"not_picked":["Tempest+1","Darkness+1"],"picked":"Force Field","floor":42},{"not_picked":["Streamline","Redo+1"],"picked":"Coolheaded+1","floor":44},{"not_picked":["Gash","Conserve Battery"],"picked":"Buffer","floor":45},{"not_picked":["Chill+1","Doom and Gloom+1"],"picked":"Beam Cell+1","floor":48}],"player_experience":359916,"potions_floor_usage":[6,11,24,31,33,45,50],"damage_taken":[{"damage":1,"enemies":"Cultist","floor":1,"turns":3},{"damage":0,"enemies":"Small Slimes","floor":3,"turns":2},{"damage":2,"enemies":"Jaw Worm","floor":5,"turns":3},{"damage":14,"enemies":"3 Sentries","floor":6,"turns":5},{"damage":9,"enemies":"Lots of Slimes","floor":7,"turns":3},{"damage":0,"floor":11,"turns":3},{"damage":0,"enemies":"Exordium Thugs","floor":14,"turns":3},{"damage":19,"enemies":"The Guardian","floor":16,"turns":10},{"damage":11,"enemies":"Spheric Guardian","floor":18,"turns":5},{"damage":0,"enemies":"2 Thieves","floor":22,"turns":4},{"damage":16,"enemies":"Slavers","floor":24,"turns":4},{"damage":4,"enemies":"Snake Plant","floor":27,"turns":4},{"damage":0,"enemies":"Centurion and Healer","floor":30,"turns":7},{"damage":0,"enemies":"Slaver and Parasite","floor":31,"turns":5},{"damage":6,"enemies":"Collector","floor":33,"turns":8},{"damage":1,"enemies":"3 Darklings","floor":35,"turns":3},{"damage":0,"enemies":"3 Shapes","floor":37,"turns":3},{"damage":0,"enemies":"Giant Head","floor":41,"turns":5},{"damage":0,"enemies":"3 Darklings","floor":42,"turns":4},{"damage":0,"enemies":"Sphere and 2 Shapes","floor":44,"turns":2},{"damage":0,"enemies":"2 Orb Walkers","floor":45,"turns":4},{"damage":0,"enemies":"4 Shapes","floor":48,"turns":5},{"damage":62,"enemies":"Awakened One","floor":50,"turns":9}],"relics_obtained":[{"floor":6,"key":"DataDisk"},{"floor":9,"key":"Regal Pillow"},{"floor":11,"key":"Odd Mushroom"},{"floor":24,"key":"Bag of Marbles"},{"floor":26,"key":"Art of War"},{"floor":41,"key":"Bag of Preparation"},{"floor":43,"key":"Happy Flower"},{"floor":45,"key":"Molten Egg 2"}],"event_choices":[{"event_name":"Scrap Ooze","player_choice":"success","floor":4,"damage_taken":3},{"event_name":"Purifier","player_choice":"One Purge","floor":10,"damage_taken":0},{"event_name":"Mushrooms","player_choice":"Fought Mushrooms","floor":11,"damage_taken":0},{"event_name":"Ghosts","player_choice":"Ignored","floor":19,"damage_taken":0},{"event_name":"Back to Basics","player_choice":"Elegance","floor":20,"damage_taken":0},{"event_name":"SensoryStone","player_choice":"Memory 3","floor":38,"damage_taken":0},{"event_name":"Winding Halls","player_choice":"Embrace Madness","floor":39,"damage_taken":0},{"event_name":"Tomb of Lord Red Mask","player_choice":"Paid","floor":47,"damage_taken":0}],"boss_relics":[{"not_picked":["Velvet Choker","Eternal Feather"],"picked":"Nuclear Battery"},{"not_picked":["Tiny House","Inserter"],"picked":"Sozu"}],"items_purged_floors":[12,36],"potions_floor_spawned":[3,5,6,22,27,30,33,37,44],"seed_played":"-3036039647926112722","killed_by":"Awakened One","ascension_level":6,"potions_obtained":[{"floor":3,"key":"LiquidBronze"},{"floor":5,"key":"PowerPotion"},{"floor":6,"key":"Energy Potion"},{"floor":22,"key":"Explosive Potion"},{"floor":27,"key":"FearPotion"},{"floor":30,"key":"SpeedPotion"},{"floor":33,"key":"LiquidBronze"}],"is_trial":false}