{"gold_per_floor":[20,33,33,33,44,71,71,91,91,125,143,162,162],"floor_reached":13,"playtime":635,"items_purged":[],"score":97,"play_id":"606544cb-61aa-44c3-80b8-22806541720d","local_time":"20181207222245","is_ascension_mode":false,"campfire_choices":[{"floor":7,"key":"REST"}],"neow_cost":"NO_GOLD","seed_source_timestamp":8999228987449,"circlet_count":0,"master_deck":["Strike_R","Strike_R","Strike_R","Strike_R","Strike_R","Defend_R","Defend_R","Defend_R","Defend_R","Bash","Secret Technique","Madness","Flex","Spot Weakness+1","Thunderclap","Havoc","Pummel","Anger","Anger","Exhume"],"relics":["Burning Blood","Ancient Tea Set","The Courier","Bird Faced Urn"],"potions_floor_usage":[6,10,12],"damage_taken":[{"damage":9,"enemies":"Cultist","floor":1,"turns":4},{"damage":6,"enemies":"Jaw Worm","floor":2,"turns":3},{"damage":5,"enemies":"Small Slimes","floor":5,"turns":3},{"damage":36,"enemies":"Lagavulin","floor":6,"turns":5},{"damage":8,"enemies":"2 Fungi Beasts","floor":8,"turns":3},{"damage":39,"enemies":"Gremlin Nob","floor":10,"turns":4},{"damage":6,"enemies":"Exordium Thugs","floor":11,"turns":3},{"damage":25,"enemies":"Large Slime","floor":12,"turns":5},{"damage":20,"enemies":"Gremlin Gang","floor":13,"turns":2}],"seed_played":"-4245524105871889333","potions_obtained":[{"floor":5,"key":"FearPotion"},{"floor":8,"key":"Poison Potion"},{"floor":10,"key":"SkillPotion"}],"is_trial":false,"path_per_floor":["M","M","$","?","M","E","R","M","T","E","M","M","M"],"character_chosen":"IRONCLAD","items_purchased":[],"campfire_rested":1,"item_purchase_floors":[],"current_hp_per_floor":[77,77,77,77,78,48,72,70,70,37,37,18,0],"gold":162,"neow_bonus":"RANDOM_COLORLESS_2","is_prod":false,"is_daily":false,"chose_seed":false,"campfire_upgraded":0,"win_rate":0.0,"timestamp":1544221365,"path_taken":["M","?","?","?","M","E","R","M","T","E","M","M","M"],"build_version":"2018-12-06","purchased_purges":0,"victory":false,"max_hp_per_floor":[80,80,80,80,80,80,80,80,80,80,80,80,80],"card_choices":[{"not_picked":["Havoc","Burning Pact"],"picked":"Flex","floor":1},{"not_picked":["Corruption","Feel No Pain"],"picked":"Spot Weakness","floor":2},{"not_picked":["Uppercut","Headbutt"],"picked":"Thunderclap","floor":5},{"not_picked":["Battle Trance","Body Slam"],"picked":"Havoc","floor":6},{"not_picked":["Pommel Strike","Feel No Pain"],"picked":"Pummel","floor":8},{"not_picked":["Second Wind","Sentinel"],"picked":"Anger","floor":10},{"not_picked":["Sentinel","Headbutt"],"picked":"Anger","floor":11},{"not_picked":["Cleave","Warcry"],"picked":"Exhume","floor":12}],"player_experience":169680,"relics_obtained":[{"floor":6,"key":"Ancient Tea Set"},{"floor":9,"key":"The Courier"},{"floor":10,"key":"Bird Faced Urn"}],"event_choices":[{"damage_healed":0,"gold_gain":0,"player_choice":"Forge","damage_taken":0,"max_hp_gain":0,"max_hp_loss":0,"event_name":"Accursed Blacksmith","floor":4,"gold_loss":0,"cards_upgraded":["Spot Weakness"]}],"is_beta":false,"boss_relics":[],"items_purged_floors":[],"is_endless":false,"potions_floor_spawned":[5,8,10],"killed_by":"Gremlin Gang","ascension_level":0}