{"gold_per_floor":[110,110,21,21,39,68,68,95,144,177,240,251,251,269,269,369,399,411,61,61,61,77,77,38,38,38,52,52,52,65,85,85,85],"floor_reached":33,"playtime":1805,"items_purged":[],"score":308,"play_id":"ae1be859-cfc8-4519-89c8-1581a2ad8dc2","local_time":"20180624020600","is_ascension_mode":false,"campfire_choices":[{"floor":7,"key":"REST"},{"floor":15,"key":"REST"},{"floor":23,"key":"REST"},{"data":"Sever Soul","floor":25,"key":"SMITH"},{"floor":32,"key":"REST"}],"neow_cost":"NONE","seed_source_timestamp":847684393658666,"circlet_count":0,"master_deck":["Strike_R","Strike_R","Strike_R","Defend_R+1","Defend_R","Defend_R","Defend_R+1","Bash","Clothesline","Warcry","Inflame+1","Heavy Blade","Sever Soul+1","Flame Barrier","Anger","Whirlwind","Inflame","Twin Strike","Dark Embrace","Heavy Blade","Intimidate+1","Heavy Blade","Double Tap","Armaments","Fire Breathing","Cleave","Shockwave","Infernal Blade","Rage","Twin Strike+1","Inflame","Uppercut+1"],"relics":["Burning Blood","Strawberry","Oddly Smooth Stone","War Paint","Bottled Lightning","Tiny House","Self Forming Clay"],"potions_floor_usage":[16,16,16,27,29,29],"damage_taken":[{"damage":5,"enemies":"Small Slimes","floor":1,"turns":4},{"damage":5,"enemies":"2 Louse","floor":5,"turns":2},{"damage":35,"enemies":"Gremlin Nob","floor":6,"turns":5},{"damage":25,"enemies":"Lagavulin","floor":8,"turns":8},{"damage":9,"enemies":"Gremlin Nob","floor":10,"turns":4},{"damage":0,"enemies":"Jaw Worm","floor":12,"turns":3},{"damage":17,"enemies":"Blue Slaver","floor":14,"turns":3},{"damage":51,"enemies":"Hexaghost","floor":16,"turns":9},{"damage":24,"enemies":"3 Byrds","floor":18,"turns":4},{"damage":15,"enemies":"Chosen","floor":22,"turns":5},{"damage":22,"enemies":"Snecko","floor":27,"turns":5},{"damage":0,"enemies":"Gremlin Leader","floor":29,"turns":2},{"damage":39,"enemies":"3 Cultists","floor":30,"turns":8},{"damage":25,"enemies":"Snake Plant","floor":31,"turns":5},{"damage":50,"enemies":"Collector","floor":33,"turns":8}],"seed_played":"6913661583357496901","potions_obtained":[{"floor":5,"key":"Weak Potion"},{"floor":8,"key":"Swift Potion"},{"floor":10,"key":"Weak Potion"},{"floor":12,"key":"Regen Potion"},{"floor":14,"key":"PowerPotion"},{"floor":17,"key":"SmokeBomb"},{"floor":22,"key":"AttackPotion"},{"floor":27,"key":"Ancient Potion"}],"is_trial":false,"path_per_floor":["M","?","$","$","M","E","R","E","T","E","?","M","?","M","R","B",null,"M","$","?","?","M","R","$","R","T","M","?","E","M","M","R"],"character_chosen":"IRONCLAD","items_purchased":["Inflame","Heavy Blade","Heavy Blade","Double Tap","Armaments","Fire Breathing","Cleave","Rage"],"campfire_rested":4,"item_purchase_floors":[3,3,19,19,19,19,19,24],"current_hp_per_floor":[80,80,80,80,80,58,84,65,65,62,62,68,68,57,83,52,92,74,74,74,65,56,83,83,83,83,67,67,73,40,21,48,0],"gold":85,"neow_bonus":"TRANSFORM_CARD","is_prod":false,"is_daily":false,"chose_seed":false,"campfire_upgraded":1,"win_rate":0.0,"timestamp":1529798760,"path_taken":["M","?","?","$","M","E","R","E","T","E","?","?","?","M","R","BOSS","M","$","?","?","?","R","?","R","T","M","?","E","?","M","R","BOSS"],"build_version":"2018-06-21v2","purchased_purges":0,"victory":false,"max_hp_per_floor":[80,80,80,80,80,87,87,87,87,87,87,87,87,87,87,87,92,92,92,92,92,92,92,92,92,92,92,92,92,92,92,92,92],"card_choices":[{"not_picked":["Twin Strike","Cleave"],"picked":"Warcry","floor":1},{"not_picked":["Body Slam","Pommel Strike"],"picked":"Sever Soul","floor":5},{"not_picked":["Searing Blow","Headbutt"],"picked":"Flame Barrier","floor":6},{"not_picked":["Carnage","Headbutt"],"picked":"Anger","floor":8},{"not_picked":["Clothesline","Brutality"],"picked":"Whirlwind","floor":10},{"not_picked":["Headbutt","True Grit"],"picked":"Inflame","floor":12},{"not_picked":["Inflame","Body Slam"],"picked":"Twin Strike","floor":14},{"not_picked":["Brutality","Offering"],"picked":"Dark Embrace","floor":16},{"not_picked":["Hemokinesis","Headbutt"],"picked":"Heavy Blade","floor":17},{"not_picked":["Clash","Carnage+1"],"picked":"Intimidate+1","floor":18},{"not_picked":["Power Through","Armaments"],"picked":"Infernal Blade","floor":22},{"not_picked":["Heavy Blade","Combust"],"picked":"Twin Strike+1","floor":27},{"not_picked":["Heavy Blade","Shrug It Off"],"picked":"Inflame","floor":30},{"not_picked":["Pommel Strike","Twin Strike"],"picked":"Uppercut+1","floor":31}],"player_experience":11355,"relics_obtained":[{"floor":6,"key":"Strawberry"},{"floor":8,"key":"Oddly Smooth Stone"},{"floor":9,"key":"War Paint"},{"floor":10,"key":"Bottled Lightning"},{"floor":26,"key":"Self Forming Clay"}],"event_choices":[{"event_name":"The Cleric","player_choice":"Leave","floor":2,"damage_taken":0},{"event_name":"Golden Wing","player_choice":"Gained Gold","floor":11,"damage_taken":0},{"event_name":"Living Wall","player_choice":"Grow","floor":13,"damage_taken":0},{"event_name":"Transmorgrifier","player_choice":"Transform","floor":20,"damage_taken":0},{"event_name":"Knowing Skull","player_choice":"","floor":21,"damage_taken":0},{"event_name":"Ghosts","player_choice":"Ignored","floor":28,"damage_taken":0}],"boss_relics":[{"not_picked":["White Beast Statue","Fusion Hammer"],"picked":"Tiny House"}],"items_purged_floors":[],"is_endless":false,"potions_floor_spawned":[5,8,10,12,14,22,27],"killed_by":"Collector","ascension_level":0}