{"gold_per_floor":[118,129,141,66,80,80,109,109,183,183,200,229,229,229,229,324,324,334,349,360,360,99,132,132,145,145,158,158,177,177,189,189,189],"floor_reached":33,"playtime":2219,"items_purged":["Defend_B"],"score":363,"play_id":"4e27af96-5132-4b0e-b7dc-2f1ac107b0fb","local_time":"20180916125657","is_ascension_mode":true,"campfire_choices":[{"floor":6,"key":"REST"},{"data":"Zap","floor":8,"key":"SMITH"},{"data":"Dualcast","floor":13,"key":"SMITH"},{"floor":15,"key":"REST"},{"floor":24,"key":"REST"},{"floor":28,"key":"REST"},{"floor":30,"key":"REST"},{"data":"Reboot","floor":32,"key":"SMITH"}],"neow_cost":"NONE","seed_source_timestamp":85504948678723,"circlet_count":0,"master_deck":["Strike_B","Strike_B","Strike_B","Defend_B","Defend_B","Zap+1","Dualcast+1","Gash","Go for the Eyes","Steam","Darkness","Gash","Glacier","Reboot+1","Fusion+1","Steam","Sunder+1","Panache","Self Repair","Steam","Doubt","Hologram","Go for the Eyes"],"relics":["Cracked Core","Centennial Puzzle","Nunchaku","Pear","Pen Nib","Cursed Key","MutagenicStrength","Smiling Mask","Bottled Flame"],"potions_floor_usage":[7,12,12,12,20,23,27],"damage_taken":[{"damage":1,"enemies":"Cultist","floor":1,"turns":3},{"damage":0,"enemies":"Small Slimes","floor":2,"turns":2},{"damage":9,"enemies":"2 Louse","floor":3,"turns":2},{"damage":3,"enemies":"Looter","floor":5,"turns":3},{"damage":13,"enemies":"Gremlin Nob","floor":7,"turns":4},{"damage":3,"enemies":"Blue Slaver","floor":11,"turns":3},{"damage":5,"enemies":"3 Sentries","floor":12,"turns":7},{"damage":14,"enemies":"Hexaghost","floor":16,"turns":9},{"damage":0,"enemies":"3 Byrds","floor":18,"turns":5},{"damage":21,"enemies":"2 Thieves","floor":19,"turns":3},{"damage":29,"enemies":"Snake Plant","floor":20,"turns":5},{"damage":18,"enemies":"Book of Stabbing","floor":23,"turns":5},{"damage":8,"enemies":"Snecko","floor":25,"turns":5},{"damage":0,"enemies":"3 Cultists","floor":27,"turns":4},{"damage":18,"enemies":"Sentry and Sphere","floor":29,"turns":4},{"damage":1,"enemies":"Snake Plant","floor":31,"turns":2},{"damage":98,"enemies":"Collector","floor":33,"turns":11}],"seed_played":"-5592914294430818186","potions_obtained":[{"floor":3,"key":"SpeedPotion"},{"floor":5,"key":"Block Potion"},{"floor":7,"key":"Block Potion"},{"floor":11,"key":"Energy Potion"},{"floor":18,"key":"FearPotion"},{"floor":20,"key":"Block Potion"},{"floor":25,"key":"SkillPotion"}],"is_trial":false,"path_per_floor":["M","M","M","$","M","R","E","R","T","?","M","E","R","?","R","B",null,"M","M","M","?","$","E","R","M","T","M","R","M","R","M","R"],"character_chosen":"DEFECT","items_purchased":["Panache","Self Repair"],"campfire_rested":5,"item_purchase_floors":[22,22],"current_hp_per_floor":[67,67,58,58,55,75,62,62,72,72,69,64,64,57,82,68,81,81,60,31,31,31,20,45,44,44,51,76,65,85,84,84,0],"gold":189,"neow_bonus":"RANDOM_COMMON_RELIC","is_prod":false,"is_daily":false,"chose_seed":false,"campfire_upgraded":3,"win_rate":0,"timestamp":1537095417,"path_taken":["M","?","M","$","M","R","E","R","T","?","M","E","R","?","R","BOSS","M","?","M","?","?","E","R","M","T","M","R","M","R","M","R","BOSS"],"build_version":"2018-09-06","purchased_purges":1,"victory":false,"max_hp_per_floor":[75,75,75,75,75,75,75,75,85,85,85,85,85,85,85,85,85,85,85,85,85,85,85,85,85,85,85,85,85,85,85,85,85],"card_choices":[{"not_picked":["Turbo","Hologram"],"picked":"Gash","floor":1},{"not_picked":["Redo","Tempest"],"picked":"Go for the Eyes","floor":2},{"not_picked":["Streamline","Ball Lightning"],"picked":"Steam","floor":3},{"not_picked":["Loop","Cold Snap"],"picked":"Darkness","floor":5},{"not_picked":["Turbo","Undo"],"picked":"Gash","floor":7},{"not_picked":["Sunder","Chill","Coolheaded"],"picked":"SKIP","floor":11},{"not_picked":["Ball Lightning","Fusion"],"picked":"Glacier","floor":12},{"not_picked":["Biased Cognition","Thunder Strike"],"picked":"Reboot","floor":16},{"not_picked":["Coolheaded+1","Turbo"],"picked":"Fusion+1","floor":18},{"not_picked":["Cold Snap","Leap"],"picked":"Steam","floor":19},{"not_picked":["Consume","Cold Snap"],"picked":"Sunder+1","floor":20},{"not_picked":["Auto Shields","Ball Lightning"],"picked":"Steam","floor":23},{"not_picked":["Compile Driver","Heatsinks+1","Storm"],"picked":"SKIP","floor":25},{"not_picked":["Undo","Coolheaded"],"picked":"Hologram","floor":27},{"not_picked":["Barrage","Turbo+1"],"picked":"Go for the Eyes","floor":29},{"not_picked":["Coolheaded","Conserve Battery","Fission"],"picked":"SKIP","floor":31}],"player_experience":222477,"relics_obtained":[{"floor":7,"key":"Nunchaku"},{"floor":9,"key":"Pear"},{"floor":12,"key":"Pen Nib"},{"floor":23,"key":"Smiling Mask"},{"floor":26,"key":"Bottled Flame"}],"event_choices":[{"event_name":"Bonfire Elementals","player_choice":"BASIC","floor":10,"damage_taken":0},{"event_name":"Golden Wing","player_choice":"Card Removal","floor":14,"damage_taken":0},{"event_name":"Drug Dealer","player_choice":"Inject Mutagens","floor":21,"damage_taken":0}],"is_beta":false,"boss_relics":[{"not_picked":["White Beast Statue","Coffee Dripper"],"picked":"Cursed Key"}],"items_purged_floors":[4],"is_endless":false,"potions_floor_spawned":[3,5,7,11,18,20,25],"killed_by":"Collector","ascension_level":6}