{"gold_per_floor":[117,128,128,16,34,64,64,93,93,128,114,114,147,9,9,107,107,123,192,192,203,220,220,234,234,259,287,23,35,46,46,46,143,143,156,156,166,186,21,21,21,21,47,79,91,0,12,24,36,48],"floor_reached":51,"playtime":2109,"items_purged":["Strike_R","Defend_R","Strike_R"],"score":854,"play_id":"2c854a39-45dd-41b7-ba87-c6fb4c732e2b","local_time":"20180928165329","is_ascension_mode":true,"campfire_choices":[{"data":"Berserk","floor":7,"key":"SMITH"},{"data":"Metallicize","floor":15,"key":"SMITH"},{"data":"Limit Break","floor":23,"key":"SMITH"},{"floor":25,"key":"REST"},{"floor":32,"key":"REST"},{"data":"Metallicize","floor":40,"key":"SMITH"},{"data":"Whirlwind","floor":42,"key":"SMITH"},{"data":"Clothesline","floor":45,"key":"SMITH"},{"floor":49,"key":"REST"}],"neow_cost":"NONE","seed_source_timestamp":137900332053708,"circlet_count":0,"master_deck":["Strike_R","Strike_R","Defend_R","Defend_R","Defend_R","Bash+1","Metallicize+1","Clothesline+1","Flame Barrier","Berserk+1","Iron Wave","Pommel Strike","Metallicize+1","Whirlwind+1","Rampage","Limit Break+1","Hemokinesis+1","True Grit+1","Whirlwind+1","Havoc+1","Reaper","Shrug It Off+1","Fiend Fire","Double Tap+1","Evolve+1","Burning Pact+1","Dramatic Entrance"],"relics":["Burning Blood","Shuriken","Regal Pillow","The Courier","Red Skull","Dream Catcher","Velvet Choker","Toxic Egg 2","Art of War","Juzu Bracelet","FaceOfCleric","Busted Crown","OrangePellets","MawBank","Red Mask"],"potions_floor_usage":[18,21,27,29,33,50,50],"damage_taken":[{"damage":1,"enemies":"Cultist","floor":1,"turns":4},{"damage":0,"enemies":"2 Louse","floor":2,"turns":3},{"damage":0,"enemies":"Jaw Worm","floor":5,"turns":5},{"damage":13,"enemies":"Lagavulin","floor":6,"turns":9},{"damage":25,"enemies":"Gremlin Nob","floor":8,"turns":5},{"damage":4,"enemies":"Lagavulin","floor":10,"turns":7},{"damage":22,"enemies":"Exordium Thugs","floor":11,"turns":5},{"damage":4,"enemies":"Gremlin Nob","floor":13,"turns":4},{"damage":15,"enemies":"Hexaghost","floor":16,"turns":8},{"damage":23,"enemies":"2 Thieves","floor":18,"turns":4},{"damage":9,"enemies":"Chosen","floor":21,"turns":4},{"damage":21,"enemies":"Centurion and Healer","floor":22,"turns":4},{"damage":5,"enemies":"Snecko","floor":24,"turns":4},{"damage":41,"enemies":"Book of Stabbing","floor":27,"turns":6},{"damage":9,"enemies":"Shelled Parasite and Fungi","floor":29,"turns":3},{"damage":5,"enemies":"Centurion and Healer","floor":30,"turns":3},{"damage":57,"enemies":"Automaton","floor":33,"turns":9},{"damage":2,"enemies":"3 Shapes","floor":35,"turns":4},{"damage":10,"enemies":"Orb Walker","floor":37,"turns":3},{"damage":54,"enemies":"Jaw Worm Horde","floor":38,"turns":3},{"damage":3,"enemies":"Maw","floor":44,"turns":5},{"damage":101,"enemies":"Time Eater","floor":50,"turns":8}],"seed_played":"-5275544713226967619","potions_obtained":[{"floor":8,"key":"EssenceOfSteel"},{"floor":10,"key":"Strength Potion"},{"floor":13,"key":"BloodPotion"},{"floor":18,"key":"Regen Potion"},{"floor":22,"key":"Poison Potion"},{"floor":30,"key":"Poison Potion"},{"floor":33,"key":"GamblersBrew"},{"floor":37,"key":"AttackPotion"},{"floor":38,"key":"Explosive Potion"}],"is_trial":false,"path_per_floor":["M","M","?","$","M","E","R","E","T","E","M","?","E","$","R","B",null,"M","T","?","M","M","R","M","R","T","E","$","M","M","?","R","B",null,"M","?","M","M","$","R","$","R","T","M","R","?","?","?","R","B"],"character_chosen":"IRONCLAD","items_purchased":["Flame Barrier","Rampage","Reaper","Fire Potion","OrangePellets"],"campfire_rested":3,"item_purchase_floors":[4,14,28,28,39],"current_hp_per_floor":[80,80,80,80,80,73,73,54,54,56,40,40,42,42,42,33,68,51,51,36,42,27,27,28,68,68,33,33,30,39,39,79,33,73,86,83,80,37,37,37,37,37,37,59,59,59,54,54,86,33],"gold":60,"neow_bonus":"UPGRADE_CARD","is_prod":false,"is_daily":false,"chose_seed":false,"campfire_upgraded":6,"win_rate":0,"timestamp":1538146409,"path_taken":["M","?","?","?","M","E","R","E","T","E","?","?","E","$","R","BOSS","M","?","?","M","M","R","?","R","T","E","$","M","M","?","R","BOSS","M","?","M","M","$","R","?","R","T","M","R","?","?","?","R","BOSS"],"build_version":"2018-09-27","purchased_purges":3,"victory":true,"max_hp_per_floor":[80,80,80,80,80,80,80,80,80,80,80,80,80,80,80,80,80,80,80,85,85,85,85,85,85,85,85,85,85,85,85,85,86,86,87,83,84,85,85,85,85,85,85,86,86,86,86,86,86,87],"card_choices":[{"not_picked":["Clash","Warcry"],"picked":"Metallicize","floor":1},{"not_picked":["Warcry","Cleave"],"picked":"Clothesline","floor":2},{"not_picked":["Burning Pact","Armaments"],"picked":"Berserk","floor":5},{"not_picked":["Anger","Clothesline"],"picked":"Iron Wave","floor":6},{"not_picked":["Thunderclap","Heavy Blade"],"picked":"Pommel Strike","floor":8},{"not_picked":["Dark Embrace","Armaments"],"picked":"Metallicize","floor":10},{"not_picked":["Armaments","Sentinel","Feel No Pain"],"picked":"SKIP","floor":11},{"not_picked":["Ghostly Armor","Blood for Blood"],"picked":"Whirlwind","floor":13},{"not_picked":["Dark Embrace","Bludgeon"],"picked":"Limit Break","floor":16},{"not_picked":["Body Slam","Perfected Strike"],"picked":"Hemokinesis+1","floor":18},{"not_picked":["Wild Strike","Power Through+1","Combust"],"picked":"SKIP","floor":21},{"not_picked":["Anger","True Grit+1","Whirlwind"],"picked":"SKIP","floor":22},{"not_picked":["Hemokinesis","Carnage"],"picked":"True Grit+1","floor":24},{"not_picked":["Evolve","Perfected Strike+1"],"picked":"Whirlwind+1","floor":25},{"not_picked":["Thunderclap","Body Slam"],"picked":"Havoc+1","floor":27},{"not_picked":["Hemokinesis","Twin Strike"],"picked":"Shrug It Off+1","floor":29},{"not_picked":["Heavy Blade","Entrench+1","Twin Strike+1"],"picked":"SKIP","floor":30},{"not_picked":["Cleave","True Grit+1"],"picked":"Fiend Fire","floor":32},{"not_picked":["Feed","Impervious+1"],"picked":"Double Tap+1","floor":33},{"not_picked":[],"picked":"Evolve+1","floor":35},{"not_picked":["Twin Strike+1"],"picked":"SKIP","floor":37},{"not_picked":["Anger+1"],"picked":"SKIP","floor":38},{"not_picked":[],"picked":"Burning Pact+1","floor":44},{"not_picked":[],"picked":"Dramatic Entrance","floor":47}],"player_experience":163790,"relics_obtained":[{"floor":6,"key":"Shuriken"},{"floor":8,"key":"Regal Pillow"},{"floor":9,"key":"The Courier"},{"floor":10,"key":"Red Skull"},{"floor":13,"key":"Dream Catcher"},{"floor":19,"key":"Toxic Egg 2"},{"floor":26,"key":"Art of War"},{"floor":27,"key":"Juzu Bracelet"},{"floor":43,"key":"MawBank"}],"event_choices":[{"event_name":"Match and Keep!","player_choice":"0 cards matched","floor":3,"damage_taken":0},{"event_name":"Bonfire Elementals","player_choice":"BASIC","floor":12,"damage_taken":0},{"event_name":"Forgotten Altar","player_choice":"Shed Blood","floor":20,"damage_taken":0},{"event_name":"FaceTrader","player_choice":"Trade","floor":31,"damage_taken":0},{"event_name":"Winding Halls","player_choice":"Max HP","floor":36,"damage_taken":0},{"event_name":"Tomb of Lord Red Mask","player_choice":"Paid","floor":46,"damage_taken":0},{"event_name":"SensoryStone","player_choice":"Memory 2","floor":47,"damage_taken":0},{"event_name":"Mysterious Sphere","player_choice":"Ignore","floor":48,"damage_taken":0}],"is_beta":true,"boss_relics":[{"not_picked":["Mark of Pain","Calling Bell"],"picked":"Velvet Choker"},{"not_picked":["Cursed Key","Pandora\u0027s Box"],"picked":"Busted Crown"}],"items_purged_floors":[4,14,28],"is_endless":false,"potions_floor_spawned":[8,10,13,18,22,30,33,37,38,44],"ascension_level":5}