{"path_per_floor":["M","?","$","?","M","E","R","M","T","M","M","M","$","M","R","B",null,"M","M","?","T","M","E","M","R","T","R","M","R","M","M","R","B",null,"M","M","$","?","?"],"character_chosen":"IRONCLAD","items_purchased":["Shrug It Off","Master of Strategy","Warcry","Finesse"],"gold_per_floor":[366,366,59,59,70,95,95,113,113,131,143,160,35,45,45,140,140,140,140,140,140,140,140,140,140,140,140,140,140,140,140,140,140,140,140,140,37,0,0],"floor_reached":40,"campfire_rested":1,"playtime":2584,"current_hp_per_floor":[43,36,36,62,66,57,57,62,62,65,71,74,74,80,80,27,80,67,59,59,59,44,29,17,17,17,17,23,23,13,10,34,13,80,80,69,69,69,59],"items_purged":["Strike_R","Strike_R"],"gold":0,"play_id":"83e3492d-7431-43bb-9ecb-887bfa6bd590","is_prod":false,"is_daily":false,"is_ascension_mode":false,"campfire_upgraded":5,"path_taken":["M","?","$","?","M","E","R","M","T","M","M","M","$","M","R","BOSS","M","M","?","?","?","E","M","R","T","R","M","R","M","M","R","BOSS","M","M","$","?","?","E"],"build_version":"2018-01-25-PROD3","purchased_purges":2,"victory":false,"master_deck":["Strike_R","Strike_R","Strike_R","Defend_R","Defend_R","Defend_R","Defend_R","Spot Weakness+1","Shrug It Off+1","Master of Strategy","Juggernaut+1","Inflame+1","Whirlwind+1","Seeing Red","Warcry+1","Juggernaut+1","Heavy Blade","Body Slam","Twin Strike","Inflame","Pommel Strike","Flame Barrier","Thunderclap","Juggernaut","Body Slam+1","Finesse","Madness","Madness"],"max_hp_per_floor":[80,80,80,80,80,80,80,80,80,80,80,80,80,80,80,80,80,80,80,80,80,80,80,80,80,80,80,80,80,80,80,80,80,80,80,80,80,80,80],"relics":["Burning Blood","Vajra","Champion Belt","Ectoplasm","War Paint","Happy Flower","Pen Nib","Sozu","Red Mask"],"card_choices":[{"not_picked":["Sever Soul","Hemokinesis"],"picked":"Spot Weakness"},{"not_picked":["Feel No Pain","Intimidate"],"picked":"Juggernaut"},{"not_picked":["Offering","Metallicize"],"picked":"Inflame"},{"not_picked":["Pommel Strike","Perfected Strike"],"picked":"Whirlwind"},{"not_picked":["Shockwave","Uppercut"],"picked":"Seeing Red"},{"not_picked":["Demon Form","Immolate"],"picked":"Juggernaut"},{"not_picked":["Rupture","Cleave"],"picked":"Heavy Blade"},{"not_picked":["True Grit","Blood for Blood"],"picked":"Body Slam"},{"not_picked":["Shockwave","Armaments"],"picked":"Twin Strike"},{"not_picked":["Rage","Clothesline"],"picked":"Inflame"},{"not_picked":["True Grit","Body Slam"],"picked":"Pommel Strike"},{"not_picked":["Rupture","Rampage"],"picked":"Flame Barrier"},{"not_picked":["Burning Pact","Cleave"],"picked":"Thunderclap"},{"not_picked":["Demon Form","Barricade"],"picked":"Juggernaut"},{"not_picked":["Pommel Strike","Fire Breathing"],"picked":"Body Slam"}],"player_experience":21652,"potions_floor_usage":[6,14,16,16,23,24,24,28,31,33],"damage_taken":[{"damage":3,"enemies":"Small Slimes","floor":1,"turns":4},{"damage":2,"enemies":"2 Louse","floor":5,"turns":4},{"damage":15,"enemies":"Lagavulin","floor":6,"turns":10},{"damage":1,"enemies":"Jaw Worm","floor":8,"turns":5},{"damage":3,"enemies":"Exordium Wildlife","floor":10,"turns":4},{"damage":0,"enemies":"3 Louse","floor":11,"turns":2},{"damage":3,"enemies":"Exordium Thugs","floor":12,"turns":5},{"damage":0,"enemies":"Gremlin Gang","floor":14,"turns":1},{"damage":74,"enemies":"Hexaghost","floor":16,"turns":9},{"damage":19,"enemies":"Chosen","floor":18,"turns":6},{"damage":14,"enemies":"Spheric Guardian","floor":19,"turns":4},{"damage":21,"enemies":"3 Cultists","floor":22,"turns":5},{"damage":21,"enemies":"Book of Stabbing","floor":23,"turns":6},{"damage":24,"enemies":"Sentry and Sphere","floor":24,"turns":4},{"damage":0,"enemies":"Centurion and Healer","floor":28,"turns":4},{"damage":16,"enemies":"3 Cultists","floor":30,"turns":4},{"damage":9,"enemies":"Snake Plant","floor":31,"turns":3},{"damage":27,"enemies":"Collector","floor":33,"turns":8},{"damage":0,"enemies":"Orb Walker","floor":35,"turns":3},{"damage":17,"enemies":"3 Shapes","floor":36,"turns":2},{"damage":63,"enemies":"Nemesis","floor":40,"turns":6}],"event_choices":[{"event_name":"Golden Wing","player_choice":"Card Removal","floor":2,"damage_taken":0},{"event_name":"Big Fish","player_choice":"Banana","floor":4,"damage_taken":0},{"event_name":"Vampires","player_choice":"Ignored","floor":20,"damage_taken":0},{"event_name":"Tomb of Lord Red Mask","player_choice":"Paid","floor":38,"damage_taken":0},{"event_name":"Winding Halls","player_choice":"Embrace Madness","floor":39,"damage_taken":0}],"boss_relics":[{"not_picked":["Mark of Pain","Runic Cube"],"picked":"Ectoplasm"},{"not_picked":["Astrolabe","Lizard Tail"],"picked":"Sozu"}],"potions_floor_spawned":[1,5,11,12,14,19,22,23,30,31,33],"seed_played":"6812243179306181378","killed_by":"Nemesis","ascension_level":0,"is_trial":false}