{"path_per_floor":["M","?","M","?","M","E","M","R","T","E","?","?","?","M","R","B",null,"M","$","?","$","M","R","?","M","T","M"],"character_chosen":"THE_SILENT","items_purchased":["Eviscerate"],"gold_per_floor":[118,118,132,132,147,172,184,184,184,214,179,179,237,249,249,348,348,361,215,215,115,129,129,129,141,141,160],"floor_reached":28,"campfire_rested":2,"playtime":2967,"current_hp_per_floor":[69,55,55,55,55,47,43,64,64,37,54,47,28,34,55,18,70,70,70,49,49,49,49,49,42,42,27],"items_purged":["Defend_G","Defend_G"],"gold":160,"score":254,"play_id":"a3735a1a-f3b8-4441-bdf8-ee0bd989f7d2","local_time":"20180322150021","is_prod":false,"is_daily":false,"is_ascension_mode":false,"campfire_upgraded":1,"timestamp":1521727221,"path_taken":["M","?","M","?","M","E","M","R","T","E","?","?","?","M","R","BOSS","M","$","?","$","M","R","?","M","T","M","E"],"build_version":"2018-03-15v3","purchased_purges":3,"victory":false,"master_deck":["Defend_G+1","Defend_G","Defend_G","Survivor","Neutralize+1","Underhanded Strike","Dagger Spray","Acrobatics","Prepared","Acrobatics","Dagger Throw","Outmaneuver","Well Laid Plans","A Thousand Cuts+1","Predator+1","Eviscerate+1","Bite","Bite","Bite","Bite","Bite","Quick Slash","Backstab","Leg Sweep"],"max_hp_per_floor":[70,70,70,70,70,70,70,70,70,70,70,70,70,70,70,70,70,70,70,49,49,49,49,49,49,49,49],"relics":["Ring of the Snake","Tingsha","Dodecahedron","Juzu Bracelet","Pen Nib","Snecko Eye","Blood Vial"],"card_choices":[{"not_picked":["Riddle With Holes","Noxious Fumes"],"picked":"Underhanded Strike"},{"not_picked":["Flechettes","Predator"],"picked":"Dagger Spray"},{"not_picked":["Terror","Crippling Poison"],"picked":"Acrobatics"},{"not_picked":["Dodge and Roll","Deadly Poison"],"picked":"Prepared"},{"not_picked":["Slice","Dodge and Roll"],"picked":"Acrobatics"},{"not_picked":["Underhanded Strike","Quick Slash"],"picked":"Dagger Throw"},{"not_picked":["Expertise","Backflip"],"picked":"Outmaneuver"},{"not_picked":["Dash","Sucker Punch"],"picked":"Well Laid Plans"},{"not_picked":["Wraith Form","Phantasmal Killer"],"picked":"A Thousand Cuts"},{"not_picked":["Dagger Spray","Deadly Poison"],"picked":"Predator"},{"not_picked":["PiercingWail","Dagger Spray"],"picked":"Quick Slash"},{"not_picked":["Dodge and Roll","Deadly Poison"],"picked":"Backstab"},{"not_picked":["Infinite Blades","Backflip"],"picked":"Leg Sweep"}],"player_experience":3549,"potions_floor_usage":[6,14,16,28,28,28],"damage_taken":[{"damage":1,"enemies":"2 Louse","floor":1,"turns":3},{"damage":0,"enemies":"Jaw Worm","floor":3,"turns":4},{"damage":0,"enemies":"Cultist","floor":5,"turns":3},{"damage":8,"enemies":"3 Sentries","floor":6,"turns":4},{"damage":4,"enemies":"Blue Slaver","floor":7,"turns":3},{"damage":27,"enemies":"Lagavulin","floor":10,"turns":9},{"damage":19,"enemies":"3 Sentries","floor":13,"turns":5},{"damage":0,"enemies":"2 Fungi Beasts","floor":14,"turns":3},{"damage":37,"enemies":"Hexaghost","floor":16,"turns":11},{"damage":0,"enemies":"Shell Parasite","floor":18,"turns":4},{"damage":0,"enemies":"Chosen","floor":22,"turns":3},{"damage":13,"enemies":"Slaver and Parasite","floor":25,"turns":3},{"damage":21,"enemies":"Snake Plant","floor":27,"turns":2},{"damage":38,"enemies":"Slavers","floor":28,"turns":3}],"event_choices":[{"event_name":"Shining Light","player_choice":"Entered Light","floor":2,"damage_taken":0},{"event_name":"Living Wall","player_choice":"Grow","floor":4,"damage_taken":0},{"event_name":"The Cleric","player_choice":"Healed","floor":11,"damage_taken":0},{"event_name":"Scrap Ooze","player_choice":"unsuccessful","floor":12,"damage_taken":7},{"event_name":"Dead Adventurer","player_choice":"Searched \u00271\u0027 times","floor":13,"damage_taken":0},{"event_name":"Vampires","player_choice":"Became a vampire","floor":20,"damage_taken":0},{"event_name":"Upgrade Shrine","player_choice":"Upgraded","floor":24,"damage_taken":0}],"boss_relics":[{"not_picked":["Eternal Feather","Runic Pyramid"],"picked":"Snecko Eye"}],"potions_floor_spawned":[5,6,7,13,13,18,25],"seed_played":"3007889506212692428","killed_by":"Slavers","ascension_level":0,"is_trial":false}