{"gold_per_floor":[10,10,10,27,47,47,82,82,107,137,137,149,68,81,81,155,155,165,165],"floor_reached":19,"playtime":1785,"items_purged":[],"score":335,"play_id":"4e6d9810-0a1e-438f-9c15-377103c22d91","local_time":"20180922230609","is_ascension_mode":true,"campfire_choices":[{"data":"Dualcast","floor":6,"key":"SMITH"},{"data":"Echo Form","floor":8,"key":"SMITH"},{"floor":11,"key":"REST"},{"data":"Defragment","floor":15,"key":"SMITH"}],"neow_cost":"NO_GOLD","seed_source_timestamp":640896643613512,"circlet_count":0,"master_deck":["Strike_B","Strike_B","Strike_B","Strike_B","Defend_B","Defend_B","Defend_B","Zap+1","Dualcast+1","AscendersBane","Glacier","Cold Snap","Echo Form+1","Seek","Defragment+1","Consume","Machine Learning","Compile Driver"],"relics":["Cracked Core","Bronze Scales","Strawberry","Torii","White Beast Statue"],"potions_floor_usage":[7,7,16,18,19],"damage_taken":[{"damage":6,"enemies":"Jaw Worm","floor":1,"turns":4},{"damage":0,"enemies":"2 Louse","floor":4,"turns":2},{"damage":4,"enemies":"Small Slimes","floor":5,"turns":4},{"damage":14,"enemies":"3 Sentries","floor":7,"turns":6},{"damage":29,"enemies":"Gremlin Nob","floor":10,"turns":6},{"damage":0,"enemies":"2 Fungi Beasts","floor":12,"turns":3},{"damage":1,"enemies":"3 Louse","floor":14,"turns":2},{"damage":1,"enemies":"Slime Boss","floor":16,"turns":10},{"damage":7,"enemies":"Shell Parasite","floor":18,"turns":9},{"damage":21,"enemies":"Colosseum Slavers","floor":19,"turns":4},{"damage":82,"enemies":"Colosseum Nobs","floor":19,"turns":3}],"seed_played":"-5459683920739505628","potions_obtained":[{"floor":1,"key":"Swift Potion"},{"floor":4,"key":"Fire Potion"},{"floor":12,"key":"FocusPotion"},{"floor":14,"key":"SteroidPotion"},{"floor":18,"key":"AttackPotion"}],"is_trial":false,"path_per_floor":["M","?","?","M","M","R","E","R","T","E","R","M","$","M","R","B",null,"M"],"character_chosen":"DEFECT","items_purchased":["Defragment"],"campfire_rested":1,"item_purchase_floors":[13],"current_hp_per_floor":[72,72,65,65,61,61,47,47,54,25,52,52,52,51,51,50,82,75,0],"gold":165,"neow_bonus":"TWENTY_PERCENT_HP_BONUS","is_prod":false,"is_daily":false,"chose_seed":false,"campfire_upgraded":3,"win_rate":0,"timestamp":1537650369,"path_taken":["M","?","?","M","?","R","E","R","T","E","R","M","$","M","R","BOSS","M","?"],"build_version":"2018-09-20","purchased_purges":0,"victory":false,"max_hp_per_floor":[85,85,85,85,85,85,85,85,92,92,92,92,92,92,92,92,92,92,92],"card_choices":[{"not_picked":["Ball Lightning","Reprogram"],"picked":"Glacier","floor":1},{"not_picked":["Leap","Beam Cell"],"picked":"Cold Snap","floor":4},{"not_picked":["Sweeping Beam","Go for the Eyes","Beam Cell"],"picked":"SKIP","floor":5},{"not_picked":["Beam Cell","Reinforced Body"],"picked":"Echo Form","floor":7},{"not_picked":["Cold Snap","Gash"],"picked":"Seek","floor":10},{"not_picked":["Steam","Turbo","Gash"],"picked":"SKIP","floor":12},{"not_picked":["Ball Lightning","Hologram"],"picked":"Consume","floor":14},{"not_picked":["Seek","Meteor Strike"],"picked":"Machine Learning","floor":16},{"not_picked":["Redo","Stack"],"picked":"Compile Driver","floor":18}],"player_experience":553930,"relics_obtained":[{"floor":7,"key":"Bronze Scales"},{"floor":9,"key":"Strawberry"},{"floor":10,"key":"Torii"}],"event_choices":[{"event_name":"Living Wall","player_choice":"Grow","floor":2,"damage_taken":0},{"event_name":"Golden Wing","player_choice":"Card Removal","floor":3,"damage_taken":0},{"event_name":"Colosseum","player_choice":"Fight","floor":19,"damage_taken":0},{"event_name":"Colosseum","player_choice":"Fought Nobs","floor":19,"damage_taken":0}],"is_beta":false,"boss_relics":[{"not_picked":["FrozenCore","Runic Pyramid"],"picked":"White Beast Statue"}],"items_purged_floors":[],"is_endless":false,"potions_floor_spawned":[1,4,12,14,18,19],"killed_by":"Colosseum Nobs","ascension_level":15}