{"gold_per_floor":[115,131,131,144,156,156,156,168,217,217,234,246,246,257,257,360,360,370,370,384,384],"floor_reached":21,"playtime":1142,"items_purged":[],"score":185,"play_id":"c7095de2-c738-4f1b-98c1-f17d37a20f24","local_time":"20190211171912","is_ascension_mode":false,"campfire_choices":[{"data":"Noxious Fumes","floor":7,"key":"SMITH"},{"data":"Catalyst","floor":10,"key":"SMITH"},{"data":"Dodge and Roll","floor":15,"key":"SMITH"}],"neow_cost":"NONE","seed_source_timestamp":179958690726809,"circlet_count":0,"master_deck":["Survivor+1","Neutralize","Bouncing Flask+1","Dodge and Roll+1","Noxious Fumes+1","Catalyst+1","Backstab","Burst","Die Die Die","Underhanded Strike","Skewer","Unload","Skewer","Bane","Footwork","Blur","Eviscerate","Footwork"],"relics":["Ring of the Snake","Happy Flower","Pandora\u0027s Box"],"potions_floor_usage":[6,6,11,21],"damage_taken":[{"damage":1,"enemies":"2 Louse","floor":1,"turns":4},{"damage":0,"enemies":"Jaw Worm","floor":2,"turns":4},{"damage":0,"enemies":"Small Slimes","floor":4,"turns":5},{"damage":0,"enemies":"2 Fungi Beasts","floor":5,"turns":4},{"damage":0,"enemies":"3 Sentries","floor":6,"turns":2},{"damage":5,"enemies":"Looter","floor":8,"turns":3},{"damage":6,"enemies":"Lots of Slimes","floor":11,"turns":4},{"damage":0,"enemies":"Blue Slaver","floor":12,"turns":2},{"damage":16,"enemies":"Gremlin Gang","floor":14,"turns":4},{"damage":14,"enemies":"The Guardian","floor":16,"turns":7},{"damage":4,"enemies":"Shell Parasite","floor":18,"turns":4},{"damage":0,"enemies":"Chosen","floor":20,"turns":6},{"damage":37,"enemies":"Colosseum Slavers","floor":21,"turns":5},{"damage":31,"enemies":"Colosseum Nobs","floor":21,"turns":5}],"seed_played":"2062806540456887630","potions_obtained":[{"floor":1,"key":"PowerPotion"},{"floor":4,"key":"SmokeBomb"},{"floor":8,"key":"Block Potion"},{"floor":11,"key":"SpeedPotion"}],"is_trial":false,"path_per_floor":["M","M","?","M","M","E","R","M","T","R","M","M","?","M","R","B",null,"M","?","M","?"],"character_chosen":"THE_SILENT","items_purchased":[],"campfire_rested":0,"item_purchase_floors":[],"current_hp_per_floor":[69,69,69,69,69,69,69,64,64,64,58,58,58,42,42,28,70,66,53,53,0],"gold":384,"neow_bonus":"UPGRADE_CARD","is_prod":false,"is_daily":false,"chose_seed":false,"campfire_upgraded":3,"win_rate":0,"timestamp":1549923552,"path_taken":["M","M","?","M","M","E","R","M","T","R","M","M","?","M","R","BOSS","M","?","M","?"],"build_version":"2019-01-23","purchased_purges":0,"victory":false,"max_hp_per_floor":[70,70,70,70,70,70,70,70,70,70,70,70,70,70,70,70,70,70,75,75,75],"card_choices":[{"not_picked":["Heel Hook","Deflect"],"picked":"Bouncing Flask","floor":1},{"not_picked":["Poisoned Stab","Skewer"],"picked":"Dodge and Roll","floor":2},{"not_picked":["Bouncing Flask","Bane"],"picked":"Noxious Fumes","floor":4},{"not_picked":["Concentrate","Underhanded Strike"],"picked":"Catalyst","floor":5},{"not_picked":["Quick Slash","Endless Agony"],"picked":"Backstab","floor":8},{"not_picked":["Dagger Throw","Deadly Poison","Quick Slash"],"picked":"SKIP","floor":11},{"not_picked":["Concentrate","Acrobatics","Dash"],"picked":"SKIP","floor":12},{"not_picked":["Well Laid Plans","Slice","All Out Attack"],"picked":"SKIP","floor":14},{"not_picked":["Adrenaline","Doppelganger"],"picked":"Burst","floor":16},{"not_picked":["Outmaneuver+1","Distraction","Underhanded Strike"],"picked":"SKIP","floor":18},{"not_picked":["Acrobatics+1","Predator","Backflip"],"picked":"SKIP","floor":20}],"player_experience":652320,"relics_obtained":[{"floor":9,"key":"Happy Flower"}],"event_choices":[{"damage_healed":0,"gold_gain":0,"player_choice":"Grow","damage_taken":0,"max_hp_gain":0,"max_hp_loss":0,"event_name":"Living Wall","floor":3,"gold_loss":0,"cards_upgraded":["Bouncing Flask"]},{"damage_healed":0,"gold_gain":0,"player_choice":"Searched \u00270\u0027 times","damage_taken":0,"max_hp_gain":0,"max_hp_loss":0,"event_name":"Dead Adventurer","floor":13,"gold_loss":0},{"damage_healed":0,"gold_gain":0,"player_choice":"Shed Blood","damage_taken":18,"max_hp_gain":5,"max_hp_loss":0,"event_name":"Forgotten Altar","floor":19,"gold_loss":0},{"damage_healed":0,"gold_gain":0,"player_choice":"Fight","damage_taken":0,"max_hp_gain":0,"max_hp_loss":0,"event_name":"Colosseum","floor":21,"gold_loss":0},{"damage_healed":0,"gold_gain":0,"player_choice":"Fought Nobs","damage_taken":0,"max_hp_gain":0,"max_hp_loss":0,"event_name":"Colosseum","floor":21,"gold_loss":0}],"is_beta":false,"boss_relics":[{"not_picked":["Ring of the Serpent","WristBlade"],"picked":"Pandora\u0027s Box"}],"items_purged_floors":[],"is_endless":false,"potions_floor_spawned":[1,4,8,11,21],"killed_by":"Colosseum Nobs","ascension_level":0}