{"path_per_floor":["M","?","?","T","M","R","E","R","T","?","E","R","$","?","R","B",null,"M","M","$","?","M","R","?","R","T","R","?","R","M","M","R","B",null,"M","$","?","$","?","R","M","M","T","M","R","M","?","M","R","B"],"character_chosen":"THE_SILENT","items_purchased":["Corpse Explosion","Acrobatics","Catalyst","Blur","Prepared"],"gold_per_floor":[109,109,109,109,124,124,150,150,150,100,130,130,9,9,9,112,112,124,142,62,62,73,73,73,73,121,121,121,121,139,152,152,257,257,270,65,110,10,10,10,29,43,43,56,56,70,0,15,15,15],"floor_reached":51,"campfire_rested":2,"playtime":4649,"current_hp_per_floor":[70,70,63,63,61,61,36,36,36,36,27,27,27,13,34,7,70,60,45,45,45,42,42,42,42,42,42,42,42,42,42,42,42,70,70,70,58,58,58,58,58,45,45,45,45,45,45,45,66,66],"items_purged":["Strike_G","Strike_G"],"gold":15,"play_id":"64cac785-6f37-4894-b818-e883846c3542","is_prod":false,"is_daily":false,"campfire_rituals":0,"campfire_upgraded":10,"is_hardmode":false,"path_taken":["M","?","?","?","?","R","E","R","T","?","E","R","$","?","R","BOSS","M","M","$","?","M","R","?","R","T","R","?","R","M","M","R","BOSS","M","$","?","$","?","R","M","?","T","M","R","?","?","M","R","BOSS"],"build_version":"2018-01-11-PROD2","purchased_purges":2,"victory":true,"master_deck":["Defend_G","Defend_G","Defend_G","Defend_G","Defend_G","Strike_G","Survivor","Neutralize","Underhanded Strike","Dagger Throw","Deadly Poison","Corpse Explosion","Acrobatics","Outmaneuver","Deflect","Catalyst","Bouncing Flask","Leg Sweep","Backflip","Blur","Prepared","Reflex","Backflip","Bouncing Flask"],"max_hp_per_floor":[70,70,70,70,70,70,70,70,70,70,70,70,70,70,70,70,70,70,70,70,70,70,70,70,70,70,70,70,70,70,70,70,70,70,70,70,70,70,70,70,70,70,70,70,70,70,70,70,70,70],"relics":["Ring of the Snake","Ice Cream","Paper Crane","Gambling Chip","Shuriken","Runic Pyramid","Omamori","Cursed Key","Calipers","Sundial","Red Mask"],"campfire_meditates":0,"card_choices":[{"not_picked":["Dagger Spray","Bane"],"picked":"Underhanded Strike"},{"not_picked":["Flying Knee","Flechettes"],"picked":"Dagger Throw"},{"not_picked":["Bouncing Flask","Deflect"],"picked":"Deadly Poison"},{"not_picked":["Envenom","Bullet Time"],"picked":"Wraith Form"},{"not_picked":["Backflip","Backstab"],"picked":"Outmaneuver"},{"not_picked":["Dagger Spray","Sucker Punch"],"picked":"Deflect"},{"not_picked":["Unload","Dagger Spray"],"picked":"Bouncing Flask"},{"not_picked":["Endless Agony","Dodge and Roll"],"picked":"Backflip"},{"not_picked":["Dagger Throw","Bane"],"picked":"Reflex"},{"not_picked":["Sucker Punch","Acrobatics"],"picked":"Backflip"},{"not_picked":["Escape Plan","Deflect"],"picked":"Bouncing Flask"}],"player_experience":62543,"potions_floor_usage":[],"damage_taken":[{"damage":0.0,"enemies":"2 Louse","floor":1.0,"turns":3.0},{"damage":2.0,"enemies":"Blue Slaver","floor":5.0,"turns":5.0},{"damage":25.0,"enemies":"3 Sentries","floor":7.0,"turns":11.0},{"damage":9.0,"enemies":"Lagavulin","floor":11.0,"turns":13.0},{"damage":27.0,"enemies":"Slime Boss","floor":16.0,"turns":15.0},{"damage":10.0,"enemies":"Spheric Guardian","floor":18.0,"turns":6.0},{"damage":15.0,"enemies":"3 Byrds","floor":19.0,"turns":6.0},{"damage":3.0,"enemies":"Snake Plant","floor":22.0,"turns":5.0},{"damage":0,"enemies":"Snecko","floor":30,"turns":3},{"damage":0,"enemies":"3 Cultists","floor":31,"turns":3},{"damage":0,"enemies":"Champ","floor":33,"turns":7},{"damage":0,"enemies":"3 Shapes","floor":35,"turns":2},{"damage":12,"enemies":"Mysterious Sphere","floor":37,"turns":4},{"damage":0,"enemies":"3 Darklings","floor":41,"turns":3},{"damage":13,"enemies":"Maw","floor":42,"turns":5},{"damage":0,"enemies":"4 Shapes","floor":44,"turns":2},{"damage":0,"enemies":"Sphere and 2 Shapes","floor":46,"turns":2},{"damage":0,"enemies":"3 Darklings","floor":48,"turns":2},{"damage":0,"enemies":"Time Eater","floor":50,"turns":5}],"event_choices":[{"event_name":"The Woman in Blue","player_choice":"Bought 0 Potions","floor":2.0,"damage_taken":0.0},{"event_name":"Golden Wing","player_choice":"Card Removal","floor":3.0,"damage_taken":0.0},{"event_name":"The Cleric","player_choice":"Card Removal","floor":10.0,"damage_taken":0.0},{"event_name":"Shining Light","player_choice":"Entered Light","floor":14.0,"damage_taken":0.0},{"event_name":"Back to Basics","player_choice":"Elegance","floor":21.0,"damage_taken":0.0},{"event_name":"Beggar","player_choice":"Ignored","floor":24.0,"damage_taken":0.0},{"event_name":"The Library","player_choice":"Read","floor":28,"damage_taken":0},{"event_name":"Mysterious Sphere","player_choice":"Fight","floor":37,"damage_taken":0},{"event_name":"Match and Keep!","player_choice":"0 cards matched","floor":39,"damage_taken":0},{"event_name":"Tomb of Lord Red Mask","player_choice":"Paid","floor":47,"damage_taken":0}],"boss_relics":[{"not_picked":["Black Star","Runic Dome"],"picked":"Cursed Key"}],"potions_floor_spawned":[1,16,18,30,31,35,41,48],"seed_played":"5092548751446843102","is_trial":false}