{"gold_per_floor":[116,129,47,58,68,68,33,46,116,116,116,127,52,52],"floor_reached":14,"playtime":730,"items_purged":["Strike_B"],"score":156,"play_id":"d1e21167-9a50-4394-9a04-4111c0ded68b","local_time":"20180924215918","is_ascension_mode":true,"campfire_choices":[{"floor":6,"key":"REST"},{"floor":10,"key":"REST"}],"neow_cost":"NONE","seed_source_timestamp":810743588518393,"circlet_count":0,"master_deck":["Strike_B","Strike_B","Strike_B","Defend_B+1","Defend_B","Defend_B","Zap+1","Dualcast","AscendersBane","Defragment","Loop","Capacitor","Storm","Storm","Coolheaded"],"relics":["Cracked Core","Kunai"],"potions_floor_usage":[5,12,14],"damage_taken":[{"damage":12,"enemies":"Jaw Worm","floor":1,"turns":2},{"damage":9,"enemies":"2 Louse","floor":2,"turns":3},{"damage":7,"enemies":"Cultist","floor":4,"turns":4},{"damage":13,"enemies":"Blue Slaver","floor":5,"turns":2},{"damage":23,"enemies":"2 Fungi Beasts","floor":8,"turns":3},{"damage":28,"enemies":"Large Slime","floor":12,"turns":4},{"damage":13,"enemies":"Gremlin Gang","floor":14,"turns":2}],"seed_played":"181291548686759907","potions_obtained":[{"floor":1,"key":"Strength Potion"},{"floor":5,"key":"Swift Potion"},{"floor":12,"key":"SkillPotion"}],"is_trial":false,"path_per_floor":["M","M","$","M","M","R","?","M","T","R","?","M","$"],"character_chosen":"DEFECT","items_purchased":["Capacitor"],"campfire_rested":2,"item_purchase_floors":[3],"current_hp_per_floor":[52,43,43,36,23,44,61,38,38,59,38,10,10,0],"gold":52,"neow_bonus":"REMOVE_CARD","is_prod":false,"is_daily":false,"chose_seed":false,"campfire_upgraded":0,"win_rate":0,"timestamp":1537819158,"path_taken":["M","M","$","M","M","R","?","M","T","R","?","M","?","?"],"build_version":"2018-09-20","purchased_purges":1,"victory":false,"max_hp_per_floor":[71,71,71,71,71,71,71,71,71,71,71,71,71,71],"card_choices":[{"not_picked":["Rebound","Coolheaded"],"picked":"Defragment","floor":1},{"not_picked":["Tempest","Stack"],"picked":"Loop","floor":2},{"not_picked":["Beam Cell","Steam"],"picked":"Storm","floor":4},{"not_picked":["Loop","Coolheaded"],"picked":"Storm","floor":5},{"not_picked":["Redo","Gash"],"picked":"Coolheaded","floor":8},{"not_picked":["Rip and Tear","Hologram","Beam Cell"],"picked":"SKIP","floor":12}],"player_experience":644805,"relics_obtained":[{"floor":9,"key":"Kunai"}],"event_choices":[{"event_name":"The Cleric","player_choice":"Healed","floor":7,"damage_taken":0},{"event_name":"Shining Light","player_choice":"Entered Light","floor":11,"damage_taken":0}],"is_beta":false,"boss_relics":[],"items_purged_floors":[13],"is_endless":false,"potions_floor_spawned":[1,5,12],"killed_by":"Gremlin Gang","ascension_level":18}