{"gold_per_floor":[114,64,26,36,46,46,77,77,160,187,202,202,202,212,212,309,309,327,339,0,0,15,15,50,50,73,89,101,32,52,52],"floor_reached":31,"playtime":1918,"items_purged":[],"score":409,"play_id":"2c9705d0-3423-4d6b-95d9-13df6b44edcd","local_time":"20180916200501","is_ascension_mode":true,"campfire_choices":[{"data":"White Noise","floor":6,"key":"SMITH"},{"data":"Dualcast","floor":8,"key":"SMITH"},{"floor":13,"key":"REST"},{"floor":15,"key":"REST"},{"floor":23,"key":"REST"},{"floor":25,"key":"REST"}],"neow_cost":"TEN_PERCENT_HP_LOSS","seed_source_timestamp":111489114520365,"circlet_count":0,"master_deck":["Strike_B+1","Strike_B","Strike_B+1","Defend_B","Defend_B","Defend_B","Defend_B","Zap","Dualcast+1","FTL","White Noise+1","Streamline","Doom and Gloom","Reinforced Body","Electrodynamics","Buffer","Sweeping Beam+1","Auto Shields","Writhe","Glacier","Sweeping Beam+1","Echo Form","Storm","BootSequence"],"relics":["Cracked Core","Unceasing Top","Bag of Preparation","Tiny Chest","Potion Belt","Lizard Tail","Letter Opener","Bag of Marbles","Whetstone"],"potions_floor_usage":[10,11,14,19,22,27,30],"damage_taken":[{"damage":2,"enemies":"Jaw Worm","floor":1,"turns":3},{"damage":6,"enemies":"2 Louse","floor":4,"turns":3},{"damage":0,"enemies":"Cultist","floor":5,"turns":3},{"damage":0,"enemies":"3 Sentries","floor":7,"turns":3},{"damage":36,"enemies":"Gremlin Nob","floor":10,"turns":4},{"damage":18,"enemies":"Gremlin Gang","floor":11,"turns":4},{"damage":0,"enemies":"2 Fungi Beasts","floor":14,"turns":2},{"damage":26,"enemies":"Hexaghost","floor":16,"turns":9},{"damage":1,"enemies":"3 Byrds","floor":18,"turns":2},{"damage":38,"enemies":"Shell Parasite","floor":19,"turns":9},{"damage":26,"enemies":"Chosen and Byrds","floor":22,"turns":5},{"damage":42,"enemies":"Gremlin Leader","floor":24,"turns":8},{"damage":18,"enemies":"Snake Plant","floor":27,"turns":8},{"damage":7,"enemies":"Centurion and Healer","floor":28,"turns":12},{"damage":1,"enemies":"3 Cultists","floor":30,"turns":3},{"damage":6,"enemies":"Shelled Parasite and Fungi","floor":31,"turns":2}],"seed_played":"6913885205776318785","potions_obtained":[{"floor":7,"key":"SteroidPotion"},{"floor":10,"key":"SpeedPotion"},{"floor":11,"key":"Block Potion"},{"floor":18,"key":"Explosive Potion"},{"floor":19,"key":"AttackPotion"},{"floor":24,"key":"Block Potion"},{"floor":28,"key":"Swift Potion"}],"is_trial":false,"path_per_floor":["M","?","$","M","M","R","E","R","T","E","M","?","R","M","R","B",null,"M","M","?","?","M","R","E","R","T","M","M","$","M"],"character_chosen":"DEFECT","items_purchased":["FTL","Storm"],"campfire_rested":4,"item_purchase_floors":[3,29],"current_hp_per_floor":[66,66,66,60,60,60,60,60,60,24,6,6,26,26,46,20,56,55,17,17,17,32,52,10,30,30,12,5,5,4,0],"gold":52,"neow_bonus":"ONE_RARE_RELIC","is_prod":false,"is_daily":false,"chose_seed":false,"campfire_upgraded":2,"win_rate":0,"timestamp":1537121101,"path_taken":["M","?","$","M","M","R","E","R","T","E","?","?","R","?","R","BOSS","M","M","?","?","M","R","E","R","T","M","M","$","M","M"],"build_version":"2018-09-06","purchased_purges":0,"victory":false,"max_hp_per_floor":[68,68,68,68,68,68,68,68,68,68,68,68,68,68,68,68,68,68,68,68,68,68,68,68,68,68,68,68,68,68,68],"card_choices":[{"not_picked":["Go for the Eyes","Beam Cell","Reprogram"],"picked":"SKIP","floor":1},{"not_picked":["Self Repair","Stack"],"picked":"White Noise","floor":4},{"not_picked":["Sweeping Beam","Redo"],"picked":"Streamline","floor":5},{"not_picked":["Leap","Conserve Battery"],"picked":"Doom and Gloom","floor":7},{"not_picked":["Compile Driver","Hyperbeam"],"picked":"Reinforced Body","floor":10},{"not_picked":["Ball Lightning","Turbo","Cold Snap"],"picked":"SKIP","floor":11},{"not_picked":["Turbo","Doom and Gloom"],"picked":"Electrodynamics","floor":14},{"not_picked":["Seek","Biased Cognition"],"picked":"Buffer","floor":16},{"not_picked":["Chill","Rebound+1"],"picked":"Sweeping Beam+1","floor":18},{"not_picked":["Streamline","Barrage"],"picked":"Auto Shields","floor":19},{"not_picked":["Doom and Gloom","Compile Driver","Hologram"],"picked":"SKIP","floor":22},{"not_picked":["Barrage","Redo+1"],"picked":"Glacier","floor":24},{"not_picked":["Undo","Doom and Gloom"],"picked":"Sweeping Beam+1","floor":27},{"not_picked":["Force Field","Coolheaded"],"picked":"Echo Form","floor":28},{"not_picked":["Ball Lightning","Redo"],"picked":"BootSequence","floor":30}],"player_experience":245940,"relics_obtained":[{"floor":7,"key":"Bag of Preparation"},{"floor":9,"key":"Tiny Chest"},{"floor":10,"key":"Potion Belt"},{"floor":24,"key":"Bag of Marbles"},{"floor":26,"key":"Whetstone"}],"event_choices":[{"event_name":"The Cleric","player_choice":"Card Removal","floor":2,"damage_taken":0},{"event_name":"Dead Adventurer","player_choice":"Searched \u00270\u0027 times","floor":12,"damage_taken":0},{"event_name":"Masked Bandits","player_choice":"Paid Fearfully","floor":20,"damage_taken":0},{"event_name":"The Mausoleum","player_choice":"Yes","floor":21,"damage_taken":0}],"is_beta":false,"boss_relics":[{"not_picked":["Snecko Eye","Sozu"],"picked":"Lizard Tail"}],"items_purged_floors":[],"is_endless":false,"potions_floor_spawned":[7,10,11,18,19,24,28],"killed_by":"Shelled Parasite and Fungi","ascension_level":8}