{"gold_per_floor":[119,119,137,87,87,118,118,143,143,318,28,28,40,51,51,149,149,164,164,264,276,290,317,337,337,337,354,354,379,379,389,389,486,486,505,525,525,124,137,167,167,167,167,167,167,192,192,67,67,67],"floor_reached":51,"playtime":2510,"items_purged":["Doubt","Undo","Defend_B"],"score":811,"play_id":"afb59fc0-7a23-469a-8e59-e64e5c33bccc","local_time":"20181129222120","is_ascension_mode":true,"campfire_choices":[{"floor":7,"key":"REST"},{"floor":12,"key":"REST"},{"data":"Streamline","floor":15,"key":"SMITH"},{"data":"Coolheaded","floor":25,"key":"SMITH"},{"data":"Streamline","floor":28,"key":"SMITH"},{"data":"Beam Cell","floor":32,"key":"SMITH"},{"data":"Hologram","floor":42,"key":"SMITH"},{"data":"Seek","floor":47,"key":"SMITH"},{"data":"Go for the Eyes","floor":49,"key":"SMITH"}],"neow_cost":"NONE","seed_source_timestamp":182606507671968,"circlet_count":0,"master_deck":["Defend_B+1","Defend_B","Zap+1","Streamline+1","Beam Cell+1","Leap","Gash","Core Surge","Bite","Bite","Bite","Bite","Bite","Coolheaded+1","All For One","Gash","Streamline+1","Gash","Seek+1","Rebound+1","Hologram+1","Go for the Eyes+1","Hologram+1","Reinforced Body"],"relics":["Philosopher\u0027s Stone","Mummified Hand","Ice Cream","Ornamental Fan","Pen Nib","Eternal Feather","Du-Vu Doll","Dodecahedron","Juzu Bracelet","Shuriken","PreservedInsect","Lizard Tail","Gremlin Horn","Omamori","Cables","Gambling Chip"],"potions_floor_usage":[8,20,20,21,33,33,50,50],"damage_taken":[{"damage":1,"enemies":"Jaw Worm","floor":1,"turns":3},{"damage":2,"enemies":"Cultist","floor":3,"turns":4},{"damage":26,"enemies":"3 Sentries","floor":6,"turns":7},{"damage":29,"enemies":"Gremlin Nob","floor":8,"turns":4},{"damage":0,"enemies":"2 Louse","floor":13,"turns":2},{"damage":0,"enemies":"Large Slime","floor":14,"turns":3},{"damage":17,"enemies":"Slime Boss","floor":16,"turns":9},{"damage":1,"enemies":"Shell Parasite","floor":18,"turns":4},{"damage":23,"enemies":"Colosseum Slavers","floor":20,"turns":4},{"damage":15,"enemies":"Colosseum Nobs","floor":20,"turns":5},{"damage":14,"enemies":"3 Byrds","floor":21,"turns":4},{"damage":0,"enemies":"Snecko","floor":22,"turns":4},{"damage":35,"enemies":"Gremlin Leader","floor":23,"turns":6},{"damage":21,"enemies":"Snake Plant","floor":24,"turns":5},{"damage":2,"enemies":"Centurion and Healer","floor":27,"turns":4},{"damage":28,"enemies":"Book of Stabbing","floor":29,"turns":5},{"damage":9,"enemies":"Sentry and Sphere","floor":31,"turns":4},{"damage":31,"enemies":"Collector","floor":33,"turns":6},{"damage":7,"enemies":"Orb Walker","floor":35,"turns":2},{"damage":44,"enemies":"3 Darklings","floor":36,"turns":5},{"damage":0,"enemies":"Transient","floor":39,"turns":5},{"damage":1,"enemies":"Reptomancer","floor":40,"turns":3},{"damage":4,"enemies":"Nemesis","floor":46,"turns":3},{"damage":59,"enemies":"Donu and Deca","floor":50,"turns":7}],"seed_played":"-4476745913516981975","potions_obtained":[{"floor":6,"key":"Regen Potion"},{"floor":13,"key":"Poison Potion"},{"floor":14,"key":"FearPotion"},{"floor":20,"key":"Strength Potion"},{"floor":21,"key":"Dexterity Potion"},{"floor":22,"key":"SteroidPotion"},{"floor":23,"key":"Dexterity Potion"},{"floor":24,"key":"PowerPotion"},{"floor":40,"key":"Poison Potion"}],"is_trial":false,"path_per_floor":["M","?","M","?","?","E","R","E","T","?","$","R","M","M","R","B",null,"M","?","?","M","M","E","M","R","T","M","R","E","?","M","R","B",null,"M","M","?","$","M","E","?","R","T","?","?","E","R","$","R","B",null],"character_chosen":"DEFECT","items_purchased":["Pen Nib","Beam Cell","Leap","Go for the Eyes","Gremlin Horn"],"campfire_rested":2,"item_purchase_floors":[11,11,11,38,38],"current_hp_per_floor":[74,74,72,72,57,31,53,36,36,36,36,58,58,58,58,41,75,74,52,40,40,52,31,24,33,33,43,52,28,28,29,41,22,52,47,15,15,15,25,30,30,42,42,52,52,52,52,52,52,1],"gold":67,"neow_bonus":"BOSS_RELIC","is_prod":false,"is_daily":false,"chose_seed":false,"campfire_upgraded":7,"win_rate":0,"timestamp":1543558880,"path_taken":["M","?","?","?","?","E","R","E","T","?","$","R","M","M","R","BOSS","M","?","?","?","M","E","M","R","T","M","R","E","?","M","R","BOSS","M","M","?","$","M","E","?","R","T","?","?","E","R","$","R","BOSS"],"build_version":"2018-11-15","purchased_purges":3,"victory":true,"max_hp_per_floor":[75,75,75,75,75,75,75,75,75,75,75,75,75,75,75,75,75,75,52,52,52,52,52,52,52,52,52,52,52,52,52,52,52,52,52,52,52,52,52,52,52,52,52,52,52,52,52,52,52,52],"card_choices":[{"not_picked":["Turbo","Cold Snap","Barrage"],"picked":"SKIP","floor":1},{"not_picked":["Turbo","Cold Snap","Barrage"],"picked":"SKIP","floor":1},{"not_picked":["Heatsinks","Fusion","Melter"],"picked":"SKIP","floor":3},{"not_picked":["Sweeping Beam","Compile Driver"],"picked":"Streamline","floor":6},{"not_picked":["Sweeping Beam","Fission"],"picked":"Undo","floor":8},{"not_picked":["Genetic Algorithm","White Noise"],"picked":"Gash","floor":13},{"not_picked":["Chaos","Steam Power","Recycle"],"picked":"SKIP","floor":14},{"not_picked":["Fission","Rainbow"],"picked":"Core Surge","floor":16},{"not_picked":["Conserve Battery","Compile Driver","Barrage+1"],"picked":"SKIP","floor":18},{"not_picked":["Go for the Eyes","Conserve Battery+1"],"picked":"Coolheaded","floor":20},{"not_picked":["Ball Lightning+1","Beam Cell","Conserve Battery"],"picked":"SKIP","floor":21},{"not_picked":["Melter","Cold Snap+1"],"picked":"All For One","floor":22},{"not_picked":["Hello World","Force Field","Ball Lightning"],"picked":"SKIP","floor":23},{"not_picked":["Chill","Conserve Battery"],"picked":"Gash","floor":24},{"not_picked":["Blizzard","Coolheaded"],"picked":"Streamline","floor":27},{"not_picked":["Stack","Rainbow","Recycle"],"picked":"SKIP","floor":29},{"not_picked":["Cold Snap+1","Fusion","Reprogram+1"],"picked":"SKIP","floor":31},{"not_picked":["Thunder Strike","Multi-Cast"],"picked":"Seek","floor":33},{"not_picked":["Beam Cell","Leap+1"],"picked":"Rebound+1","floor":35},{"not_picked":["Streamline","Barrage+1"],"picked":"Hologram+1","floor":36},{"not_picked":["Self Repair","Redo"],"picked":"Hologram","floor":39},{"not_picked":["Echo Form","Auto Shields","Conserve Battery"],"picked":"SKIP","floor":40},{"not_picked":["Double Energy","Loop+1"],"picked":"Reinforced Body","floor":46}],"player_experience":551858,"relics_obtained":[{"floor":6,"key":"Mummified Hand"},{"floor":8,"key":"Ice Cream"},{"floor":9,"key":"Ornamental Fan"},{"floor":20,"key":"Du-Vu Doll"},{"floor":20,"key":"Dodecahedron"},{"floor":23,"key":"Juzu Bracelet"},{"floor":26,"key":"Shuriken"},{"floor":29,"key":"PreservedInsect"},{"floor":40,"key":"Omamori"},{"floor":43,"key":"Cables"},{"floor":46,"key":"Gambling Chip"}],"event_choices":[{"cards_removed":["Dualcast"],"damage_healed":0,"gold_gain":0,"player_choice":"Purged","damage_taken":0,"max_hp_gain":0,"max_hp_loss":0,"event_name":"Purifier","floor":2,"gold_loss":0},{"cards_removed":["Defend_B"],"damage_healed":0,"gold_gain":0,"player_choice":"Card Removal","damage_taken":0,"max_hp_gain":0,"max_hp_loss":0,"event_name":"The Cleric","floor":4,"gold_loss":50},{"damage_healed":0,"gold_gain":0,"player_choice":"Entered Light","damage_taken":15,"max_hp_gain":0,"max_hp_loss":0,"event_name":"Shining Light","floor":5,"gold_loss":0,"cards_upgraded":["Zap","Defend_B"]},{"damage_healed":0,"gold_gain":175,"player_choice":"AGREE","damage_taken":0,"max_hp_gain":0,"max_hp_loss":0,"event_name":"Liars Game","floor":10,"gold_loss":0,"cards_obtained":["Doubt"]},{"damage_healed":0,"gold_gain":0,"player_choice":"Became a vampire","damage_taken":0,"max_hp_gain":0,"max_hp_loss":23,"event_name":"Vampires","floor":19,"gold_loss":0,"cards_obtained":["Bite","Bite","Bite","Bite","Bite"]},{"damage_healed":0,"gold_gain":0,"player_choice":"Fight","damage_taken":0,"max_hp_gain":0,"max_hp_loss":0,"event_name":"Colosseum","floor":20,"gold_loss":0},{"damage_healed":0,"gold_gain":0,"player_choice":"Fought Nobs","damage_taken":0,"max_hp_gain":0,"max_hp_loss":0,"event_name":"Colosseum","floor":20,"gold_loss":0},{"damage_healed":0,"gold_gain":0,"player_choice":"Copied","damage_taken":0,"max_hp_gain":0,"max_hp_loss":0,"event_name":"Duplicator","floor":30,"gold_loss":0,"cards_obtained":["Gash"]},{"damage_healed":0,"gold_gain":0,"player_choice":"Ignored","damage_taken":0,"max_hp_gain":0,"max_hp_loss":0,"event_name":"Mysterious Sphere","floor":37,"gold_loss":0},{"damage_healed":0,"gold_gain":0,"player_choice":"Ignored","damage_taken":0,"max_hp_gain":0,"max_hp_loss":0,"event_name":"SecretPortal","floor":41,"gold_loss":0},{"damage_healed":13,"gold_gain":0,"player_choice":"Writhe","damage_taken":0,"max_hp_gain":0,"max_hp_loss":0,"event_name":"Winding Halls","floor":44,"gold_loss":0,"cards_obtained":["Writhe"]},{"damage_healed":0,"gold_gain":0,"player_choice":"Ignored","damage_taken":0,"max_hp_gain":0,"max_hp_loss":0,"event_name":"Tomb of Lord Red Mask","floor":45,"gold_loss":0}],"is_beta":false,"boss_relics":[{"not_picked":["Pandora\u0027s Box","Coffee Dripper"],"picked":"Eternal Feather"},{"not_picked":["Runic Pyramid","Runic Dome"],"picked":"Lizard Tail"}],"items_purged_floors":[11,38,48],"is_endless":false,"potions_floor_spawned":[6,13,14,20,21,22,23,24,40],"ascension_level":1}