{"gold_per_floor":[114,114,114,129,144,174,174,204,229,244,274,289,289,304,304,404,404,419,344,359,59,74,74,89,119,169,199,199,229,244,274,274,374,374,389,389,689,118,133,163,163,193,218,218,248,248,263,278,278,278],"floor_reached":51,"playtime":4393,"items_purged":[],"score":885,"play_id":"d9c5a9a5-6d7c-44fc-9968-5b62bd76ccbd","local_time":"20180830183033","daily_mods":["Specialized","Elite Swarm","Night Terrors"],"is_ascension_mode":false,"campfire_choices":[{"data":"A Thousand Cuts","floor":7,"key":"SMITH"},{"floor":13,"key":"REST"},{"data":"A Thousand Cuts","floor":15,"key":"SMITH"},{"floor":23,"key":"REST"},{"floor":28,"key":"REST"},{"floor":32,"key":"REST"},{"data":"Envenom","floor":41,"key":"SMITH"},{"floor":44,"key":"REST"},{"data":"Burst","floor":49,"key":"SMITH"}],"neow_cost":"","seed_source_timestamp":0,"circlet_count":0,"master_deck":["Defend_G","Defend_G","Defend_G","Defend_G","Defend_G","Strike_G","Strike_G","Survivor","Neutralize","Venomology","Venomology","Venomology","Venomology","Venomology","Blade Dance","Flying Knee","Infinite Blades","A Thousand Cuts+1","Burst+1","Backflip","A Thousand Cuts+1","Cloak And Dagger","Sucker Punch","Envenom+1","Prepared+1","Tools of the Trade+1","Infinite Blades","Accuracy+1","Escape Plan","Malaise","Die Die Die","Tools of the Trade+1","After Image+1","Bullet Time+1","Tactician+1","After Image+1","Bullet Time+1","Blade Dance+1","Envenom+1","Secret Technique+1","Blade Dance+1"],"special_seed":17774,"relics":["Ring of the Snake","Question Card","Pear","The Specimen","Vajra","Blood Vial","Astrolabe","Strawberry","Bag of Preparation","Art of War","Oddly Smooth Stone","Frozen Egg 2","Toxic Egg 2","Snake Skull","Philosopher\u0027s Stone","Orichalcum","Old Coin","OrangePellets","Tingsha","Dream Catcher","Omamori","Centennial Puzzle","Lantern"],"potions_floor_usage":[4,4,4,5,5,6,6,6,6,6,8,8,8,10,11,11,11,11,12,12,14,16,16,16,16,16,16,18,18,18,20,20,22,24,25,25,25,27,27,29,29,29,31,31,31,33,33,35,40,40,45,45,47,47,48,50,50,50,50,50],"damage_taken":[{"damage":6,"enemies":"2 Louse","floor":1,"turns":4},{"damage":0,"enemies":"Small Slimes","floor":4,"turns":4},{"damage":0,"enemies":"Cultist","floor":5,"turns":3},{"damage":9,"enemies":"Lagavulin","floor":6,"turns":5},{"damage":14,"enemies":"3 Sentries","floor":8,"turns":5},{"damage":11,"enemies":"2 Fungi Beasts","floor":10,"turns":3},{"damage":6,"enemies":"Lagavulin","floor":11,"turns":7},{"damage":8,"enemies":"Gremlin Gang","floor":12,"turns":5},{"damage":2,"enemies":"Exordium Thugs","floor":14,"turns":4},{"damage":24,"enemies":"The Guardian","floor":16,"turns":9},{"damage":15,"enemies":"2 Thieves","floor":18,"turns":4},{"damage":0,"enemies":"3 Byrds","floor":20,"turns":4},{"damage":13,"enemies":"Cultist and Chosen","floor":22,"turns":5},{"damage":17,"enemies":"Snake Plant","floor":24,"turns":5},{"damage":13,"enemies":"Gremlin Leader","floor":25,"turns":5},{"damage":8,"enemies":"Slavers","floor":27,"turns":6},{"damage":20,"enemies":"Book of Stabbing","floor":29,"turns":6},{"damage":4,"enemies":"Chosen and Byrds","floor":30,"turns":5},{"damage":13,"enemies":"Gremlin Leader","floor":31,"turns":6},{"damage":46,"enemies":"Automaton","floor":33,"turns":9},{"damage":0,"enemies":"3 Darklings","floor":35,"turns":3},{"damage":7,"enemies":"Orb Walker","floor":39,"turns":4},{"damage":27,"enemies":"Nemesis","floor":40,"turns":5},{"damage":1,"enemies":"Giant Head","floor":42,"turns":7},{"damage":0,"enemies":"Nemesis","floor":45,"turns":7},{"damage":0,"enemies":"3 Darklings","floor":47,"turns":4},{"damage":0,"enemies":"Maw","floor":48,"turns":5},{"damage":35,"enemies":"Donu and Deca","floor":50,"turns":7}],"seed_played":"-8244340238949798716","potions_obtained":[{"floor":10,"key":"Fire Potion"},{"floor":18,"key":"LiquidBronze"},{"floor":25,"key":"GhostInAJar"},{"floor":45,"key":"Energy Potion"}],"is_trial":false,"path_per_floor":["M","?","?","M","M","E","R","E","T","M","E","M","R","M","R","B",null,"M","?","M","$","M","R","M","E","T","E","R","E","M","E","R","B",null,"M","T","T","$","M","E","R","E","T","R","E","?","M","M","R","B"],"character_chosen":"THE_SILENT","items_purchased":["Strawberry","Bag of Preparation","OrangePellets","Tactician+1","Tingsha"],"campfire_rested":5,"item_purchase_floors":[21,21,38,38,38],"current_hp_per_floor":[64,61,70,70,70,71,71,57,57,51,45,39,75,73,73,51,75,60,60,62,69,58,77,60,49,49,43,72,52,50,39,67,21,67,67,67,67,67,60,35,35,36,36,62,62,62,62,62,62,27],"gold":278,"neow_bonus":"","is_prod":false,"is_daily":true,"chose_seed":false,"campfire_upgraded":4,"win_rate":0,"timestamp":1535679033,"path_taken":["M","?","?","M","?","E","R","E","T","M","E","M","R","M","R","BOSS","M","?","M","$","M","R","M","E","T","E","R","E","?","E","R","BOSS","M","?","?","$","?","E","R","E","T","R","E","?","M","M","R","BOSS"],"build_version":"2018-08-23v2","purchased_purges":0,"victory":true,"max_hp_per_floor":[70,70,70,70,70,80,80,80,80,80,80,80,75,75,75,75,75,75,75,75,82,82,77,77,77,77,77,72,72,72,72,67,67,67,67,67,67,67,67,67,67,67,67,62,62,62,62,62,62,62],"card_choices":[{"not_picked":["Dash","Flechettes"],"picked":"Blade Dance","floor":1},{"not_picked":["Deflect","Finisher","Crippling Poison"],"picked":"Flying Knee","floor":4},{"not_picked":["Quick Slash","Underhanded Strike","Flechettes"],"picked":"Infinite Blades","floor":5},{"not_picked":["Envenom","Corpse Explosion","Venomology"],"picked":"A Thousand Cuts","floor":6},{"not_picked":["Night Terror","Unload","Adrenaline"],"picked":"Burst","floor":8},{"not_picked":["Acrobatics","Concentrate","Sucker Punch"],"picked":"Backflip","floor":10},{"not_picked":["Tools of the Trade","Die Die Die","Adrenaline"],"picked":"A Thousand Cuts","floor":11},{"not_picked":["Sucker Punch","Prepared","Underhanded Strike"],"picked":"Cloak And Dagger","floor":12},{"not_picked":["Catalyst","Flying Knee","Setup"],"picked":"Sucker Punch","floor":14},{"not_picked":["Wraith Form v2","Bullet Time","Burst"],"picked":"Envenom","floor":16},{"not_picked":["Blade Dance","Acrobatics+1","Well Laid Plans"],"picked":"Infinite Blades","floor":18},{"not_picked":["Skewer+1","Distraction","Dagger Throw"],"picked":"Accuracy+1","floor":20},{"not_picked":["Predator","Bane","Setup","Flying Knee"],"picked":"SKIP","floor":22},{"not_picked":["Outmaneuver","Dodge and Roll+1","Reflex"],"picked":"Escape Plan","floor":24},{"not_picked":["Glass Knife","Unload","Storm of Steel"],"picked":"Malaise","floor":25},{"not_picked":["Corpse Explosion","Venomology","Doppelganger"],"picked":"Die Die Die","floor":27},{"not_picked":["Phantasmal Killer","Corpse Explosion","Doppelganger"],"picked":"Tools of the Trade+1","floor":29},{"not_picked":["Reflex+1","Dodge and Roll+1","Deadly Poison+1","Dagger Throw+1"],"picked":"SKIP","floor":30},{"not_picked":["Bullet Time+1","Glass Knife","Phantasmal Killer+1"],"picked":"After Image+1","floor":31},{"not_picked":["Night Terror+1","Venomology+1","Die Die Die"],"picked":"Bullet Time+1","floor":33},{"not_picked":["Endless Agony","Backflip+1","PiercingWail+1","Dagger Spray"],"picked":"SKIP","floor":35},{"not_picked":["Poisoned Stab","Distraction+1","Masterful Stab","Dagger Throw+1"],"picked":"SKIP","floor":39},{"not_picked":["Venomology+1","Malaise+1","Phantasmal Killer+1"],"picked":"After Image+1","floor":40},{"not_picked":["Die Die Die","Envenom+1","Adrenaline+1"],"picked":"Bullet Time+1","floor":42},{"not_picked":["Choke","Catalyst+1","Infinite Blades+1"],"picked":"Blade Dance+1","floor":44},{"not_picked":["Glass Knife","Bullet Time+1","Phantasmal Killer+1"],"picked":"Envenom+1","floor":45},{"not_picked":["The Bomb+1","Deep Breath+1","Good Instincts+1"],"picked":"Secret Technique+1","floor":46},{"not_picked":["Acrobatics+1","Prepared+1","Underhanded Strike+1"],"picked":"Blade Dance+1","floor":47},{"not_picked":["Endless Agony","Bouncing Flask+1","Crippling Poison+1","PiercingWail+1"],"picked":"SKIP","floor":48}],"player_experience":453066,"relics_obtained":[{"floor":6,"key":"Pear"},{"floor":8,"key":"The Specimen"},{"floor":9,"key":"Vajra"},{"floor":11,"key":"Blood Vial"},{"floor":25,"key":"Art of War"},{"floor":26,"key":"Oddly Smooth Stone"},{"floor":27,"key":"Frozen Egg 2"},{"floor":29,"key":"Toxic Egg 2"},{"floor":31,"key":"Snake Skull"},{"floor":36,"key":"Orichalcum"},{"floor":37,"key":"Old Coin"},{"floor":40,"key":"Dream Catcher"},{"floor":42,"key":"Omamori"},{"floor":43,"key":"Centennial Puzzle"},{"floor":45,"key":"Lantern"}],"event_choices":[{"event_name":"Scrap Ooze","player_choice":"success","floor":2,"damage_taken":3},{"event_name":"Wheel of Change","player_choice":"Full Heal","floor":3,"damage_taken":0},{"event_name":"Beggar","player_choice":"Gave Gold","floor":19,"damage_taken":0},{"event_name":"SensoryStone","player_choice":"Memory 1","floor":46,"damage_taken":0}],"is_beta":false,"boss_relics":[{"not_picked":["Pandora\u0027s Box","Velvet Choker"],"picked":"Astrolabe"},{"not_picked":["HoveringKite","Snecko Eye"],"picked":"Philosopher\u0027s Stone"}],"items_purged_floors":[],"is_endless":false,"potions_floor_spawned":[4,10,11,12,18,25,29,30,45,47,48],"ascension_level":0}