{"gold_per_floor":[113,40,59,73,23,23,55,55,55,68,68,87,12,12,12,115,115,134,134,121,121],"floor_reached":21,"playtime":1713,"items_purged":["Strike_B"],"score":233,"play_id":"b323e4fb-e731-4e46-b148-c0c2315dce01","local_time":"20180916005843","is_ascension_mode":true,"campfire_choices":[{"data":"Echo Form","floor":6,"key":"SMITH"},{"floor":8,"key":"REST"},{"floor":11,"key":"REST"},{"floor":15,"key":"REST"}],"neow_cost":"NONE","seed_source_timestamp":42915691697521,"circlet_count":0,"master_deck":["Zap","Dualcast","Echo Form+1","Storm","Rebound","Steam","Hologram","Gash","All For One","Barrage","Cold Snap","Stack","BootSequence","Cold Snap"],"relics":["Cracked Core","Letter Opener","Kunai","Pandora\u0027s Box"],"potions_floor_usage":[7,18,18],"damage_taken":[{"damage":0,"enemies":"Cultist","floor":1,"turns":4},{"damage":2,"enemies":"2 Louse","floor":3,"turns":3},{"damage":7,"enemies":"Jaw Worm","floor":4,"turns":2},{"damage":36,"enemies":"Gremlin Nob","floor":7,"turns":4},{"damage":30,"enemies":"Lots of Slimes","floor":10,"turns":5},{"damage":2,"enemies":"Blue Slaver","floor":12,"turns":4},{"damage":41,"enemies":"Hexaghost","floor":16,"turns":12},{"damage":1,"enemies":"Spheric Guardian","floor":18,"turns":4},{"damage":12,"enemies":"2 Thieves","floor":20,"turns":4},{"damage":37,"enemies":"Snake Plant","floor":21,"turns":4}],"seed_played":"-290721391094136066","potions_obtained":[{"floor":3,"key":"FearPotion"},{"floor":7,"key":"SteroidPotion"},{"floor":16,"key":"FocusPotion"}],"is_trial":false,"path_per_floor":["M","$","M","M","?","R","E","R","T","M","R","M","$","?","R","B",null,"M","?","M"],"character_chosen":"DEFECT","items_purchased":["Storm"],"campfire_rested":3,"item_purchase_floors":[2],"current_hp_per_floor":[68,68,66,59,59,59,23,45,45,15,37,35,35,35,57,16,60,59,45,33,0],"gold":121,"neow_bonus":"ONE_RANDOM_RARE_CARD","is_prod":false,"is_daily":false,"chose_seed":false,"campfire_upgraded":1,"win_rate":0,"timestamp":1537052323,"path_taken":["M","$","M","?","?","R","E","R","T","M","R","M","$","?","R","BOSS","M","?","M","M"],"build_version":"2018-09-06","purchased_purges":1,"victory":false,"max_hp_per_floor":[75,75,75,75,75,75,75,75,75,75,75,75,75,75,75,75,75,75,80,80,80],"card_choices":[{"not_picked":["Redo","Ball Lightning","Stack"],"picked":"SKIP","floor":1},{"not_picked":["Compile Driver","Doom and Gloom"],"picked":"Rebound","floor":3},{"not_picked":["Coolheaded","Ball Lightning"],"picked":"Steam","floor":4},{"not_picked":["Tempest","Fusion"],"picked":"Hologram","floor":7},{"not_picked":["Conserve Battery","Fusion","Steam"],"picked":"SKIP","floor":10},{"not_picked":["Beam Cell","Conserve Battery"],"picked":"Gash","floor":12},{"not_picked":["Amplify","Reboot"],"picked":"All For One","floor":16},{"not_picked":["Lockon","Stack","Ball Lightning"],"picked":"SKIP","floor":18},{"not_picked":["Coolheaded","Ball Lightning","Darkness"],"picked":"SKIP","floor":20}],"player_experience":208120,"relics_obtained":[{"floor":7,"key":"Letter Opener"},{"floor":9,"key":"Kunai"}],"event_choices":[{"event_name":"The Cleric","player_choice":"Card Removal","floor":5,"damage_taken":0},{"event_name":"Purifier","player_choice":"One Purge","floor":14,"damage_taken":0},{"event_name":"Forgotten Altar","player_choice":"Shed Blood","floor":19,"damage_taken":0}],"is_beta":false,"boss_relics":[{"not_picked":["Philosopher\u0027s Stone","Runic Pyramid"],"picked":"Pandora\u0027s Box"}],"items_purged_floors":[13],"is_endless":false,"potions_floor_spawned":[3,7,16],"killed_by":"Snake Plant","ascension_level":6}