{"gold_per_floor":[115,131,151,167,48,48,77,77,77,77,91,106,131,146,146,223,223,242,292,207,223,238,238,257,288,369,369,369,369,389,409,409,409],"floor_reached":33,"playtime":1297,"items_purged":["Strike_B"],"score":598,"play_id":"ecf5b92f-823f-4090-8a54-0bd17e1af94b","local_time":"20181030110453","is_ascension_mode":true,"campfire_choices":[{"data":"Beam Cell","floor":6,"key":"SMITH"},{"data":"Zap","floor":10,"key":"SMITH"},{"data":"Defragment","floor":15,"key":"SMITH"},{"data":"Chill","floor":23,"key":"SMITH"},{"data":"Hologram","floor":27,"key":"SMITH"},{"floor":29,"key":"REST"},{"data":"Scrape","floor":32,"key":"SMITH"}],"neow_cost":"NONE","seed_source_timestamp":320882197700327,"circlet_count":0,"master_deck":["Strike_B","Strike_B","Defend_B","Defend_B","Defend_B","Defend_B","Zap+1","Dualcast","AscendersBane","Beam Cell+1","Ball Lightning","Hologram+1","Genetic Algorithm","Self Repair","Scrape+1","Defragment+1","Melter+1","Conserve Battery","Go for the Eyes+1","Gash+1","Streamline+1","Self Repair","Electrodynamics","Gash+1","Conserve Battery","Gash+1","Scrape+1","Beam Cell+1","Rebound+1","Chill+1","Coolheaded+1","Gash+1","Go for the Eyes+1","BootSequence","Undo+1","Gash+1","Stack+1"],"relics":["Prayer Wheel","Molten Egg 2","Shuriken","Orrery","Pen Nib","Sundial","Symbiotic Virus","Nloth\u0027s Gift"],"potions_floor_usage":[4,13,16,30,31],"damage_taken":[{"damage":7,"enemies":"Small Slimes","floor":1,"turns":3},{"damage":2,"enemies":"Jaw Worm","floor":2,"turns":4},{"damage":0,"enemies":"Cultist","floor":3,"turns":2},{"damage":0,"enemies":"3 Louse","floor":4,"turns":1},{"damage":37,"enemies":"Gremlin Nob","floor":7,"turns":4},{"damage":0,"enemies":"Large Slime","floor":11,"turns":5},{"damage":11,"enemies":"Blue Slaver","floor":12,"turns":3},{"damage":3,"enemies":"Lagavulin","floor":13,"turns":6},{"damage":11,"enemies":"Lots of Slimes","floor":14,"turns":3},{"damage":10,"enemies":"Hexaghost","floor":16,"turns":8},{"damage":0,"enemies":"Spheric Guardian","floor":18,"turns":3},{"damage":18,"enemies":"3 Byrds","floor":21,"turns":3},{"damage":14,"enemies":"Snake Plant","floor":22,"turns":5},{"damage":5,"enemies":"Centurion and Healer","floor":24,"turns":4},{"damage":47,"enemies":"Book of Stabbing","floor":25,"turns":4},{"damage":11,"enemies":"Snecko","floor":30,"turns":5},{"damage":2,"enemies":"3 Cultists","floor":31,"turns":6},{"damage":56,"enemies":"Automaton","floor":33,"turns":6}],"seed_played":"2903193092763811370","potions_obtained":[{"floor":1,"key":"Explosive Potion"},{"floor":11,"key":"GamblersBrew"},{"floor":12,"key":"Block Potion"},{"floor":16,"key":"Ancient Potion"},{"floor":21,"key":"GamblersBrew"},{"floor":24,"key":"Explosive Potion"}],"is_trial":false,"path_per_floor":["M","M","M","M","$","R","E","?","T","R","M","M","E","M","R","B",null,"M","?","?","M","M","R","M","E","T","R","?","R","M","M","R"],"character_chosen":"DEFECT","items_purchased":["Self Repair"],"campfire_rested":1,"item_purchase_floors":[5],"current_hp_per_floor":[57,55,55,55,55,55,25,25,25,25,32,28,32,21,21,18,58,65,65,65,54,47,47,56,9,9,9,9,30,33,45,45,0],"gold":409,"neow_bonus":"REMOVE_CARD","is_prod":false,"is_daily":false,"chose_seed":false,"campfire_upgraded":6,"win_rate":0,"timestamp":1540893893,"path_taken":["M","M","M","M","$","R","E","?","T","R","M","M","E","M","R","BOSS","M","?","?","M","M","R","M","E","T","R","?","R","M","M","R","BOSS"],"build_version":"2018-10-29v2","purchased_purges":1,"victory":false,"max_hp_per_floor":[71,71,71,71,71,71,71,71,71,71,71,71,71,71,71,71,71,71,71,71,71,71,71,71,71,71,71,71,71,71,71,71,71],"card_choices":[{"not_picked":["Capacitor","Turbo"],"picked":"Beam Cell","floor":1},{"not_picked":["Storm","Coolheaded"],"picked":"Ball Lightning","floor":2},{"not_picked":["Lockon","Hello World"],"picked":"Hologram","floor":3},{"not_picked":["Steam","Turbo"],"picked":"Genetic Algorithm","floor":4},{"not_picked":["Thunder Strike","Conserve Battery"],"picked":"Scrape","floor":7},{"not_picked":["Doom and Gloom+1","Stack"],"picked":"Defragment","floor":11},{"not_picked":["Leap","Compile Driver+1"],"picked":"Melter+1","floor":11},{"not_picked":["Barrage+1","Leap"],"picked":"Conserve Battery","floor":12},{"not_picked":["Streamline+1","Sweeping Beam+1"],"picked":"Go for the Eyes+1","floor":12},{"not_picked":["Fission","Cold Snap+1"],"picked":"Gash+1","floor":13},{"not_picked":["Turbo","Redo"],"picked":"Streamline+1","floor":14},{"not_picked":["Stack","Coolheaded"],"picked":"Self Repair","floor":14},{"not_picked":["Thunder Strike+1","Multi-Cast"],"picked":"Electrodynamics","floor":16},{"not_picked":["Compile Driver+1","Coolheaded"],"picked":"Gash+1","floor":17},{"not_picked":["Storm","Genetic Algorithm"],"picked":"Conserve Battery","floor":17},{"not_picked":["Static Discharge","Coolheaded"],"picked":"Gash+1","floor":17},{"not_picked":["Reprogram","Redo"],"picked":"Scrape+1","floor":17},{"not_picked":["Self Repair","Force Field"],"picked":"Beam Cell+1","floor":17},{"not_picked":["Hello World","Sweeping Beam+1"],"picked":"Rebound+1","floor":18},{"not_picked":["Blizzard+1","Creative AI","Turbo"],"picked":"SKIP","floor":18},{"not_picked":["Loop","Fusion"],"picked":"Chill","floor":21},{"not_picked":["White Noise","Conserve Battery"],"picked":"Coolheaded+1","floor":21},{"not_picked":["Steam","Tempest"],"picked":"Gash+1","floor":22},{"not_picked":["Cold Snap+1","Force Field","Coolheaded"],"picked":"SKIP","floor":22},{"not_picked":["Creative AI","Storm"],"picked":"Go for the Eyes+1","floor":24},{"not_picked":["Redo","Beam Cell+1","Coolheaded"],"picked":"SKIP","floor":24},{"not_picked":["Sunder+1","Force Field"],"picked":"BootSequence","floor":25},{"not_picked":["Hologram","Turbo"],"picked":"Undo+1","floor":30},{"not_picked":["Reprogram","Rebound+1"],"picked":"Gash+1","floor":30},{"not_picked":["Hyperbeam+1","Streamline+1"],"picked":"Stack+1","floor":31},{"not_picked":["Turbo","Redo","Aggregate"],"picked":"SKIP","floor":31}],"player_experience":286159,"relics_obtained":[{"floor":7,"key":"Prayer Wheel"},{"floor":9,"key":"Molten Egg 2"},{"floor":13,"key":"Shuriken"},{"floor":25,"key":"Sundial"},{"floor":26,"key":"Symbiotic Virus"}],"event_choices":[{"damage_healed":0,"gold_gain":0,"player_choice":"Ignored","damage_taken":0,"max_hp_gain":0,"max_hp_loss":0,"event_name":"Shining Light","floor":8,"gold_loss":0},{"damage_healed":0,"gold_gain":50,"player_choice":"Stole From Cult","damage_taken":0,"max_hp_gain":0,"max_hp_loss":0,"event_name":"Nest","floor":19,"gold_loss":0},{"damage_healed":0,"gold_gain":0,"player_choice":"Obtained Relic","damage_taken":0,"relics_obtained":["Pen Nib"],"max_hp_gain":0,"max_hp_loss":0,"event_name":"Addict","floor":20,"gold_loss":85},{"damage_healed":0,"gold_gain":0,"player_choice":"Traded Relic","damage_taken":0,"relics_obtained":["Nloth\u0027s Gift"],"max_hp_gain":0,"max_hp_loss":0,"event_name":"N\u0027loth","floor":28,"relics_lost":["Cracked Core"],"gold_loss":0}],"is_beta":true,"boss_relics":[{"not_picked":["Ectoplasm","Lizard Tail"],"picked":"Orrery"}],"items_purged_floors":[5],"is_endless":false,"potions_floor_spawned":[1,11,12,16,21,24,25],"killed_by":"Automaton","ascension_level":19}