{"path_per_floor":["M","M","?","?","?","E","R","M","T","R","M","M","R","E","R","B",null,"M","$","M","?","?","R","M","$","T","R","M","E","R","M","R","B",null,"M","$","M","M","M","R","$","?","T","E","$","M","M","M","R","B"],"character_chosen":"DEFECT","items_purchased":["Apotheosis","Gremlin Horn","Happy Flower"],"gold_per_floor":[112,124,299,299,299,324,324,334,387,387,407,424,424,456,456,560,560,580,59,74,74,74,74,90,90,90,90,101,128,128,138,138,242,242,252,106,116,132,150,150,50,10,10,35,35,47,57,72,72,72],"floor_reached":51,"campfire_rested":6,"playtime":3094,"item_purchase_floors":[19,19,36],"current_hp_per_floor":[62,62,62,59,59,35,58,60,60,60,49,46,69,45,45,36,78,45,45,41,41,41,41,6,6,6,29,15,12,36,17,41,18,80,74,74,51,49,50,77,77,77,77,73,73,75,72,70,70,38],"items_purged":["Strike_B","Strike_B"],"gold":72,"score":807,"play_id":"ec8a4103-f439-4ab9-8636-f6a6c3416e0b","local_time":"20180531232854","is_prod":false,"is_daily":false,"chose_seed":false,"is_ascension_mode":true,"campfire_upgraded":4,"win_rate":0,"timestamp":1527834534,"campfire_choices":[{"floor":7,"key":"REST"},{"data":"Zap","floor":10,"key":"SMITH"},{"floor":13,"key":"REST"},{"data":"Streamline","floor":15,"key":"SMITH"},{"data":"Apotheosis","floor":23,"key":"SMITH"},{"floor":27,"key":"REST"},{"floor":30,"key":"REST"},{"floor":32,"key":"REST"},{"floor":40,"key":"REST"},{"data":"Machine Learning","floor":49,"key":"SMITH"}],"path_taken":["M","M","?","?","?","E","R","M","T","R","M","?","R","E","R","BOSS","M","$","?","?","?","R","M","$","T","R","?","E","R","M","R","BOSS","M","$","M","?","M","R","$","?","T","E","?","M","M","M","R","BOSS"],"build_version":"2018-05-30","seed_source_timestamp":277567202848849,"purchased_purges":2,"victory":true,"master_deck":["Strike_B","Strike_B","Defend_B","Defend_B","Defend_B","Defend_B","Zap+1","Dualcast","Go for the Eyes","Beam Cell","Streamline+1","Coolheaded","Leap","Sweeping Beam","Sweeping Beam+1","Machine Learning+1","Leap+1","Apotheosis+1","Cold Snap+1","Defragment","Self Repair","Defragment+1","Defragment+1","Rainbow","Tempest+1","Ball Lightning+1","Leap+1"],"max_hp_per_floor":[68,68,68,68,68,78,78,78,78,78,78,78,78,78,78,78,78,78,78,78,78,78,78,78,78,78,78,78,80,80,80,80,80,80,80,80,80,82,84,86,86,86,86,88,88,88,90,92,92,92],"relics":["Cracked Core","Calipers","Blood Vial","Spirit Poop","Pear","Orichalcum","Molten Egg 2","Black Star","Gremlin Horn","Potion Belt","Pen Nib","Dream Catcher","Singing Bowl","Happy Flower","Frozen Egg 2","Vajra","Boot"],"card_choices":[{"not_picked":["FTL","Gash"],"picked":"Go for the Eyes","floor":1},{"not_picked":["Force Field","Conserve Battery"],"picked":"Beam Cell","floor":2},{"not_picked":["Genetic Algorithm","Electrodynamics"],"picked":"Streamline","floor":6},{"not_picked":["Stack","Steam"],"picked":"Coolheaded","floor":8},{"not_picked":["Static Discharge","Echo Form"],"picked":"Leap","floor":11},{"not_picked":["Compile Driver","Heatsinks"],"picked":"Sweeping Beam","floor":12},{"not_picked":["Rebound","Fusion"],"picked":"Sweeping Beam","floor":14},{"not_picked":["Buffer","Echo Form"],"picked":"Machine Learning","floor":16},{"not_picked":["Barrage+1","Beam Cell+1"],"picked":"Leap+1","floor":18},{"not_picked":["Conserve Battery","Force Field"],"picked":"Cold Snap+1","floor":20},{"not_picked":["FTL+1","Aggregate","Beam Cell+1"],"picked":"SKIP","floor":24},{"not_picked":["Fusion","Steam+1"],"picked":"Defragment","floor":28},{"not_picked":["Redo","Storm","Skim"],"picked":"Singing Bowl","floor":29},{"not_picked":["Leap","Coolheaded"],"picked":"Self Repair","floor":30},{"not_picked":["Gash+1","Redo"],"picked":"Defragment+1","floor":31},{"not_picked":["Streamline+1","Multi-Cast"],"picked":"Defragment+1","floor":32},{"not_picked":["Machine Learning","Creative AI"],"picked":"Rainbow","floor":33},{"not_picked":["Beam Cell+1","Darkness+1"],"picked":"Tempest+1","floor":35},{"not_picked":["Doom and Gloom+1","Recycle"],"picked":"Ball Lightning+1","floor":37},{"not_picked":["Redo+1","Hologram","Go for the Eyes+1"],"picked":"Singing Bowl","floor":38},{"not_picked":["Blizzard+1","Compile Driver+1","Rebound+1"],"picked":"Singing Bowl","floor":39},{"not_picked":["Coolheaded","Storm+1","Compile Driver+1"],"picked":"Singing Bowl","floor":40},{"not_picked":["Rip and Tear+1","FTL+1","Reboot"],"picked":"Singing Bowl","floor":44},{"not_picked":["Streamline+1","Storm+1"],"picked":"Leap+1","floor":46},{"not_picked":["Barrage+1","Steam Power+1","Skim"],"picked":"Singing Bowl","floor":47},{"not_picked":["Reinforced Body","Compile Driver+1","FTL+1"],"picked":"Singing Bowl","floor":48}],"player_experience":140724,"potions_floor_usage":[16,16,20,29,37,38,44,46,48,50,50,50],"damage_taken":[{"damage":6,"enemies":"Small Slimes","floor":1,"turns":4},{"damage":0,"enemies":"2 Louse","floor":2,"turns":3},{"damage":36,"enemies":"Gremlin Nob","floor":6,"turns":4},{"damage":0,"enemies":"Cultist","floor":8,"turns":2},{"damage":13,"enemies":"Large Slime","floor":11,"turns":3},{"damage":5,"enemies":"Gremlin Gang","floor":12,"turns":4},{"damage":26,"enemies":"Lagavulin","floor":14,"turns":5},{"damage":11,"enemies":"Hexaghost","floor":16,"turns":7},{"damage":33,"enemies":"2 Thieves","floor":18,"turns":4},{"damage":6,"enemies":"3 Byrds","floor":20,"turns":3},{"damage":37,"enemies":"Cultist and Chosen","floor":24,"turns":7},{"damage":16,"enemies":"Slaver and Parasite","floor":28,"turns":5},{"damage":7,"enemies":"Book of Stabbing","floor":29,"turns":8},{"damage":28,"enemies":"Snecko","floor":31,"turns":8},{"damage":32,"enemies":"Automaton","floor":33,"turns":15},{"damage":6,"enemies":"Orb Walker","floor":35,"turns":4},{"damage":25,"enemies":"3 Shapes","floor":37,"turns":3},{"damage":6,"enemies":"Transient","floor":38,"turns":5},{"damage":13,"enemies":"Maw","floor":39,"turns":7},{"damage":18,"enemies":"Nemesis","floor":44,"turns":7},{"damage":0,"enemies":"4 Shapes","floor":46,"turns":2},{"damage":17,"enemies":"Spire Growth","floor":47,"turns":6},{"damage":13,"enemies":"Transient","floor":48,"turns":5},{"damage":44,"enemies":"Awakened One","floor":50,"turns":12}],"relics_obtained":[{"floor":6,"key":"Pear"},{"floor":9,"key":"Orichalcum"},{"floor":14,"key":"Molten Egg 2"},{"floor":26,"key":"Pen Nib"},{"floor":29,"key":"Dream Catcher"},{"floor":29,"key":"Singing Bowl"},{"floor":43,"key":"Frozen Egg 2"},{"floor":44,"key":"Vajra"},{"floor":44,"key":"Boot"}],"event_choices":[{"event_name":"Liars Game","player_choice":"agreed","floor":3,"damage_taken":0},{"event_name":"Scrap Ooze","player_choice":"success","floor":4,"damage_taken":3},{"event_name":"Bonfire Elementals","player_choice":"CURSE","floor":5,"damage_taken":0},{"event_name":"Beggar","player_choice":"Ignored","floor":21,"damage_taken":0},{"event_name":"The Mausoleum","player_choice":"Yes","floor":22,"damage_taken":0},{"event_name":"The Woman in Blue","player_choice":"Bought 3 Potions","floor":42,"damage_taken":0}],"boss_relics":[{"not_picked":["Lizard Tail","White Beast Statue"],"picked":"Black Star"},{"not_picked":["Astrolabe","Pandora\u0027s Box","Snecko Eye"]}],"items_purged_floors":[19,41],"potions_floor_spawned":[2,8,11,20,29,33,37,38,46],"seed_played":"-5150820049223408881","ascension_level":3,"potions_obtained":[{"floor":2,"key":"Swift Potion"},{"floor":8,"key":"FocusPotion"},{"floor":11,"key":"PowerPotion"},{"floor":20,"key":"PowerPotion"},{"floor":29,"key":"Fire Potion"},{"floor":33,"key":"PowerPotion"},{"floor":37,"key":"FearPotion"},{"floor":38,"key":"Fire Potion"},{"floor":42,"key":"Energy Potion"},{"floor":42,"key":"Strength Potion"},{"floor":42,"key":"Ancient Potion"},{"floor":46,"key":"Block Potion"}],"is_trial":false}