{"gold_per_floor":[115,115,115,132,132,164,164,175,175,175,191,201,201,214,214,315,315,325,345,364,463,388,420,432,432,432,289,302,329,329,99,99,200,250,261,273,273],"floor_reached":37,"playtime":1641,"items_purged":["Strike_B"],"score":645,"play_id":"94d6111d-63f1-4210-8513-0d95460de10f","local_time":"20181209194242","is_ascension_mode":true,"campfire_choices":[{"floor":7,"key":"REST"},{"floor":10,"key":"REST"},{"data":"Beam Cell","floor":13,"key":"SMITH"},{"floor":15,"key":"REST"},{"floor":25,"key":"REST"},{"floor":30,"key":"REST"},{"data":"Defragment","floor":32,"key":"SMITH"}],"neow_cost":"NONE","seed_source_timestamp":166962464413782,"circlet_count":0,"master_deck":["Strike_B","Strike_B","Defend_B","Defend_B","Defend_B","Defend_B+1","Zap+1","Dualcast","Go for the Eyes+1","Core Surge","Rainbow+1","Beam Cell+1","Glacier+1","Rainbow+1","Consume+1","Core Surge","Defragment+1","Tempest+1","Multi-Cast+1","Loop+1"],"relics":["Black Star","Nunchaku","Toxic Egg 2","Question Card","Bird Faced Urn","Busted Crown","Anchor","Symbiotic Virus","MawBank","Strawberry","Dodecahedron","Boot","Tiny House"],"potions_floor_usage":[16,23,29,29],"damage_taken":[{"damage":12,"enemies":"Small Slimes","floor":1,"turns":4},{"damage":1,"enemies":"Cultist","floor":4,"turns":3},{"damage":20,"enemies":"Lagavulin","floor":6,"turns":7},{"damage":0,"enemies":"2 Louse","floor":8,"turns":2},{"damage":2,"enemies":"Blue Slaver","floor":11,"turns":3},{"damage":3,"enemies":"Red Slaver","floor":12,"turns":3},{"damage":14,"enemies":"3 Louse","floor":14,"turns":3},{"damage":0,"enemies":"Slime Boss","floor":16,"turns":8},{"damage":12,"enemies":"3 Byrds","floor":18,"turns":4},{"damage":0,"enemies":"Chosen","floor":19,"turns":4},{"damage":5,"enemies":"Snake Plant","floor":20,"turns":4},{"damage":20,"enemies":"Book of Stabbing","floor":23,"turns":5},{"damage":7,"enemies":"Cultist and Chosen","floor":24,"turns":5},{"damage":4,"enemies":"Centurion and Healer","floor":28,"turns":5},{"damage":19,"enemies":"Slavers","floor":29,"turns":3},{"damage":53,"enemies":"Automaton","floor":33,"turns":11},{"damage":1,"enemies":"Orb Walker","floor":35,"turns":3},{"damage":39,"enemies":"3 Darklings","floor":36,"turns":6},{"damage":42,"enemies":"Sphere and 2 Shapes","floor":37,"turns":5}],"seed_played":"2528172808625489302","potions_obtained":[{"floor":8,"key":"Fire Potion"},{"floor":11,"key":"FocusPotion"},{"floor":16,"key":"PowerPotion"},{"floor":18,"key":"PowerPotion"},{"floor":33,"key":"Dexterity Potion"},{"floor":34,"key":"SpeedPotion"}],"is_trial":false,"path_per_floor":["M","?","?","M","?","E","R","M","T","R","M","M","R","M","R","B",null,"M","M","M","?","?","E","M","R","T","$","M","E","R","$","R","B",null,"M","M","M"],"character_chosen":"DEFECT","items_purchased":["Strawberry","Defragment","Tempest+1"],"campfire_rested":5,"item_purchase_floors":[27,31,31],"current_hp_per_floor":[56,38,38,37,37,17,39,39,39,61,59,56,56,42,64,64,72,60,60,55,55,55,35,28,50,50,57,53,38,62,62,62,11,69,68,31,0],"gold":273,"neow_bonus":"BOSS_RELIC","is_prod":false,"is_daily":false,"chose_seed":false,"campfire_upgraded":2,"win_rate":0,"timestamp":1544413362,"path_taken":["M","?","?","M","?","E","R","?","T","R","M","M","R","M","R","BOSS","M","?","M","?","?","E","M","R","T","?","M","E","R","$","R","BOSS","M","M","M"],"build_version":"2018-12-06","purchased_purges":1,"victory":false,"max_hp_per_floor":[75,75,75,75,75,75,75,75,75,75,75,75,75,75,75,75,75,75,75,75,75,75,75,75,75,75,82,82,82,82,82,82,82,87,87,87,87],"card_choices":[{"not_picked":["Compile Driver","Leap"],"picked":"Go for the Eyes","floor":1},{"not_picked":["Redo","Cold Snap"],"picked":"Core Surge","floor":4},{"not_picked":["Core Surge","Auto Shields"],"picked":"Rainbow","floor":6},{"not_picked":["FTL","Melter","Redo+1"],"picked":"Beam Cell","floor":8},{"not_picked":["Leap+1","Beam Cell","Aggregate+1"],"picked":"Glacier+1","floor":11},{"not_picked":["Redo+1","Ball Lightning","Creative AI","Cold Snap"],"picked":"SKIP","floor":12},{"not_picked":["Storm","Reinforced Body+1","Cold Snap","Rebound"],"picked":"SKIP","floor":14},{"not_picked":["Fission+1","Meteor Strike","Core Surge"],"picked":"Rainbow+1","floor":16},{"not_picked":["Self Repair+1"],"picked":"Consume+1","floor":18},{"not_picked":["Storm","Self Repair"],"picked":"SKIP","floor":19},{"not_picked":["Genetic Algorithm+1","Scrape"],"picked":"SKIP","floor":20},{"not_picked":["Sweeping Beam"],"picked":"Core Surge","floor":23},{"not_picked":["Rebound+1","Sweeping Beam"],"picked":"SKIP","floor":24},{"not_picked":["Gash+1","Recycle+1"],"picked":"SKIP","floor":28},{"not_picked":["Rebound","Double Energy+1"],"picked":"SKIP","floor":29},{"not_picked":["Hyperbeam"],"picked":"Multi-Cast+1","floor":33},{"not_picked":["Streamline+1","Chill+1"],"picked":"SKIP","floor":35},{"not_picked":["Gash+1"],"picked":"Loop+1","floor":36}],"player_experience":575110,"relics_obtained":[{"floor":6,"key":"Toxic Egg 2"},{"floor":6,"key":"Question Card"},{"floor":9,"key":"Bird Faced Urn"},{"floor":23,"key":"Anchor"},{"floor":23,"key":"Symbiotic Virus"},{"floor":26,"key":"MawBank"},{"floor":29,"key":"Dodecahedron"},{"floor":29,"key":"Boot"}],"event_choices":[{"damage_healed":0,"gold_gain":0,"player_choice":"Success","damage_taken":18,"relics_obtained":["Nunchaku"],"max_hp_gain":0,"max_hp_loss":0,"event_name":"Scrap Ooze","floor":2,"gold_loss":0},{"damage_healed":0,"gold_gain":0,"player_choice":"Grow","damage_taken":0,"max_hp_gain":0,"max_hp_loss":0,"event_name":"Living Wall","floor":3,"gold_loss":0,"cards_upgraded":["Zap"]},{"damage_healed":0,"gold_gain":0,"player_choice":"Forge","damage_taken":0,"max_hp_gain":0,"max_hp_loss":0,"event_name":"Accursed Blacksmith","floor":5,"gold_loss":0,"cards_upgraded":["Go for the Eyes"]},{"damage_healed":0,"gold_gain":99,"player_choice":"Stole From Cult","damage_taken":0,"max_hp_gain":0,"max_hp_loss":0,"event_name":"Nest","floor":21,"gold_loss":0},{"cards_removed":["Strike_B"],"damage_healed":0,"gold_gain":0,"player_choice":"Gave Gold","damage_taken":0,"max_hp_gain":0,"max_hp_loss":0,"event_name":"Beggar","floor":22,"gold_loss":75}],"is_beta":false,"boss_relics":[{"not_picked":["Eternal Feather","Calling Bell"],"picked":"Busted Crown"},{"not_picked":["Empty Cage","Pandora\u0027s Box"],"picked":"Tiny House"}],"items_purged_floors":[31],"is_endless":false,"potions_floor_spawned":[8,11,16,18,19,20,33],"killed_by":"Sphere and 2 Shapes","ascension_level":8}