{"gold_per_floor":[114,129,144,144,169,199,214,274,324,354,369,384,384,384],"floor_reached":14,"playtime":944,"items_purged":[],"score":112,"play_id":"48cd26fe-fa7d-4322-9f3b-d047ceb91741","local_time":"20181011213207","daily_mods":["Shiny","Time Dilation","DeadlyEvents"],"is_ascension_mode":false,"campfire_choices":[{"data":"Offering","floor":13,"key":"SMITH"}],"neow_cost":"","seed_source_timestamp":0,"circlet_count":0,"master_deck":["Double Tap","Demon Form","Bludgeon","Feed","Limit Break","Barricade","Fiend Fire","Dark Embrace","Berserk","Impervious","Juggernaut","Brutality","Reaper","Exhume","Offering+1","Immolate","Strike_R","Strike_R","Strike_R","Strike_R","Strike_R","Defend_R","Defend_R","Defend_R","Defend_R","Bash","Spot Weakness","Warcry","Whirlwind","Regret","Power Through","Rupture","Power Through","Warcry"],"special_seed":17816,"relics":["Burning Blood","Omamori","Dream Catcher","Blood Vial","Tiny Chest","Bronze Scales","Art of War"],"potions_floor_usage":[6,10,14,14],"damage_taken":[{"damage":13,"enemies":"Small Slimes","floor":1,"turns":2},{"damage":6,"enemies":"Jaw Worm","floor":2,"turns":2},{"damage":7,"enemies":"Cultist","floor":3,"turns":4},{"damage":6,"enemies":"Gremlin Nob","floor":6,"turns":4},{"damage":49,"enemies":"Exordium Wildlife","floor":7,"turns":7},{"damage":28,"enemies":"3 Sentries","floor":8,"turns":9},{"damage":23,"enemies":"Lagavulin","floor":10,"turns":6},{"damage":6,"enemies":"Red Slaver","floor":11,"turns":2},{"damage":16,"enemies":"Blue Slaver","floor":12,"turns":3},{"damage":17,"enemies":"3 Sentries","floor":14,"turns":4}],"seed_played":"-4401274191363558233","potions_obtained":[{"floor":1,"key":"AttackPotion"},{"floor":2,"key":"EssenceOfSteel"},{"floor":7,"key":"Strength Potion"},{"floor":8,"key":"Strength Potion"},{"floor":11,"key":"SkillPotion"}],"is_trial":false,"path_per_floor":["M","M","M","?","T","E","M","E","T","E","M","M","R"],"character_chosen":"IRONCLAD","items_purchased":[],"campfire_rested":0,"item_purchase_floors":[],"current_hp_per_floor":[76,76,83,83,83,83,46,43,43,28,30,22,22,19],"gold":384,"neow_bonus":"","is_prod":false,"is_daily":true,"chose_seed":false,"campfire_upgraded":1,"win_rate":0,"timestamp":1539307927,"path_taken":["M","M","M","?","?","E","M","E","T","?","?","M","R","?"],"build_version":"2018-10-10","purchased_purges":0,"victory":false,"max_hp_per_floor":[83,83,83,83,83,83,89,92,92,92,92,92,92,92],"card_choices":[{"not_picked":["Flex","Shrug It Off"],"picked":"Spot Weakness","floor":1},{"not_picked":["Battle Trance","Feel No Pain"],"picked":"Warcry","floor":2},{"not_picked":["Dropkick","Body Slam"],"picked":"Whirlwind","floor":3},{"not_picked":["Battle Trance","Heavy Blade"],"picked":"Power Through","floor":6},{"not_picked":["Iron Wave","Whirlwind","Dual Wield"],"picked":"SKIP","floor":7},{"not_picked":["Wild Strike","Reckless Charge"],"picked":"Rupture","floor":8},{"not_picked":["Armaments","Flex"],"picked":"Power Through","floor":10},{"not_picked":["Wild Strike","Brutality","Whirlwind"],"picked":"SKIP","floor":11},{"not_picked":["Perfected Strike","Twin Strike"],"picked":"Warcry","floor":12}],"player_experience":334045,"relics_obtained":[{"floor":5,"key":"Dream Catcher"},{"floor":6,"key":"Blood Vial"},{"floor":8,"key":"Tiny Chest"},{"floor":9,"key":"Bronze Scales"},{"floor":10,"key":"Art of War"}],"event_choices":[{"event_name":"Big Fish","player_choice":"Box","floor":4,"damage_taken":0}],"is_beta":true,"boss_relics":[],"items_purged_floors":[],"is_endless":false,"potions_floor_spawned":[1,2,7,8,11,12],"killed_by":"3 Sentries","ascension_level":0}