{"gold_per_floor":[19,37,57,57,73,104,115,115,115,40,52,52,52,67,67,141,141,158,83,83,83,8,8,42,42,42,61,74,86,86,103,103,103],"floor_reached":33,"playtime":1616,"items_purged":["Shame"],"score":471,"play_id":"584ff6c8-02ca-4928-8f6d-7b5709d009b7","local_time":"20181011235016","is_ascension_mode":true,"campfire_choices":[{"data":"Zap","floor":8,"key":"SMITH"},{"data":"Coolheaded","floor":12,"key":"SMITH"},{"data":"Rip and Tear","floor":15,"key":"SMITH"},{"floor":23,"key":"REST"},{"floor":25,"key":"REST"},{"data":"Machine Learning","floor":30,"key":"SMITH"},{"data":"Echo Form","floor":32,"key":"SMITH"}],"neow_cost":"NO_GOLD","seed_source_timestamp":88744773286051,"circlet_count":0,"master_deck":["Defend_B","Defend_B","Defend_B","Zap+1","Dualcast","AscendersBane","Coolheaded+1","Leap","Cold Snap","Compile Driver","Rip and Tear+1","Sunder","Glacier","Echo Form+1","Machine Learning+1","Normality","Redo+1","Turbo+1","Redo+1"],"relics":["Cracked Core","Mercury Hourglass","Gremlin Horn","Cursed Key","FossilizedHelix","Sundial","Meat on the Bone"],"potions_floor_usage":[16,24,24,33,33,33],"damage_taken":[{"damage":1,"enemies":"Cultist","floor":1,"turns":3},{"damage":3,"enemies":"Small Slimes","floor":2,"turns":4},{"damage":0,"enemies":"Jaw Worm","floor":3,"turns":5},{"damage":2,"enemies":"Looter","floor":5,"turns":4},{"damage":5,"enemies":"Lagavulin","floor":6,"turns":9},{"damage":0,"enemies":"3 Louse","floor":7,"turns":3},{"damage":16,"enemies":"Large Slime","floor":11,"turns":5},{"damage":6,"enemies":"Blue Slaver","floor":14,"turns":2},{"damage":26,"enemies":"Slime Boss","floor":16,"turns":11},{"damage":6,"enemies":"2 Thieves","floor":18,"turns":3},{"damage":32,"enemies":"Colosseum Slavers","floor":21,"turns":4},{"damage":30,"enemies":"Slavers","floor":24,"turns":6},{"damage":6,"enemies":"Chosen","floor":27,"turns":6},{"damage":14,"enemies":"3 Cultists","floor":28,"turns":4},{"damage":0,"enemies":"Shelled Parasite and Fungi","floor":29,"turns":5},{"damage":0,"enemies":"Snake Plant","floor":31,"turns":4},{"damage":71,"enemies":"Automaton","floor":33,"turns":12}],"seed_played":"-3098680914003511606","potions_obtained":[{"floor":3,"key":"PowerPotion"},{"floor":11,"key":"Energy Potion"},{"floor":16,"key":"LiquidBronze"},{"floor":24,"key":"Block Potion"},{"floor":28,"key":"EntropicBrew"}],"is_trial":false,"path_per_floor":["M","M","M","?","M","E","M","R","T","?","M","R","?","M","R","B",null,"M","?","?","?","$","R","E","R","T","M","M","M","R","M","R"],"character_chosen":"DEFECT","items_purchased":[],"campfire_rested":2,"item_purchase_floors":[],"current_hp_per_floor":[63,60,60,53,51,46,46,46,46,46,30,30,53,47,47,21,59,53,53,53,21,21,42,12,33,33,39,37,37,37,37,37,0],"gold":103,"neow_bonus":"REMOVE_TWO","is_prod":false,"is_daily":false,"chose_seed":false,"campfire_upgraded":5,"win_rate":0,"timestamp":1539294616,"path_taken":["M","M","?","?","M","E","M","R","T","?","M","R","?","M","R","BOSS","M","?","?","?","?","R","E","R","T","M","?","M","R","M","R","BOSS"],"build_version":"2018-10-10","purchased_purges":1,"victory":false,"max_hp_per_floor":[71,71,71,71,71,71,71,71,71,71,71,71,71,71,71,71,71,71,71,71,71,71,71,71,71,71,71,71,71,71,71,71,71],"card_choices":[{"not_picked":["Conserve Battery","Tempest"],"picked":"Coolheaded","floor":1},{"not_picked":["Reprogram","Gash"],"picked":"Leap","floor":2},{"not_picked":["Reboot","Beam Cell"],"picked":"Cold Snap","floor":3},{"not_picked":["Hologram","Undo"],"picked":"Compile Driver","floor":5},{"not_picked":["Thunder Strike","Stack"],"picked":"Rip and Tear","floor":6},{"not_picked":["Leap","Rip and Tear","Doom and Gloom"],"picked":"SKIP","floor":7},{"not_picked":["Darkness","Blizzard"],"picked":"Sunder","floor":11},{"not_picked":["Static Discharge","Ball Lightning"],"picked":"Glacier","floor":14},{"not_picked":["Fission","Thunder Strike"],"picked":"Echo Form","floor":16},{"not_picked":["Consume","Rebound","Cold Snap"],"picked":"SKIP","floor":18},{"not_picked":["Sweeping Beam","Compile Driver"],"picked":"Machine Learning","floor":24},{"not_picked":["Cold Snap","Consume","Steam Power"],"picked":"SKIP","floor":27},{"not_picked":["Streamline","Compile Driver"],"picked":"Redo+1","floor":28},{"not_picked":["Leap","Skim+1"],"picked":"Turbo+1","floor":29},{"not_picked":["Go for the Eyes","Turbo"],"picked":"Redo+1","floor":31}],"player_experience":224678,"relics_obtained":[{"floor":6,"key":"Mercury Hourglass"},{"floor":9,"key":"Gremlin Horn"},{"floor":24,"key":"Sundial"},{"floor":26,"key":"Meat on the Bone"}],"event_choices":[{"event_name":"Golden Wing","player_choice":"Card Removal","floor":4,"damage_taken":0},{"event_name":"The Cleric","player_choice":"Card Removal","floor":10,"damage_taken":0},{"event_name":"Big Fish","player_choice":"Banana","floor":13,"damage_taken":0},{"event_name":"Beggar","player_choice":"Gave Gold","floor":19,"damage_taken":0},{"event_name":"Addict","player_choice":"Stole Relic","floor":20,"damage_taken":0},{"event_name":"Colosseum","player_choice":"Fight","floor":21,"damage_taken":0},{"event_name":"Colosseum","player_choice":"Fled From Nobs","floor":21,"damage_taken":0}],"is_beta":true,"boss_relics":[{"not_picked":["Runic Pyramid","Empty Cage"],"picked":"Cursed Key"}],"items_purged_floors":[22],"is_endless":false,"potions_floor_spawned":[3,11,16,24,28,29],"killed_by":"Automaton","ascension_level":15}