{"path_per_floor":["M","?","?","M","M","E","?","R","T","M","M","M","R","E","R","B",null,"M","?","$","M","$","E","R","M","T"],"character_chosen":"THE_SILENT","items_purchased":["Letter Opener","Bandage Up"],"gold_per_floor":[114,114,189,203,221,250,250,250,273,283,297,286,286,311,311,406,406,422,422,2,18,18,46,46,56,56],"floor_reached":27,"campfire_rested":4,"playtime":4417,"current_hp_per_floor":[70,70,59,58,58,32,18,39,39,39,39,37,58,57,70,52,70,56,40,40,40,40,11,32,4,4],"items_purged":["Strike_G"],"gold":56,"play_id":"0e39ffeb-7918-49cc-8f10-5db63b7d7748","is_prod":false,"is_daily":false,"campfire_rituals":0,"campfire_upgraded":0,"is_hardmode":false,"path_taken":["M","?","?","M","M","E","?","R","T","M","M","?","R","E","R","BOSS","M","?","$","M","?","E","R","M","T","?"],"build_version":"2018-01-04-PROD1","purchased_purges":1,"victory":false,"master_deck":["Defend_G","Defend_G","Defend_G","Defend_G","Defend_G","Strike_G","Strike_G","Strike_G","Survivor","Neutralize","Blur","Footwork","Infinite Blades","Backflip","Well Laid Plans","Deadly Poison","Backstab","Flying Knee","Wraith Form","Poisoned Stab","Acrobatics","Slice","Infinite Blades","Prepared","Finisher","Bandage Up","Poisoned Stab","Prepared","Bouncing Flask"],"max_hp_per_floor":[70,70,70,70,70,70,70,70,70,70,70,70,70,70,70,70,70,70,70,70,70,70,70,70,70,70],"relics":["Ring of the Snake","Girya","Oddly Smooth Stone","Dodecahedron","Orrery","Enchiridion","Letter Opener","Ninja Scroll","Peace Pipe"],"campfire_meditates":0,"card_choices":[{"not_picked":["Backstab","Dagger Spray"],"picked":"Blur"},{"not_picked":["Dodge and Roll","Acrobatics"],"picked":"Footwork"},{"not_picked":["Tools of the Trade","Footwork"],"picked":"Infinite Blades"},{"not_picked":["Heel Hook","Quick Slash"],"picked":"Backflip"},{"not_picked":["Slice","Quick Slash"],"picked":"Well Laid Plans"},{"not_picked":["Malaise","Deflect"],"picked":"Deadly Poison"},{"not_picked":["Eviscerate","Dash"],"picked":"Backstab"},{"not_picked":["PiercingWail","Eviscerate"],"picked":"Flying Knee"},{"not_picked":["A Thousand Cuts","Adrenaline"],"picked":"Wraith Form"},{"not_picked":["Prepared","Calculated Gamble"],"picked":"Poisoned Stab"},{"not_picked":["Dagger Spray","Masterful Stab"],"picked":"Acrobatics"},{"not_picked":["Acrobatics","PiercingWail"],"picked":"Slice"},{"not_picked":["PiercingWail","Well Laid Plans"],"picked":"Infinite Blades"},{"not_picked":["Glass Knife","Malaise"],"picked":"Prepared"},{"not_picked":["Riddle With Holes","Quick Slash"],"picked":"Finisher"},{"not_picked":["Acrobatics","Backflip"],"picked":"Poisoned Stab"},{"not_picked":["Dagger Spray","Backflip"],"picked":"Prepared"},{"not_picked":["Dagger Throw","Footwork"],"picked":"Bouncing Flask"}],"player_experience":9537,"potions_floor_usage":[6,23],"damage_taken":[{"damage":0,"enemies":"Jaw Worm","floor":1,"turns":6},{"damage":1,"enemies":"Cultist","floor":4,"turns":4},{"damage":0,"enemies":"Small Slimes","floor":5,"turns":5},{"damage":26,"enemies":"Gremlin Nob","floor":6,"turns":5},{"damage":0,"enemies":"2 Fungi Beasts","floor":10,"turns":5},{"damage":0,"enemies":"3 Louse","floor":11,"turns":5},{"damage":2,"enemies":"Exordium Thugs","floor":12,"turns":5},{"damage":1,"enemies":"Lagavulin","floor":14,"turns":10},{"damage":18,"enemies":"Hexaghost","floor":16,"turns":14},{"damage":14,"enemies":"3 Byrds","floor":18,"turns":6},{"damage":4,"enemies":"Spheric Guardian","floor":21,"turns":5},{"damage":33,"enemies":"Slavers","floor":23,"turns":7},{"damage":32,"enemies":"Snake Plant","floor":25,"turns":6},{"damage":11,"enemies":"Centurion and Healer","floor":27,"turns":2}],"event_choices":[{"event_name":"Living Wall","player_choice":"Forget","floor":2,"damage_taken":0},{"event_name":"World of Goop","player_choice":"Gather Gold","floor":3,"damage_taken":0},{"event_name":"Shining Light","player_choice":"Entered Light","floor":7,"damage_taken":0},{"event_name":"Cursed Tome","player_choice":"Obtained Book","floor":19,"damage_taken":0}],"boss_relics":[{"not_picked":["Calling Bell","Runic Dome"],"picked":"Orrery"}],"potions_floor_spawned":[1,4,12,14,16,18,23,25],"seed_played":"-1576529850028183607","killed_by":"Centurion and Healer","is_trial":false}