{"path_per_floor":["M","?","M","$","?","R","E","M","T","?","M","R","M","M","R","B",null,"M","?","M","$","?","E","R","$","T","M","?","E","R","M","R"],"character_chosen":"THE_SILENT","items_purchased":["Terror","Transmutation","Regen Potion"],"gold_per_floor":[118,118,132,64,64,64,99,109,109,109,123,123,141,161,161,260,260,280,280,300,19,19,54,54,2,2,16,16,43,43,58,58,58],"floor_reached":33,"campfire_rested":5,"playtime":12982,"current_hp_per_floor":[70,56,54,54,51,51,13,13,13,13,12,33,33,30,51,35,70,60,47,40,40,40,13,35,35,42,30,30,13,37,19,43,0],"items_purged":["Strike_G"],"gold":58,"score":285,"play_id":"fb6b5fd9-8551-464f-99b8-55ff7ac5fd3b","local_time":"20180323134637","is_prod":false,"is_daily":false,"is_ascension_mode":false,"campfire_upgraded":1,"timestamp":1521809197,"path_taken":["M","?","?","$","?","R","E","M","T","?","M","R","?","?","R","BOSS","M","?","M","$","?","E","R","?","T","M","?","E","R","?","R","BOSS"],"build_version":"2018-03-22","purchased_purges":1,"victory":false,"master_deck":["Defend_G","Defend_G+1","Defend_G","Strike_G","Strike_G","Survivor","Neutralize","Burst+1","Leg Sweep","Dagger Throw","Malaise","PiercingWail+1","Leg Sweep","Sucker Punch","Terror","Blade Dance","Endless Agony","Endless Agony","PiercingWail","Blade Dance","Doppelganger","Predator+1","Underhanded Strike+1","Venomology+1","Blur","Sucker Punch+1","Transmutation","Caltrops","Reflex","Infinite Blades+1","Injury","Backstab","Sucker Punch+1"],"max_hp_per_floor":[70,70,70,70,70,70,70,70,70,70,70,70,70,70,70,70,70,70,75,75,75,75,75,75,75,82,82,82,82,82,82,82,82],"relics":["Orrery","Bag of Marbles","Bottled Flame","Mercury Hourglass","Astrolabe","Oddly Smooth Stone","Strawberry","Letter Opener"],"card_choices":[{"not_picked":["Deadly Poison","PiercingWail"],"picked":"Burst","floor":0},{"not_picked":["Outmaneuver","Prepared"],"picked":"Leg Sweep","floor":0},{"not_picked":["Underhanded Strike","Quick Slash"],"picked":"Dagger Throw","floor":0},{"not_picked":["Poisoned Stab","Heel Hook"],"picked":"Malaise","floor":0},{"not_picked":["Well Laid Plans","Escape Plan"],"picked":"PiercingWail","floor":0},{"not_picked":["Prepared","Unload"],"picked":"Leg Sweep","floor":1},{"not_picked":["PiercingWail","Deadly Poison"],"picked":"Sucker Punch","floor":3},{"not_picked":["Finisher","A Thousand Cuts"],"picked":"Blade Dance","floor":7},{"not_picked":["Quick Slash","Reflex"],"picked":"Endless Agony","floor":8},{"not_picked":["Prepared","Outmaneuver"],"picked":"Endless Agony","floor":11},{"not_picked":["Bane","Bouncing Flask"],"picked":"PiercingWail","floor":13},{"not_picked":["Dodge and Roll","Flying Knee"],"picked":"Blade Dance","floor":14},{"not_picked":["Glass Knife","Burst"],"picked":"Doppelganger","floor":16},{"not_picked":["Deadly Poison","Outmaneuver"],"picked":"Blur","floor":18},{"not_picked":["Blade Dance","Outmaneuver"],"picked":"Sucker Punch","floor":20},{"not_picked":["Bane","Masterful Stab"],"picked":"Reflex","floor":23},{"not_picked":["Caltrops","Envenom"],"picked":"Infinite Blades","floor":27},{"not_picked":["Sucker Punch","Backflip"],"picked":"Backstab","floor":29},{"not_picked":["Outmaneuver","Acrobatics"],"picked":"Sucker Punch","floor":31}],"player_experience":27934,"potions_floor_usage":[16,20,23,23,23,23,29,31,33,33,33],"damage_taken":[{"damage":0,"enemies":"2 Louse","floor":1,"turns":3},{"damage":2,"enemies":"Jaw Worm","floor":3,"turns":7},{"damage":38,"enemies":"Gremlin Nob","floor":7,"turns":6},{"damage":0,"enemies":"Cultist","floor":8,"turns":4},{"damage":1,"enemies":"2 Fungi Beasts","floor":11,"turns":3},{"damage":0,"enemies":"Lots of Slimes","floor":13,"turns":3},{"damage":3,"enemies":"3 Louse","floor":14,"turns":2},{"damage":16,"enemies":"The Guardian","floor":16,"turns":12},{"damage":10,"enemies":"Spheric Guardian","floor":18,"turns":5},{"damage":7,"enemies":"3 Byrds","floor":20,"turns":5},{"damage":27,"enemies":"Gremlin Leader","floor":23,"turns":7},{"damage":12,"enemies":"Cultist and Chosen","floor":27,"turns":8},{"damage":32,"enemies":"Slavers","floor":29,"turns":6},{"damage":18,"enemies":"Centurion and Healer","floor":31,"turns":4},{"damage":65,"enemies":"Champ","floor":33,"turns":10}],"event_choices":[{"event_name":"Shining Light","player_choice":"Entered Light","floor":2,"damage_taken":0},{"event_name":"Scrap Ooze","player_choice":"success","floor":5,"damage_taken":3},{"event_name":"Golden Wing","player_choice":"Ignored","floor":10,"damage_taken":0},{"event_name":"Forgotten Altar","player_choice":"Shed Blood","floor":19,"damage_taken":0},{"event_name":"Transmorgrifier","player_choice":"Transform","floor":22,"damage_taken":0},{"event_name":"Accursed Blacksmith","player_choice":"Forge","floor":28,"damage_taken":0}],"boss_relics":[{"not_picked":["Snecko Eye","Velvet Choker"],"picked":"Astrolabe"}],"potions_floor_spawned":[3,8,16,27,29],"seed_played":"-3174598284531549611","killed_by":"Champ","ascension_level":0,"is_trial":false}