{"gold_per_floor":[212,228,228,205,223,223,250,250,295,295,308,322,333,346,346,448,448,458,121,171,183,200,200,218,218,294,294,323,323,323,323,323,323],"floor_reached":33,"playtime":2252,"items_purged":["Regret"],"score":452,"play_id":"6f99d24a-c3b1-4dbb-a950-fdc04212f5ef","local_time":"20180919014732","is_ascension_mode":true,"campfire_choices":[{"data":"Zap","floor":6,"key":"SMITH"},{"data":"Dualcast","floor":8,"key":"SMITH"},{"floor":15,"key":"REST"},{"floor":23,"key":"REST"},{"floor":25,"key":"REST"},{"floor":27,"key":"REST"},{"floor":32,"key":"REST"}],"neow_cost":"NONE","seed_source_timestamp":304507309563306,"circlet_count":0,"master_deck":["Defend_B+1","Defend_B+1","Defend_B","Defend_B","Zap+1","Dualcast+1","AscendersBane","BootSequence","Doom and Gloom","Sweeping Beam","Sweeping Beam","Beam Cell","Seek","Skim+1","Apotheosis","Reinforced Body","Reinforced Body","Seek","Coolheaded+1","Bite","Bite","Bite","Bite","Bite","Decay"],"relics":["Cracked Core","Anchor","Omamori","Calling Bell","War Paint","Pear","Gambling Chip","Letter Opener","Shovel","Sundial"],"potions_floor_usage":[7,12,13,21,22,28],"damage_taken":[{"damage":7,"enemies":"Jaw Worm","floor":1,"turns":3},{"damage":11,"enemies":"2 Louse","floor":2,"turns":3},{"damage":0,"enemies":"Small Slimes","floor":5,"turns":2},{"damage":20,"enemies":"Lagavulin","floor":7,"turns":5},{"damage":4,"enemies":"Red Slaver","floor":11,"turns":3},{"damage":9,"enemies":"Large Slime","floor":12,"turns":5},{"damage":0,"enemies":"Gremlin Gang","floor":13,"turns":3},{"damage":0,"enemies":"Blue Slaver","floor":14,"turns":2},{"damage":48,"enemies":"Slime Boss","floor":16,"turns":9},{"damage":31,"enemies":"Shell Parasite","floor":18,"turns":7},{"damage":2,"enemies":"Spheric Guardian","floor":21,"turns":3},{"damage":22,"enemies":"Snake Plant","floor":22,"turns":5},{"damage":31,"enemies":"Shelled Parasite and Fungi","floor":24,"turns":11},{"damage":59,"enemies":"Slavers","floor":28,"turns":5},{"damage":47,"enemies":"Champ","floor":33,"turns":5}],"seed_played":"-8399016602563608970","potions_obtained":[{"floor":1,"key":"FocusPotion"},{"floor":11,"key":"Swift Potion"},{"floor":12,"key":"EssenceOfSteel"},{"floor":14,"key":"Strength Potion"},{"floor":18,"key":"PowerPotion"},{"floor":24,"key":"Regen Potion"}],"is_trial":false,"path_per_floor":["M","M","?","$","M","R","E","R","T","?","M","M","M","M","R","B",null,"M","$","?","M","M","R","M","R","T","R","E","T","?","?","R"],"character_chosen":"DEFECT","items_purchased":["Sweeping Beam","Apotheosis","Reinforced Body"],"campfire_rested":5,"item_purchase_floors":[4,19,19],"current_hp_per_floor":[61,50,75,75,75,75,55,55,55,55,51,42,42,42,64,16,70,39,39,39,37,15,40,9,34,34,59,14,14,14,14,31,0],"gold":323,"neow_bonus":"HUNDRED_GOLD","is_prod":false,"is_daily":false,"chose_seed":false,"campfire_upgraded":2,"win_rate":0,"timestamp":1537314452,"path_taken":["M","M","?","$","M","R","E","R","T","?","?","M","M","M","R","BOSS","M","$","?","M","M","R","M","R","T","R","E","?","?","?","R","BOSS"],"build_version":"2018-09-06","purchased_purges":1,"victory":false,"max_hp_per_floor":[75,75,75,75,75,75,75,75,75,75,75,75,75,75,75,75,85,85,85,85,85,85,85,85,85,85,85,85,85,59,59,59,59],"card_choices":[{"not_picked":["Compile Driver","Go for the Eyes"],"picked":"BootSequence","floor":1},{"not_picked":["Coolheaded","Go for the Eyes"],"picked":"Doom and Gloom","floor":2},{"not_picked":["Heatsinks","Streamline"],"picked":"Sweeping Beam","floor":5},{"not_picked":["Scrape","Blizzard","Fission"],"picked":"SKIP","floor":7},{"not_picked":["Skim","Barrage","Hello World"],"picked":"SKIP","floor":11},{"not_picked":["Cold Snap","Turbo","Force Field"],"picked":"SKIP","floor":12},{"not_picked":["Redo","Recycle","Streamline"],"picked":"SKIP","floor":13},{"not_picked":["Rebound","Capacitor"],"picked":"Beam Cell","floor":14},{"not_picked":["Meteor Strike","Machine Learning"],"picked":"Seek","floor":16},{"not_picked":["Rebound","Loop"],"picked":"Skim+1","floor":18},{"not_picked":["Hologram","Rebound"],"picked":"Reinforced Body","floor":21},{"not_picked":["Stack","Genetic Algorithm","Conserve Battery"],"picked":"SKIP","floor":22},{"not_picked":["Blizzard","Redo"],"picked":"Seek","floor":24},{"not_picked":["Meteor Strike","Core Surge"],"picked":"Coolheaded+1","floor":28}],"player_experience":380843,"relics_obtained":[{"floor":7,"key":"Anchor"},{"floor":9,"key":"Omamori"},{"floor":17,"key":"War Paint"},{"floor":17,"key":"Pear"},{"floor":17,"key":"Gambling Chip"},{"floor":26,"key":"Letter Opener"},{"floor":28,"key":"Shovel"},{"floor":29,"key":"Sundial"}],"event_choices":[{"event_name":"Big Fish","player_choice":"Banana","floor":3,"damage_taken":0},{"event_name":"Accursed Blacksmith","player_choice":"Forge","floor":10,"damage_taken":0},{"event_name":"The Joust","player_choice":"Bet on Murderer","floor":20,"damage_taken":0},{"event_name":"Vampires","player_choice":"Became a vampire","floor":30,"damage_taken":0},{"event_name":"Forgotten Altar","player_choice":"Smashed Altar","floor":31,"damage_taken":0}],"is_beta":false,"boss_relics":[{"not_picked":["Runic Dome","Snecko Eye"],"picked":"Calling Bell"}],"items_purged_floors":[19],"is_endless":false,"potions_floor_spawned":[1,11,12,14,18,24],"killed_by":"Champ","ascension_level":12}