{"gold_per_floor":[109,10,10,10,10,44,44,55,55,73,73,107,121,185,185,288,288,300,311,331,28,40,40,40,140,187,187],"floor_reached":27,"playtime":1402,"items_purged":["Strike_R"],"score":371,"play_id":"db4ee2c8-6625-4772-8741-a1e83cb1cd74","local_time":"20181229141506","is_ascension_mode":true,"campfire_choices":[{"data":"Pommel Strike","floor":7,"key":"SMITH"},{"data":"Uppercut","floor":11,"key":"SMITH"},{"data":"Demon Form","floor":15,"key":"SMITH"},{"floor":23,"key":"REST"}],"neow_cost":"NONE","seed_source_timestamp":722205113874336,"circlet_count":0,"master_deck":["Strike_R","Defend_R","Defend_R","Defend_R","Defend_R","Bash","Uppercut+1","Cleave","Clothesline","Pommel Strike+1","Metallicize","Ghostly Armor","Demon Form+1","Heavy Blade","Pummel"],"relics":["Burning Blood","NeowsBlessing","Pen Nib","Shuriken","Ornamental Fan","Tiny Chest","Snecko Eye","Dead Branch","FossilizedHelix","Paper Frog"],"potions_floor_usage":[14,16,16,18,25],"damage_taken":[{"damage":0,"enemies":"Jaw Worm","floor":1,"turns":1},{"damage":0,"enemies":"Lagavulin","floor":6,"turns":1},{"damage":0,"enemies":"2 Louse","floor":8,"turns":1},{"damage":0,"enemies":"Cultist","floor":10,"turns":3},{"damage":12,"enemies":"Gremlin Nob","floor":12,"turns":3},{"damage":17,"enemies":"Lots of Slimes","floor":13,"turns":4},{"damage":14,"enemies":"Lagavulin","floor":14,"turns":6},{"damage":28,"enemies":"Slime Boss","floor":16,"turns":5},{"damage":30,"enemies":"3 Byrds","floor":18,"turns":5},{"damage":16,"enemies":"Spheric Guardian","floor":19,"turns":4},{"damage":13,"enemies":"Cultist and Chosen","floor":20,"turns":7},{"damage":13,"enemies":"Snake Plant","floor":22,"turns":2},{"damage":0,"enemies":"Colosseum Slavers","floor":25,"turns":3},{"damage":49,"enemies":"Colosseum Nobs","floor":25,"turns":5},{"damage":9,"enemies":"Centurion and Healer","floor":27,"turns":1}],"seed_played":"527897115501996621","potions_obtained":[{"floor":1,"key":"SpeedPotion"},{"floor":8,"key":"Dexterity Potion"},{"floor":12,"key":"SkillPotion"},{"floor":16,"key":"EssenceOfSteel"},{"floor":19,"key":"Explosive Potion"},{"floor":22,"key":"AttackPotion"},{"floor":25,"key":"Strength Potion"}],"is_trial":false,"path_per_floor":["M","$","?","?","?","E","R","M","T","M","R","E","M","E","R","B",null,"M","M","M","$","M","R","?","?","T","M"],"character_chosen":"IRONCLAD","items_purchased":["Cleave","Dead Branch"],"campfire_rested":1,"item_purchase_floors":[2,21],"current_hp_per_floor":[78,78,71,71,71,77,77,80,80,80,80,74,63,55,55,33,68,44,34,27,27,20,44,44,7,7,0],"gold":187,"neow_bonus":"THREE_ENEMY_KILL","is_prod":false,"is_daily":false,"chose_seed":false,"campfire_upgraded":3,"win_rate":0,"timestamp":1546114506,"path_taken":["M","$","?","?","?","E","R","M","T","M","R","E","?","E","R","BOSS","M","?","M","$","M","R","?","?","T","M"],"build_version":"2018-12-20","purchased_purges":1,"victory":false,"max_hp_per_floor":[80,80,80,80,80,80,80,80,80,80,80,80,80,80,80,80,80,80,80,80,80,80,80,80,80,80,80],"card_choices":[{"not_picked":["Heavy Blade","Warcry"],"picked":"Uppercut","floor":1},{"not_picked":["Armaments","Heavy Blade"],"picked":"Pommel Strike","floor":6},{"not_picked":["Flex","Searing Blow","Havoc"],"picked":"SKIP","floor":8},{"not_picked":["Feel No Pain","Flex"],"picked":"Metallicize","floor":10},{"not_picked":["Entrench","Rupture"],"picked":"Ghostly Armor","floor":12},{"not_picked":["Evolve","Anger","Ghostly Armor"],"picked":"SKIP","floor":13},{"not_picked":["Armaments","Bloodletting"],"picked":"Demon Form","floor":14},{"not_picked":["Sword Boomerang","Twin Strike","Anger"],"picked":"SKIP","floor":18},{"not_picked":["Anger","Perfected Strike","Reckless Charge"],"picked":"SKIP","floor":19},{"not_picked":["Metallicize+1","Battle Trance"],"picked":"Heavy Blade","floor":20},{"not_picked":["Havoc","Iron Wave+1","Warcry"],"picked":"SKIP","floor":22},{"not_picked":["Havoc+1","Pommel Strike"],"picked":"Pummel","floor":25}],"player_experience":337336,"relics_obtained":[{"floor":6,"key":"Pen Nib"},{"floor":9,"key":"Shuriken"},{"floor":12,"key":"Ornamental Fan"},{"floor":14,"key":"Tiny Chest"},{"floor":25,"key":"FossilizedHelix"},{"floor":25,"key":"Paper Frog"}],"event_choices":[{"cards_removed":["Strike_R"],"damage_healed":0,"gold_gain":0,"player_choice":"Card Removal","damage_taken":7,"max_hp_gain":0,"max_hp_loss":0,"event_name":"Golden Wing","floor":3,"gold_loss":0},{"cards_removed":["Strike_R"],"damage_healed":0,"gold_gain":0,"player_choice":"Forget","damage_taken":0,"max_hp_gain":0,"max_hp_loss":0,"event_name":"Living Wall","floor":4,"gold_loss":0},{"damage_healed":0,"gold_gain":0,"cards_transformed":["Strike_R"],"player_choice":"Transformed","damage_taken":0,"max_hp_gain":0,"max_hp_loss":0,"event_name":"Transmorgrifier","floor":5,"gold_loss":0,"cards_obtained":["Clothesline"]},{"damage_healed":0,"gold_gain":0,"player_choice":"Ignored","damage_taken":0,"max_hp_gain":0,"max_hp_loss":0,"event_name":"Vampires","floor":24,"gold_loss":0},{"damage_healed":0,"gold_gain":0,"player_choice":"Fight","damage_taken":0,"max_hp_gain":0,"max_hp_loss":0,"event_name":"Colosseum","floor":25,"gold_loss":0},{"damage_healed":0,"gold_gain":0,"player_choice":"Fought Nobs","damage_taken":0,"max_hp_gain":0,"max_hp_loss":0,"event_name":"Colosseum","floor":25,"gold_loss":0}],"is_beta":false,"boss_relics":[{"not_picked":["Coffee Dripper","Ectoplasm"],"picked":"Snecko Eye"}],"items_purged_floors":[2],"is_endless":false,"potions_floor_spawned":[1,8,12,13,16,19,22,25],"killed_by":"Centurion and Healer","ascension_level":9}