{"gold_per_floor":[119,44,98,109,123,123,157,176,258,290,290,304,316,342,342,444,444,456,66,79,94,94,94,129,129,153,153,169,185,216,230,230,331,331,349,359,359,369,369],"floor_reached":39,"playtime":1887,"items_purged":["Injury"],"score":613,"play_id":"fa386098-589b-4871-a420-d23c9c7f097c","local_time":"20181206183942","is_ascension_mode":true,"campfire_choices":[{"data":"White Noise","floor":6,"key":"SMITH"},{"data":"Zap","floor":11,"key":"SMITH"},{"floor":15,"key":"REST"},{"floor":23,"key":"REST"},{"floor":27,"key":"REST"},{"data":"Creative AI","floor":32,"key":"SMITH"}],"neow_cost":"CURSE","seed_source_timestamp":1736115516067322,"circlet_count":0,"master_deck":["Strike_B+1","Strike_B+1","Strike_B+1","Strike_B+1","Defend_B+1","Defend_B+1","Defend_B+1","Defend_B+1","Zap+1","Dualcast","Mind Blast+1","Swift Strike","Streamline","White Noise+1","Cold Snap","Doom and Gloom","FTL","All For One+1","Leap+1","Beam Cell","Machine Learning","Beam Cell","Creative AI+1","Beam Cell","Streamline","Steam","Seek+1","Go for the Eyes","Conserve Battery","White Noise+1","Heatsinks","FTL","Stack+1","Melter","Consume+1","Leap+1","Redo+1","Loop","Gash","Reboot","Defragment+1","Heatsinks+1"],"relics":["Cracked Core","Mango","Mercury Hourglass","Dream Catcher","Meat on the Bone","Orrery","Mummified Hand","Blue Candle","War Paint","Whetstone","Black Star"],"potions_floor_usage":[7,10,10,14,14,16,24,24,29,30,33,38],"damage_taken":[{"damage":0,"enemies":"Small Slimes","floor":1,"turns":3},{"damage":1,"enemies":"Cultist","floor":4,"turns":3},{"damage":7,"enemies":"Jaw Worm","floor":5,"turns":3},{"damage":21,"enemies":"3 Sentries","floor":7,"turns":5},{"damage":7,"enemies":"Gremlin Gang","floor":8,"turns":3},{"damage":6,"enemies":"Gremlin Nob","floor":10,"turns":3},{"damage":0,"enemies":"Blue Slaver","floor":12,"turns":2},{"damage":0,"enemies":"2 Fungi Beasts","floor":13,"turns":2},{"damage":20,"enemies":"Lagavulin","floor":14,"turns":3},{"damage":18,"enemies":"Hexaghost","floor":16,"turns":6},{"damage":22,"enemies":"2 Thieves","floor":18,"turns":2},{"damage":7,"enemies":"Chosen","floor":20,"turns":3},{"damage":7,"enemies":"Centurion and Healer","floor":21,"turns":4},{"damage":41,"enemies":"Slavers","floor":24,"turns":3},{"damage":10,"enemies":"Chosen and Byrds","floor":28,"turns":4},{"damage":5,"enemies":"Cultist and Chosen","floor":29,"turns":4},{"damage":0,"enemies":"Gremlin Leader","floor":30,"turns":3},{"damage":0,"enemies":"Snecko","floor":31,"turns":3},{"damage":34,"enemies":"Champ","floor":33,"turns":10},{"damage":38,"enemies":"3 Darklings","floor":35,"turns":5},{"damage":4,"enemies":"Orb Walker","floor":36,"turns":2},{"damage":32,"enemies":"Transient","floor":38,"turns":5},{"damage":29,"enemies":"3 Darklings","floor":39,"turns":2}],"seed_played":"-6767108282094129958","potions_obtained":[{"floor":5,"key":"Explosive Potion"},{"floor":7,"key":"Dexterity Potion"},{"floor":8,"key":"Energy Potion"},{"floor":10,"key":"SteroidPotion"},{"floor":12,"key":"SkillPotion"},{"floor":14,"key":"Weak Potion"},{"floor":20,"key":"Energy Potion"},{"floor":21,"key":"Ancient Potion"},{"floor":28,"key":"Poison Potion"},{"floor":29,"key":"Block Potion"},{"floor":30,"key":"Swift Potion"},{"floor":36,"key":"SteroidPotion"}],"is_trial":false,"path_per_floor":["M","$","?","M","M","R","E","M","T","E","R","M","M","E","R","B",null,"M","$","M","M","?","R","E","?","T","R","M","M","E","M","R","B",null,"M","M","?","M","M"],"character_chosen":"DEFECT","items_purchased":["Mummified Hand","White Noise","Heatsinks"],"campfire_rested":3,"item_purchase_floors":[19,19,19],"current_hp_per_floor":[75,75,75,74,67,67,60,53,53,47,47,47,47,27,53,47,79,57,57,50,55,55,81,52,52,52,78,68,63,63,63,63,41,77,51,47,47,27,0],"gold":369,"neow_bonus":"RANDOM_COLORLESS_2","is_prod":false,"is_daily":false,"chose_seed":false,"campfire_upgraded":3,"win_rate":0,"timestamp":1544117982,"path_taken":["M","$","?","M","M","R","E","M","T","E","R","M","M","E","R","BOSS","M","$","M","M","?","R","E","?","T","R","M","?","E","M","R","BOSS","M","M","?","?","M"],"build_version":"2018-11-15","purchased_purges":1,"victory":false,"max_hp_per_floor":[75,75,75,75,75,75,89,89,89,89,89,89,89,89,89,89,89,89,89,89,89,89,89,89,89,89,89,89,89,89,89,89,89,89,89,89,89,89,89],"card_choices":[{"not_picked":["Steam","Go for the Eyes"],"picked":"Streamline","floor":1},{"not_picked":["Force Field","Redo"],"picked":"White Noise","floor":4},{"not_picked":["Hologram","Rebound"],"picked":"Cold Snap","floor":5},{"not_picked":["Rip and Tear","Scrape"],"picked":"Doom and Gloom","floor":7},{"not_picked":["Streamline","Recycle"],"picked":"FTL","floor":8},{"not_picked":["Sunder","Beam Cell"],"picked":"All For One","floor":10},{"not_picked":["Sweeping Beam","Gash"],"picked":"Leap","floor":12},{"not_picked":["Go for the Eyes","Streamline"],"picked":"Beam Cell","floor":13},{"not_picked":["Blizzard","Cold Snap"],"picked":"Machine Learning","floor":14},{"not_picked":["Leap","Compile Driver"],"picked":"Beam Cell","floor":15},{"not_picked":["Rainbow","Core Surge"],"picked":"Creative AI","floor":16},{"not_picked":["Defragment","Leap"],"picked":"Beam Cell","floor":17},{"not_picked":["Leap","Ball Lightning"],"picked":"Streamline","floor":17},{"not_picked":["Consume","Ball Lightning"],"picked":"Steam","floor":17},{"not_picked":["Beam Cell","Cold Snap"],"picked":"Seek","floor":17},{"not_picked":["Auto Shields","Rebound"],"picked":"Go for the Eyes","floor":17},{"not_picked":["Auto Shields","Sweeping Beam"],"picked":"Conserve Battery","floor":18},{"not_picked":["Streamline","Fusion"],"picked":"FTL","floor":20},{"not_picked":["Ball Lightning","Go for the Eyes"],"picked":"Stack+1","floor":21},{"not_picked":["Reinforced Body","Genetic Algorithm"],"picked":"Melter","floor":23},{"not_picked":["Scrape","Reboot"],"picked":"Consume+1","floor":24},{"not_picked":["Conserve Battery","Steam"],"picked":"Leap+1","floor":27},{"not_picked":["Steam","Turbo"],"picked":"Redo+1","floor":28},{"not_picked":["Leap","Melter","Cold Snap"],"picked":"SKIP","floor":29},{"not_picked":["Melter","Go for the Eyes"],"picked":"Loop","floor":30},{"not_picked":["Thunder Strike","Tempest"],"picked":"Gash","floor":31},{"not_picked":["Creative AI","Thunder Strike"],"picked":"Reboot","floor":33},{"not_picked":["Stack","Steam"],"picked":"Defragment+1","floor":35},{"not_picked":["Go for the Eyes","Genetic Algorithm+1","Streamline"],"picked":"SKIP","floor":36},{"not_picked":["Rip and Tear+1","Cold Snap"],"picked":"Heatsinks+1","floor":38}],"player_experience":396342,"relics_obtained":[{"floor":7,"key":"Mango"},{"floor":9,"key":"Mercury Hourglass"},{"floor":10,"key":"Dream Catcher"},{"floor":14,"key":"Meat on the Bone"},{"floor":24,"key":"Blue Candle"},{"floor":26,"key":"War Paint"},{"floor":30,"key":"Whetstone"}],"event_choices":[{"damage_healed":0,"gold_gain":54,"player_choice":"Gained Gold","damage_taken":0,"max_hp_gain":0,"max_hp_loss":0,"event_name":"Golden Wing","floor":3,"gold_loss":0},{"damage_healed":0,"gold_gain":0,"player_choice":"Simplicity","damage_taken":0,"max_hp_gain":0,"max_hp_loss":0,"event_name":"Back to Basics","floor":22,"gold_loss":0,"cards_upgraded":["Strike_B","Strike_B","Strike_B","Strike_B","Defend_B","Defend_B","Defend_B","Defend_B"]},{"damage_healed":0,"gold_gain":0,"player_choice":"Forge","damage_taken":0,"max_hp_gain":0,"max_hp_loss":0,"event_name":"Accursed Blacksmith","floor":25,"gold_loss":0,"cards_upgraded":["Seek"]},{"damage_healed":0,"gold_gain":0,"player_choice":"Ignored","damage_taken":0,"max_hp_gain":0,"max_hp_loss":0,"event_name":"SecretPortal","floor":37,"gold_loss":0}],"is_beta":false,"boss_relics":[{"not_picked":["Runic Pyramid","Inserter"],"picked":"Orrery"},{"not_picked":["Astrolabe","Velvet Choker"],"picked":"Black Star"}],"items_purged_floors":[2],"is_endless":false,"potions_floor_spawned":[5,7,8,10,12,14,20,21,28,29,30,36,38],"killed_by":"3 Darklings","ascension_level":5}