{"gold_per_floor":[116,128,203,203,203,203,225,241,265,281,281,295,295,314,314,415,415,426,426,441,452,134,134,146,146,146,146,165,145,165,165],"floor_reached":31,"playtime":1571,"items_purged":["Strike_R"],"score":229,"play_id":"b89627cc-7298-4076-b6ef-1ac2fe079a58","local_time":"20190110094124","is_ascension_mode":false,"campfire_choices":[{"data":"Demon Form","floor":6,"key":"SMITH"},{"data":"Bash","floor":11,"key":"SMITH"},{"data":"Power Through","floor":13,"key":"SMITH"},{"data":"Pummel","floor":15,"key":"SMITH"},{"floor":23,"key":"REST"},{"floor":25,"key":"REST"},{"data":"Armaments","floor":27,"key":"SMITH"}],"neow_cost":"NONE","seed_source_timestamp":976630366639076,"circlet_count":0,"master_deck":["Strike_R","Strike_R","Strike_R","Strike_R","Defend_R","Defend_R","Defend_R","Defend_R","Bash+1","Demon Form+1","Pummel+1","Carnage","Anger","Pommel Strike","Power Through+1","Feed","Iron Wave","Flame Barrier","Armaments+1","Whirlwind","Spot Weakness","Uppercut","Iron Wave"],"relics":["Burning Blood"],"potions_floor_usage":[7,16,16,16,21,30,30,30],"damage_taken":[{"damage":6,"enemies":"Jaw Worm","floor":1,"turns":5},{"damage":4,"enemies":"2 Louse","floor":2,"turns":3},{"damage":30,"enemies":"The Mushroom Lair","floor":7,"turns":5},{"damage":0,"enemies":"Cultist","floor":8,"turns":2},{"damage":11,"enemies":"Large Slime","floor":10,"turns":5},{"damage":9,"enemies":"3 Louse","floor":12,"turns":3},{"damage":0,"enemies":"2 Fungi Beasts","floor":14,"turns":3},{"damage":20,"enemies":"Hexaghost","floor":16,"turns":6},{"damage":41,"enemies":"Spheric Guardian","floor":18,"turns":6},{"damage":15,"enemies":"3 Byrds","floor":20,"turns":7},{"damage":45,"enemies":"Shelled Parasite and Fungi","floor":21,"turns":12},{"damage":33,"enemies":"Chosen and Byrds","floor":24,"turns":8},{"damage":30,"enemies":"Centurion and Healer","floor":28,"turns":10},{"damage":12,"enemies":"Snake Plant","floor":30,"turns":6},{"damage":18,"enemies":"Chosen and Byrds","floor":31,"turns":6}],"seed_played":"-3961581693374904795","potions_obtained":[{"floor":1,"key":"Explosive Potion"},{"floor":8,"key":"Swift Potion"},{"floor":10,"key":"SkillPotion"},{"floor":12,"key":"Poison Potion"},{"floor":18,"key":"BloodPotion"},{"floor":20,"key":"Explosive Potion"},{"floor":29,"key":"Block Potion"}],"is_trial":false,"path_per_floor":["M","M","?","?","?","R","?","M","T","M","R","M","R","M","R","B",null,"M","?","M","M","$","R","M","R","T","R","M","?","M","M"],"character_chosen":"IRONCLAD","items_purchased":["Flame Barrier","Armaments","Whirlwind","BloodPotion"],"campfire_rested":2,"item_purchase_floors":[22,22,22,22],"current_hp_per_floor":[80,80,69,69,69,69,45,51,51,46,46,43,43,49,49,35,80,48,48,42,14,14,40,13,39,39,39,15,15,17,0],"gold":165,"neow_bonus":"ONE_RANDOM_RARE_CARD","is_prod":false,"is_daily":false,"chose_seed":false,"campfire_upgraded":5,"win_rate":0,"timestamp":1547131284,"path_taken":["M","M","?","?","?","R","?","M","T","M","R","M","R","M","R","BOSS","M","?","M","M","$","R","M","R","T","R","M","?","M","?"],"build_version":"2019-01-03v4","purchased_purges":1,"victory":false,"max_hp_per_floor":[80,80,80,80,80,80,80,80,80,80,80,80,80,80,80,80,80,83,83,86,89,89,89,89,89,89,89,89,89,89,89],"card_choices":[{"not_picked":["Perfected Strike","Hemokinesis"],"picked":"Pummel","floor":1},{"not_picked":["Pummel","Thunderclap"],"picked":"Carnage","floor":2},{"not_picked":["Rage","Flex"],"picked":"Anger","floor":7},{"not_picked":["Havoc","Perfected Strike","Sentinel"],"picked":"SKIP","floor":8},{"not_picked":["Thunderclap","Wild Strike"],"picked":"Pommel Strike","floor":10},{"not_picked":["Rage","Wild Strike"],"picked":"Power Through","floor":12},{"not_picked":["Reckless Charge","Combust","Warcry"],"picked":"SKIP","floor":14},{"not_picked":["Juggernaut","Impervious"],"picked":"Feed","floor":16},{"not_picked":["Clash","Flex+1"],"picked":"Iron Wave","floor":18},{"not_picked":["Havoc","Fire Breathing","Pummel"],"picked":"SKIP","floor":20},{"not_picked":["Demon Form","Perfected Strike","Heavy Blade"],"picked":"SKIP","floor":21},{"not_picked":["Perfected Strike","Evolve"],"picked":"Spot Weakness","floor":24},{"not_picked":["Heavy Blade","Havoc"],"picked":"Uppercut","floor":28},{"not_picked":["Burning Pact","Feel No Pain"],"picked":"Iron Wave","floor":30}],"player_experience":436958,"relics_obtained":[],"event_choices":[{"damage_healed":0,"gold_gain":75,"player_choice":"Gather Gold","damage_taken":11,"max_hp_gain":0,"max_hp_loss":0,"event_name":"World of Goop","floor":3,"gold_loss":0},{"damage_healed":0,"gold_gain":0,"player_choice":"Fled","damage_taken":0,"max_hp_gain":0,"max_hp_loss":0,"event_name":"Scrap Ooze","floor":4,"gold_loss":0},{"damage_healed":0,"gold_gain":0,"player_choice":"Ignored","damage_taken":0,"max_hp_gain":0,"max_hp_loss":0,"event_name":"Liars Game","floor":5,"gold_loss":0},{"damage_healed":0,"gold_gain":0,"player_choice":"Fought Mushrooms","damage_taken":0,"max_hp_gain":0,"max_hp_loss":0,"event_name":"Mushrooms","floor":7,"gold_loss":0},{"damage_healed":0,"gold_gain":0,"player_choice":"Ignored","damage_taken":0,"max_hp_gain":0,"max_hp_loss":0,"event_name":"Cursed Tome","floor":19,"gold_loss":0},{"damage_healed":0,"gold_gain":0,"player_choice":"Bought 1 Potion","damage_taken":0,"max_hp_gain":0,"max_hp_loss":0,"event_name":"The Woman in Blue","floor":29,"gold_loss":0}],"is_beta":false,"boss_relics":[{"not_picked":["Tiny House","Orrery","Runic Pyramid"]}],"items_purged_floors":[22],"is_endless":false,"potions_floor_spawned":[1,8,10,12,18,20],"killed_by":"Chosen and Byrds","ascension_level":0}