{"gold_per_floor":[111,186,62,62,81,111,130,140,140,158,158,175,206,206],"floor_reached":14,"playtime":423,"items_purged":["Strike_B"],"score":216,"play_id":"71acc6fe-5c27-4dcc-bda5-8c6d1ce16f9d","local_time":"20190101162544","is_ascension_mode":true,"campfire_choices":[{"data":"Defragment","floor":11,"key":"SMITH"}],"neow_cost":"NONE","seed_source_timestamp":771125106054575,"circlet_count":0,"master_deck":["AscendersBane","Strike_B","Strike_B","Strike_B","Defend_B","Defend_B","Defend_B+1","Defend_B","Zap+1","Dualcast","Gash","Gash","Streamline","Defragment+1","Coolheaded","Skim","Hyperbeam","Coolheaded"],"relics":["Cracked Core","NeowsBlessing","War Paint","Pear","Gambling Chip"],"potions_floor_usage":[13],"damage_taken":[{"damage":0,"enemies":"Jaw Worm","floor":1,"turns":1},{"damage":0,"enemies":"Small Slimes","floor":5,"turns":1},{"damage":0,"enemies":"Lagavulin","floor":6,"turns":1},{"damage":0,"enemies":"2 Louse","floor":7,"turns":2},{"damage":4,"enemies":"Red Slaver","floor":8,"turns":3},{"damage":4,"enemies":"Gremlin Gang","floor":10,"turns":5},{"damage":20,"enemies":"Exordium Wildlife","floor":12,"turns":5},{"damage":36,"enemies":"Gremlin Nob","floor":13,"turns":4},{"damage":7,"enemies":"2 Fungi Beasts","floor":14,"turns":1}],"seed_played":"-3786323416325440869","potions_obtained":[{"floor":5,"key":"LiquidBronze"},{"floor":10,"key":"Swift Potion"}],"is_trial":false,"path_per_floor":["M","?","$","?","M","E","M","M","T","M","R","M","E","M"],"character_chosen":"DEFECT","items_purchased":["Gash"],"campfire_rested":0,"item_purchase_floors":[3],"current_hp_per_floor":[64,53,53,58,58,58,58,54,64,60,60,40,4,0],"gold":206,"neow_bonus":"THREE_ENEMY_KILL","is_prod":false,"is_daily":false,"chose_seed":false,"campfire_upgraded":1,"win_rate":0,"timestamp":1546381544,"path_taken":["M","?","$","?","M","E","M","M","T","M","R","M","E","M"],"build_version":"2018-12-20","purchased_purges":1,"victory":false,"max_hp_per_floor":[71,71,71,76,76,76,76,76,86,86,86,86,86,86],"card_choices":[{"not_picked":["Cold Snap","Turbo"],"picked":"Gash","floor":1},{"not_picked":["Rebound","Double Energy"],"picked":"Streamline","floor":5},{"not_picked":["Melter","Redo","Sunder"],"picked":"SKIP","floor":6},{"not_picked":["Chaos","Biased Cognition"],"picked":"Defragment","floor":7},{"not_picked":["Redo","Conserve Battery"],"picked":"Coolheaded","floor":8},{"not_picked":["Turbo","Conserve Battery"],"picked":"Skim","floor":10},{"not_picked":["Heatsinks","Stack"],"picked":"Hyperbeam","floor":12},{"not_picked":["Redo","Doom and Gloom"],"picked":"Coolheaded","floor":13}],"player_experience":355888,"relics_obtained":[{"floor":6,"key":"War Paint"},{"floor":9,"key":"Pear"},{"floor":13,"key":"Gambling Chip"}],"event_choices":[{"damage_healed":0,"gold_gain":75,"player_choice":"Gather Gold","damage_taken":11,"max_hp_gain":0,"max_hp_loss":0,"event_name":"World of Goop","floor":2,"gold_loss":0},{"damage_healed":0,"gold_gain":0,"player_choice":"Donut","damage_taken":0,"max_hp_gain":5,"max_hp_loss":0,"event_name":"Big Fish","floor":4,"gold_loss":0}],"is_beta":false,"boss_relics":[],"items_purged_floors":[3],"is_endless":false,"potions_floor_spawned":[5,10],"killed_by":"2 Fungi Beasts","ascension_level":14}