{"path_per_floor":["M","?","M","?","M","R","E","M","T","E","$","M"],"character_chosen":"DEFECT","items_purchased":["Master of Strategy","Beam Cell"],"gold_per_floor":[212,172,184,184,197,197,224,238,238,264,58,69,69],"floor_reached":13,"campfire_rested":0,"playtime":384,"item_purchase_floors":[11,11],"current_hp_per_floor":[73,73,72,72,72,72,35,24,24,10,10,2,0],"items_purged":[],"gold":69,"score":114,"play_id":"976dd97d-0eac-4683-bf6c-d30ebf24d6e8","local_time":"20180601163740","is_prod":false,"is_daily":false,"chose_seed":false,"is_ascension_mode":true,"campfire_upgraded":1,"win_rate":0,"timestamp":1527885460,"campfire_choices":[{"data":"Chaos","floor":6,"key":"SMITH"}],"path_taken":["M","?","M","?","?","R","E","M","T","E","$","M","E"],"build_version":"2018-05-30v2","seed_source_timestamp":356760864633390,"purchased_purges":0,"victory":false,"master_deck":["Strike_B","Strike_B","Strike_B","Defend_B","Defend_B","Defend_B","Defend_B","Zap","Dualcast","Turbo","Darkness","Chaos+1","Barrage","Loop","Redo","White Noise","Master of Strategy","Beam Cell","Consume"],"max_hp_per_floor":[75,75,75,75,75,75,75,75,75,75,75,75,75],"relics":["Cracked Core","Orichalcum","Regal Pillow","Matryoshka"],"card_choices":[{"not_picked":["Hologram","Force Field"],"picked":"Turbo","floor":1},{"not_picked":["Stack","Chaos"],"picked":"Darkness","floor":3},{"not_picked":["Turbo","Stack"],"picked":"Barrage","floor":5},{"not_picked":["Sweeping Beam","Stack"],"picked":"Loop","floor":7},{"not_picked":["Stack","Capacitor"],"picked":"Redo","floor":8},{"not_picked":["Coolheaded","Redo"],"picked":"White Noise","floor":10},{"not_picked":["Meteor Strike","Hologram"],"picked":"Consume","floor":12}],"player_experience":244665,"potions_floor_usage":[7,10,13],"damage_taken":[{"damage":2,"enemies":"Jaw Worm","floor":1,"turns":3},{"damage":1,"enemies":"Cultist","floor":3,"turns":3},{"damage":0,"enemies":"2 Louse","floor":5,"turns":1},{"damage":37,"enemies":"Lagavulin","floor":7,"turns":6},{"damage":11,"enemies":"Blue Slaver","floor":8,"turns":3},{"damage":14,"enemies":"Gremlin Nob","floor":10,"turns":3},{"damage":18,"enemies":"Exordium Thugs","floor":12,"turns":4},{"damage":14,"enemies":"Lagavulin","floor":13,"turns":3}],"relics_obtained":[{"floor":7,"key":"Orichalcum"},{"floor":9,"key":"Regal Pillow"},{"floor":10,"key":"Matryoshka"}],"event_choices":[{"event_name":"The Woman in Blue","player_choice":"Bought 3 Potions","floor":2,"damage_taken":0},{"event_name":"Transmorgrifier","player_choice":"Transform","floor":4,"damage_taken":0}],"boss_relics":[],"items_purged_floors":[],"potions_floor_spawned":[3,8],"seed_played":"-3509854985348318530","killed_by":"Lagavulin","ascension_level":4,"potions_obtained":[{"floor":2,"key":"Ancient Potion"},{"floor":2,"key":"FairyPotion"},{"floor":2,"key":"AttackPotion"},{"floor":3,"key":"Energy Potion"},{"floor":8,"key":"PowerPotion"}],"is_trial":false}