{"gold_per_floor":[118,193,158,158,171,185,197,46,46,46,72,72,90,106,106,106],"floor_reached":16,"playtime":623,"items_purged":[],"score":102,"play_id":"c3e79643-52bd-45c5-ae78-9200af11e1b0","local_time":"20190211165954","is_ascension_mode":false,"campfire_choices":[{"data":"Phantasmal Killer","floor":10,"key":"SMITH"},{"floor":12,"key":"REST"},{"floor":15,"key":"REST"}],"neow_cost":"CURSE","seed_source_timestamp":179322131090096,"circlet_count":0,"master_deck":["Defend_G","Defend_G","Defend_G","Defend_G","Defend_G","Strike_G+1","Strike_G","Strike_G","Strike_G","Strike_G","Survivor","Neutralize","Phantasmal Killer+1","Poisoned Stab+1","Dodge and Roll","Footwork"],"relics":["Ring of the Snake","Anchor","Whetstone","Letter Opener"],"potions_floor_usage":[7,16],"damage_taken":[{"damage":0,"enemies":"Small Slimes","floor":1,"turns":2},{"damage":2,"enemies":"Jaw Worm","floor":5,"turns":5},{"damage":1,"enemies":"Cultist","floor":6,"turns":5},{"damage":8,"enemies":"3 Louse","floor":7,"turns":9},{"damage":51,"enemies":"3 Sentries","floor":11,"turns":16},{"damage":4,"enemies":"Exordium Wildlife","floor":13,"turns":6},{"damage":0,"enemies":"2 Fungi Beasts","floor":14,"turns":4},{"damage":47,"enemies":"Slime Boss","floor":16,"turns":11}],"seed_played":"8298574116574871364","potions_obtained":[{"floor":6,"key":"Dexterity Potion"},{"floor":7,"key":"Weak Potion"}],"is_trial":false,"path_per_floor":["M","?","?","?","M","M","M","$","T","R","E","R","M","M","R","B"],"character_chosen":"THE_SILENT","items_purchased":["Anchor"],"campfire_rested":2,"item_purchase_floors":[8],"current_hp_per_floor":[70,59,70,63,61,60,52,52,52,52,1,22,18,18,39,0],"gold":106,"neow_bonus":"THREE_RARE_CARDS","is_prod":false,"is_daily":false,"chose_seed":false,"campfire_upgraded":1,"win_rate":0,"timestamp":1549922394,"path_taken":["M","?","?","?","M","M","?","?","T","R","E","R","M","M","R","BOSS"],"build_version":"2019-01-23","purchased_purges":0,"victory":false,"max_hp_per_floor":[70,70,70,70,70,70,70,70,70,70,70,70,70,70,70,70],"card_choices":[{"not_picked":["Wraith Form v2","Adrenaline"],"picked":"Phantasmal Killer","floor":0},{"not_picked":["Flying Knee","Acrobatics"],"picked":"Poisoned Stab","floor":1},{"not_picked":["PiercingWail","Well Laid Plans"],"picked":"Dodge and Roll","floor":5},{"not_picked":["Accuracy","Quick Slash"],"picked":"Footwork","floor":6},{"not_picked":["Prepared","Riddle With Holes","Outmaneuver"],"picked":"SKIP","floor":7},{"not_picked":["All Out Attack","Deflect","Glass Knife"],"picked":"SKIP","floor":11},{"not_picked":["Well Laid Plans","Flechettes","Flying Knee"],"picked":"SKIP","floor":13},{"not_picked":["Acrobatics","Dagger Spray","Dash"],"picked":"SKIP","floor":14}],"player_experience":651697,"relics_obtained":[{"floor":9,"key":"Whetstone"},{"floor":11,"key":"Letter Opener"}],"event_choices":[{"damage_healed":0,"gold_gain":75,"player_choice":"Gather Gold","damage_taken":11,"max_hp_gain":0,"max_hp_loss":0,"event_name":"World of Goop","floor":2,"gold_loss":0},{"damage_healed":17,"gold_gain":0,"player_choice":"Healed","damage_taken":0,"max_hp_gain":0,"max_hp_loss":0,"event_name":"The Cleric","floor":3,"gold_loss":35},{"cards_removed":["Injury"],"damage_healed":0,"gold_gain":0,"player_choice":"Card Removal","damage_taken":7,"max_hp_gain":0,"max_hp_loss":0,"event_name":"Golden Wing","floor":4,"gold_loss":0}],"is_beta":false,"boss_relics":[],"items_purged_floors":[],"is_endless":false,"potions_floor_spawned":[6,7],"killed_by":"Slime Boss","ascension_level":0}