{"path_per_floor":["M","M","?","M","M","E","R","E","T","M","R","M","$","M","R","B",null,"M","?","?","M","?","R","E","R","T","R","?","E","?","M","R"],"character_chosen":"THE_SILENT","items_purchased":["Adrenaline","Sucker Punch"],"gold_per_floor":[115,131,131,144,110,144,144,174,174,189,189,199,31,46,46,144,144,160,160,160,178,93,93,127,127,177,177,177,208,208,227,227],"floor_reached":33,"campfire_rested":3,"playtime":3534,"current_hp_per_floor":[70,67,67,67,60,39,39,11,18,18,18,13,13,13,36,26,77,75,75,75,64,64,64,17,17,17,40,40,15,15,4,27],"items_purged":[],"gold":227,"play_id":"64ac9907-cc3c-4138-95dd-6efca8762d37","is_prod":false,"is_daily":false,"is_ascension_mode":false,"campfire_upgraded":4,"path_taken":["M","M","?","M","M","E","R","E","T","M","R","M","?","M","R","BOSS","M","?","?","M","?","R","E","R","T","R","?","E","?","M","R","BOSS"],"build_version":"2018-01-25-PROD3","purchased_purges":0,"victory":false,"master_deck":["Defend_G","Defend_G","Defend_G","Defend_G","Strike_G","Strike_G","Strike_G","Strike_G","Survivor","Neutralize+1","Sucker Punch+1","Footwork+1","PiercingWail","Backflip","Masterful Stab","Wraith Form","Footwork","Well Laid Plans","Adrenaline","Sucker Punch","Prepared","Envenom+1","Backstab+1","Dagger Throw","Leg Sweep+1","Bullet Time","Infinite Blades"],"max_hp_per_floor":[70,70,70,70,70,70,70,70,77,77,77,77,77,77,77,77,77,77,77,77,77,77,77,77,77,77,77,77,77,77,77,77],"relics":["Ring of the Snake","Lantern","Unceasing Top","Strawberry","The Specimen","Orichalcum","Omamori","Bag of Preparation","Ancient Tea Set","Girya"],"card_choices":[{"not_picked":["Bane","Prepared"],"picked":"Sucker Punch"},{"not_picked":["Outmaneuver","Quick Slash"],"picked":"Footwork"},{"not_picked":["Prepared","Outmaneuver"],"picked":"PiercingWail"},{"not_picked":["Catalyst","PiercingWail"],"picked":"Backflip"},{"not_picked":["Outmaneuver","Deadly Poison"],"picked":"Masterful Stab"},{"not_picked":["Terror","Sucker Punch"],"picked":"Wraith Form"},{"not_picked":["Choke","Flechettes"],"picked":"Footwork"},{"not_picked":["Dodge and Roll","Slice"],"picked":"Well Laid Plans"},{"not_picked":["Quick Slash","PiercingWail"],"picked":"Prepared"},{"not_picked":["Adrenaline","Tools of the Trade"],"picked":"Envenom"},{"not_picked":["Acrobatics","Deflect"],"picked":"Backstab"},{"not_picked":["Catalyst","Dodge and Roll"],"picked":"Dagger Throw"},{"not_picked":["Masterful Stab","Unload"],"picked":"Leg Sweep"},{"not_picked":["Deflect","Bouncing Flask"],"picked":"Bullet Time"},{"not_picked":["Deadly Poison","Dagger Throw"],"picked":"Infinite Blades"}],"player_experience":54432,"potions_floor_usage":[4,6,6,31,33],"damage_taken":[{"damage":0,"enemies":"2 Louse","floor":1,"turns":3},{"damage":3,"enemies":"Small Slimes","floor":2,"turns":4},{"damage":0,"enemies":"Cultist","floor":4,"turns":4},{"damage":7,"enemies":"Exordium Thugs","floor":5,"turns":6},{"damage":21,"enemies":"3 Sentries","floor":6,"turns":10},{"damage":28,"enemies":"Gremlin Nob","floor":8,"turns":6},{"damage":0,"enemies":"3 Louse","floor":10,"turns":3},{"damage":5,"enemies":"Red Slaver","floor":12,"turns":7},{"damage":0,"enemies":"Large Slime","floor":14,"turns":6},{"damage":10,"enemies":"Hexaghost","floor":16,"turns":14},{"damage":2,"enemies":"Spheric Guardian","floor":18,"turns":6},{"damage":11,"enemies":"Chosen","floor":21,"turns":7},{"damage":47,"enemies":"Book of Stabbing","floor":24,"turns":11},{"damage":25,"enemies":"Slavers","floor":29,"turns":15},{"damage":11,"enemies":"Snecko","floor":31,"turns":8},{"damage":44,"enemies":"Automaton","floor":33,"turns":12}],"event_choices":[{"event_name":"Golden Wing","player_choice":"Ignored","floor":3,"damage_taken":0},{"event_name":"Vampires","player_choice":"Ignored","floor":19,"damage_taken":0},{"event_name":"Purifier","player_choice":"One Purge","floor":20,"damage_taken":0},{"event_name":"Addict","player_choice":"Obtained Relic","floor":22,"damage_taken":0},{"event_name":"Beggar","player_choice":"Ignored","floor":28,"damage_taken":0},{"event_name":"The Mausoleum","player_choice":"Yes","floor":30,"damage_taken":0}],"boss_relics":[{"not_picked":["Black Star","Runic Dome"],"picked":"The Specimen"}],"potions_floor_spawned":[1,4,5,10,31],"seed_played":"-6264548016610930431","killed_by":"Automaton","ascension_level":0,"is_trial":false}