{"path_per_floor":["M","M","M","M","?","E","R","E","T","M","M","R","M","?","R","B",null,"M","?","M","M"],"character_chosen":"THE_SILENT","items_purchased":[],"gold_per_floor":[10,23,41,51,151,210,210,238,238,250,266,266,278,278,278,397,397,380,380,399,414,414],"floor_reached":22,"campfire_rested":1,"playtime":2118,"current_hp_per_floor":[75,75,75,73,73,56,56,50,50,47,37,37,37,37,62,31,71,56,56,54,14,0],"items_purged":[],"gold":414,"score":260,"play_id":"37ceb676-b187-4896-9a74-c254ea5f2fef","local_time":"20180428082405","is_prod":false,"is_daily":false,"chose_seed":false,"is_ascension_mode":true,"campfire_upgraded":2,"timestamp":1524929045,"path_taken":["M","M","M","M","?","E","R","E","T","?","M","R","M","?","R","BOSS","M","?","?","M","?"],"build_version":"2018-04-26","seed_source_timestamp":603536198218873,"purchased_purges":0,"victory":false,"master_deck":["Defend_G","Defend_G+1","Defend_G","Defend_G+1","Defend_G","Strike_G","Strike_G","Strike_G","Strike_G","Survivor","Neutralize+1","Backflip","Dagger Throw","Cloak And Dagger","Predator+1","Flying Knee","Leg Sweep","Tools of the Trade","Reflex","Injury","Bullet Time","Normality","Regret","Writhe","Escape Plan","Well Laid Plans"],"max_hp_per_floor":[84,84,84,84,84,84,84,84,84,84,84,84,84,84,84,84,84,84,84,84,84,84],"relics":["Ring of the Snake","Tiny Chest","Blue Candle","Bottled Flame","Golden Idol","Calling Bell","War Paint","Toolbox","Torii"],"card_choices":[{"not_picked":["Acrobatics","Dagger Spray"],"picked":"Backflip","floor":1},{"not_picked":["Masterful Stab","PiercingWail"],"picked":"Dagger Throw","floor":2},{"not_picked":["Masterful Stab","Poisoned Stab"],"picked":"Cloak And Dagger","floor":3},{"not_picked":["Escape Plan","Deadly Poison"],"picked":"Predator","floor":4},{"not_picked":["Catalyst","Bane"],"picked":"Flying Knee","floor":6},{"not_picked":["PiercingWail","Backflip"],"picked":"Leg Sweep","floor":8},{"not_picked":["Acrobatics","Dagger Spray"],"picked":"Tools of the Trade","floor":11},{"not_picked":["Dagger Throw","Sucker Punch"],"picked":"Reflex","floor":13},{"not_picked":["Corpse Explosion","Grand Finale"],"picked":"Bullet Time","floor":16},{"not_picked":["Dagger Spray","Terror"],"picked":"Escape Plan","floor":18}],"player_experience":162549,"potions_floor_usage":[8,8,16,16,16],"damage_taken":[{"damage":2,"enemies":"2 Louse","floor":1,"turns":4},{"damage":0,"enemies":"Cultist","floor":2,"turns":4},{"damage":0,"enemies":"Small Slimes","floor":3,"turns":3},{"damage":2,"enemies":"3 Louse","floor":4,"turns":4},{"damage":17,"enemies":"3 Sentries","floor":6,"turns":7},{"damage":6,"enemies":"Gremlin Nob","floor":8,"turns":3},{"damage":3,"enemies":"Looter","floor":10,"turns":3},{"damage":10,"enemies":"Lots of Slimes","floor":11,"turns":6},{"damage":0,"enemies":"Blue Slaver","floor":13,"turns":3},{"damage":31,"enemies":"Slime Boss","floor":16,"turns":10},{"damage":15,"enemies":"2 Thieves","floor":18,"turns":4},{"damage":2,"enemies":"Chosen","floor":20,"turns":6},{"damage":40,"enemies":"3 Cultists","floor":21,"turns":10},{"damage":18,"enemies":"Snake Plant","floor":22,"turns":3}],"event_choices":[{"event_name":"Golden Shrine","player_choice":"Pray","floor":5,"damage_taken":0},{"event_name":"Golden Idol","player_choice":"Take Wound","floor":14,"damage_taken":0},{"event_name":"Transmorgrifier","player_choice":"Transform","floor":19,"damage_taken":0}],"boss_relics":[{"not_picked":["Sozu","Tiny House"],"picked":"Calling Bell"}],"potions_floor_spawned":[2,6,8,10,11],"seed_played":"-7561997876604510640","killed_by":"Snake Plant","ascension_level":6,"is_trial":false}