{"path_per_floor":["M","M","M","?","T","E","M","E","T","R","E","M","$","?","R","B",null,"M","?","M","$","?","E","M","E","T","?","M","$","?","M","R","B",null,"M","?","?","M","M","E","$","?","T","M","E","?","R","M","R","B"],"character_chosen":"IRONCLAD","items_purchased":["Mummified Hand","Shrug It Off","Kunai","Bottled Lightning","Ancient Tea Set","Offering","Bag of Marbles","Oddly Smooth Stone","Panache","Flex+1"],"gold_per_floor":[144,189,234,234,234,324,369,459,459,459,549,594,297,297,297,597,597,642,642,687,187,187,277,322,412,437,362,407,104,19,64,64,364,454,499,499,529,574,619,709,169,169,169,214,304,304,304,349,349,349],"floor_reached":51,"campfire_rested":5,"playtime":2816,"item_purchase_floors":[13,13,21,21,29,29,41,41,41,41],"current_hp_per_floor":[80,80,80,80,80,80,80,72,72,80,55,56,56,61,85,81,85,63,63,70,70,70,72,85,85,85,85,85,85,85,85,85,83,90,88,88,80,90,90,82,82,82,82,90,90,79,90,88,90,29],"items_purged":[],"gold":349,"score":1165,"play_id":"e8c79c75-3964-451b-bb0c-b99bd8aaf36a","local_time":"20180528230847","daily_mods":["Heirloom","Midas","Hoarder"],"is_prod":false,"is_daily":true,"chose_seed":false,"is_ascension_mode":false,"campfire_upgraded":0,"win_rate":0,"timestamp":1527574127,"campfire_choices":[{"floor":10,"key":"REST"},{"floor":15,"key":"REST"},{"floor":32,"key":"REST"},{"floor":47,"key":"REST"},{"floor":49,"key":"REST"}],"path_taken":["M","M","M","?","?","E","?","E","T","R","E","?","$","?","R","BOSS","M","?","M","$","?","E","M","E","T","?","M","$","?","?","R","BOSS","M","?","?","M","M","E","$","?","T","M","E","?","R","M","R","BOSS"],"build_version":"2018-05-27","seed_source_timestamp":17430273392236,"purchased_purges":0,"victory":true,"master_deck":["Strike_R","Strike_R","Strike_R","Defend_R","Defend_R","Defend_R","Defend_R","Bash","Pommel Strike","Pommel Strike","Pommel Strike","Twin Strike","Twin Strike","Twin Strike","Intimidate+1","Intimidate","Intimidate","Thunderclap","Thunderclap","Thunderclap","Inflame","Inflame","Inflame","Seeing Red","Seeing Red+1","Seeing Red","Ghostly Armor","Ghostly Armor","Ghostly Armor","Pommel Strike","Pommel Strike","Pommel Strike","Shrug It Off","Shrug It Off","Shrug It Off","Reaper","Reaper","Shockwave+1","Shockwave+1","Shockwave+1","Metallicize","Metallicize","Metallicize","Ghostly Armor","Ghostly Armor+1","Ghostly Armor","Sword Boomerang","Sword Boomerang","Sword Boomerang","Shrug It Off+1","Shrug It Off+1","Shrug It Off+1","Limit Break","Limit Break","Limit Break","Offering","Offering","Offering","Flex+1","Flex+1","Flex+1","Sword Boomerang+1","Sword Boomerang+1","Sword Boomerang+1","Offering","Offering","Offering","Heavy Blade+1","Heavy Blade+1","Heavy Blade+1","Flex+1","Flex+1","Flex+1","Panache","Panache","Panache","Panache","Panache","Panache","Flex+1","Flex+1","Flex+1","Pummel+1","Pummel+1","Pummel+1","Pommel Strike+1","Pommel Strike+1","Pommel Strike+1","Madness+1","Madness+1","Madness+1","Madness+1","Madness+1","Madness+1","Demon Form","Demon Form","Demon Form"],"max_hp_per_floor":[80,80,80,80,80,80,80,80,80,80,80,80,80,85,85,85,85,85,85,85,85,85,85,85,85,85,85,85,85,85,85,85,85,90,90,90,90,90,90,90,90,90,90,90,90,90,90,90,90,90],"relics":["Burning Blood","Ginger","Paper Frog","Dream Catcher","Bottled Flame","Matryoshka","Smiling Mask","Mummified Hand","Black Star","Kunai","Bottled Lightning","Self Forming Clay","Toolbox","War Paint","Bronze Scales","Molten Egg 2","Anchor","Ancient Tea Set","Potion Belt","Tiny House","Champion Belt","Pantograph","Toxic Egg 2","Bag of Marbles","Oddly Smooth Stone","Art of War","Centennial Puzzle","Omamori","Bag of Preparation"],"card_choices":[{"not_picked":["Clothesline","Flame Barrier"],"picked":"Pommel Strike","floor":1},{"not_picked":["Burning Pact","Flame Barrier","Blood for Blood"],"picked":"SKIP","floor":2},{"not_picked":["Dual Wield","Carnage"],"picked":"Twin Strike","floor":3},{"not_picked":["Anger","Pommel Strike"],"picked":"Intimidate","floor":6},{"not_picked":["Havoc","Sword Boomerang"],"picked":"Thunderclap","floor":7},{"not_picked":["Intimidate","Body Slam"],"picked":"Inflame","floor":8},{"not_picked":["Combust","Rupture"],"picked":"Seeing Red","floor":10},{"not_picked":["Flame Barrier","Flex"],"picked":"Ghostly Armor","floor":11},{"not_picked":["Perfected Strike","Seeing Red"],"picked":"Pommel Strike","floor":12},{"not_picked":["Impervious","Juggernaut"],"picked":"Reaper","floor":16},{"not_picked":["Clash","Body Slam"],"picked":"Shockwave+1","floor":18},{"not_picked":["Disarm","Warcry"],"picked":"Ghostly Armor","floor":20},{"not_picked":["Shockwave","Headbutt"],"picked":"Sword Boomerang","floor":23},{"not_picked":["Pommel Strike","Pummel"],"picked":"Shrug It Off+1","floor":24},{"not_picked":["Combust","Rampage+1"],"picked":"Limit Break","floor":25},{"not_picked":["Anger+1","Body Slam+1","Wild Strike+1"],"picked":"SKIP","floor":28},{"not_picked":["Combust","Armaments"],"picked":"Flex+1","floor":31},{"not_picked":["Seeing Red","Shrug It Off"],"picked":"Sword Boomerang+1","floor":32},{"not_picked":["Barricade","Brutality"],"picked":"Offering","floor":33},{"not_picked":["Twin Strike+1","Warcry"],"picked":"Heavy Blade+1","floor":34},{"not_picked":["Fiend Fire+1","Cleave+1"],"picked":"Flex+1","floor":35},{"not_picked":["Jack Of All Trades","Bandage Up"],"picked":"Panache","floor":36},{"not_picked":["Blood for Blood+1","Clothesline+1","Anger+1"],"picked":"SKIP","floor":38},{"not_picked":["Anger+1","Dual Wield","Wild Strike+1"],"picked":"SKIP","floor":39},{"not_picked":["Clash+1","Warcry+1","Battle Trance+1"],"picked":"SKIP","floor":40},{"not_picked":["Fire Breathing+1","Sever Soul+1"],"picked":"Pummel+1","floor":44},{"not_picked":["Entrench+1","Shrug It Off+1"],"picked":"Pommel Strike+1","floor":45},{"not_picked":["Clash+1","Seeing Red+1","Rampage+1"],"picked":"SKIP","floor":48},{"not_picked":["Twin Strike+1","Thunderclap+1"],"picked":"Demon Form","floor":49}],"player_experience":130025,"potions_floor_usage":[16,23,44,45,50,50,50,50],"damage_taken":[{"damage":0,"enemies":"2 Louse","floor":1,"turns":2},{"damage":1,"enemies":"Cultist","floor":2,"turns":3},{"damage":6,"enemies":"Jaw Worm","floor":3,"turns":3},{"damage":6,"enemies":"Gremlin Nob","floor":6,"turns":3},{"damage":6,"enemies":"Exordium Thugs","floor":7,"turns":4},{"damage":14,"enemies":"3 Sentries","floor":8,"turns":4},{"damage":31,"enemies":"Lagavulin","floor":11,"turns":6},{"damage":5,"enemies":"Lots of Slimes","floor":12,"turns":4},{"damage":10,"enemies":"The Guardian","floor":16,"turns":10},{"damage":28,"enemies":"Shell Parasite","floor":18,"turns":6},{"damage":7,"enemies":"3 Byrds","floor":20,"turns":5},{"damage":54,"enemies":"Slavers","floor":23,"turns":7},{"damage":6,"enemies":"3 Cultists","floor":24,"turns":4},{"damage":15,"enemies":"Gremlin Leader","floor":25,"turns":6},{"damage":6,"enemies":"Centurion and Healer","floor":28,"turns":4},{"damage":4,"enemies":"Snecko","floor":31,"turns":4},{"damage":8,"enemies":"Collector","floor":33,"turns":3},{"damage":8,"enemies":"3 Darklings","floor":35,"turns":2},{"damage":14,"enemies":"Mysterious Sphere","floor":37,"turns":3},{"damage":3,"enemies":"3 Shapes","floor":38,"turns":3},{"damage":4,"enemies":"Spire Growth","floor":39,"turns":2},{"damage":14,"enemies":"Giant Head","floor":40,"turns":5},{"damage":20,"enemies":"Transient","floor":44,"turns":5},{"damage":4,"enemies":"2 Orb Walkers","floor":45,"turns":3},{"damage":8,"enemies":"Flame Bruiser 2 Orb","floor":48,"turns":1},{"damage":96,"enemies":"Time Eater","floor":50,"turns":8}],"relics_obtained":[{"floor":5,"key":"Paper Frog"},{"floor":6,"key":"Dream Catcher"},{"floor":8,"key":"Bottled Flame"},{"floor":9,"key":"Matryoshka"},{"floor":11,"key":"Smiling Mask"},{"floor":23,"key":"Self Forming Clay"},{"floor":23,"key":"Toolbox"},{"floor":25,"key":"War Paint"},{"floor":25,"key":"Bronze Scales"},{"floor":26,"key":"Molten Egg 2"},{"floor":26,"key":"Anchor"},{"floor":37,"key":"Champion Belt"},{"floor":40,"key":"Pantograph"},{"floor":40,"key":"Toxic Egg 2"},{"floor":43,"key":"Art of War"},{"floor":43,"key":"Centennial Puzzle"},{"floor":45,"key":"Omamori"},{"floor":45,"key":"Bag of Preparation"}],"event_choices":[{"event_name":"Purifier","player_choice":"One Purge","floor":4,"damage_taken":0},{"event_name":"Big Fish","player_choice":"Donut","floor":14,"damage_taken":0},{"event_name":"The Library","player_choice":"Read","floor":19,"damage_taken":0},{"event_name":"The Lab","player_choice":"Got Potions","floor":22,"damage_taken":0},{"event_name":"Beggar","player_choice":"Gave Gold","floor":27,"damage_taken":0},{"event_name":"Addict","player_choice":"Obtained Relic","floor":30,"damage_taken":0},{"event_name":"SensoryStone","player_choice":"Memory 1","floor":36,"damage_taken":0},{"event_name":"Mysterious Sphere","player_choice":"Fight","floor":37,"damage_taken":0},{"event_name":"Winding Halls","player_choice":"Embrace Madness","floor":46,"damage_taken":0}],"boss_relics":[{"not_picked":["Snecko Eye","Ectoplasm"],"picked":"Black Star"},{"not_picked":["Eternal Feather","Orrery"],"picked":"Tiny House"}],"items_purged_floors":[],"potions_floor_spawned":[1,2,7,8,11,18,20,23,28,38,40,44,45],"seed_played":"1251829673718243193","ascension_level":0,"potions_obtained":[{"floor":1,"key":"EssenceOfSteel"},{"floor":2,"key":"PowerPotion"},{"floor":7,"key":"SkillPotion"},{"floor":8,"key":"Ancient Potion"},{"floor":18,"key":"Explosive Potion"},{"floor":20,"key":"BloodPotion"},{"floor":22,"key":"FairyPotion"},{"floor":23,"key":"SkillPotion"},{"floor":34,"key":"Dexterity Potion"},{"floor":38,"key":"AttackPotion"},{"floor":44,"key":"Ancient Potion"},{"floor":45,"key":"Regen Potion"}],"is_trial":false}