{"gold_per_floor":[114,114,86,86,101,101,116,116,116,146,146,176,191,221,221,321,321,336,336,336,351,324,354,354,354,354,384,384,399,399,429,429,529,529,544,262,277,292,307,337,337,367,417,477,177,192,222,182,182,182],"floor_reached":51,"playtime":2254,"items_purged":["Regret"],"score":939,"play_id":"b1bbb9d9-6925-489e-9a1a-b3fa390bad68","local_time":"20180824220708","daily_mods":["Heirloom","Elite Swarm","Night Terrors"],"is_ascension_mode":false,"campfire_choices":[{"data":"Bash","floor":6,"key":"SMITH"},{"data":"Flex","floor":8,"key":"SMITH"},{"floor":11,"key":"REST"},{"data":"Metallicize","floor":15,"key":"SMITH"},{"floor":24,"key":"REST"},{"data":"Demon Form","floor":28,"key":"SMITH"},{"data":"Flex","floor":30,"key":"SMITH"},{"floor":32,"key":"REST"},{"floor":41,"key":"REST"},{"floor":49,"key":"REST"}],"neow_cost":"","seed_source_timestamp":0,"circlet_count":0,"master_deck":["Strike_R+1","Strike_R+1","Strike_R+1","Strike_R+1","Strike_R+1","Defend_R+1","Defend_R+1","Defend_R+1","Defend_R+1","Bash+1","Cleave+1","Flex+1","Immolate+1","Metallicize+1","Offering","Demon Form+1","Thunderclap+1","Forethought+1","Twin Strike+1","Flex+1","Feed+1","Heavy Blade+1","Immolate+1","Injury","Regret","Shame","Mayhem+1","Double Tap+1","Limit Break+1","Regret","Shrug It Off","Inflame"],"special_seed":17768,"relics":["Burning Blood","Champion Belt","Molten Egg 2","Whetstone","Darkstone Periapt","Bottled Lightning","Cursed Key","MutagenicStrength","Regal Pillow","Matryoshka","Dream Catcher","Vajra","Calling Bell","Boot","Mercury Hourglass","Incense Burner","Bottled Flame","Mummified Hand","Kunai","War Paint","Tiny Chest","Du-Vu Doll","Ginger"],"potions_floor_usage":[16,31,33,33,40,50,50],"damage_taken":[{"damage":9,"enemies":"2 Louse","floor":1,"turns":3},{"damage":2,"enemies":"Small Slimes","floor":5,"turns":3},{"damage":0,"enemies":"Jaw Worm","floor":7,"turns":3},{"damage":25,"enemies":"3 Sentries","floor":10,"turns":6},{"damage":8,"enemies":"Gremlin Nob","floor":12,"turns":3},{"damage":5,"enemies":"Looter","floor":13,"turns":2},{"damage":0,"enemies":"3 Sentries","floor":14,"turns":2},{"damage":44,"enemies":"Hexaghost","floor":16,"turns":8},{"damage":10,"enemies":"Shell Parasite","floor":18,"turns":2},{"damage":6,"enemies":"Spheric Guardian","floor":21,"turns":3},{"damage":19,"enemies":"Slavers","floor":23,"turns":2},{"damage":6,"enemies":"Gremlin Leader","floor":27,"turns":4},{"damage":0,"enemies":"Centurion and Healer","floor":29,"turns":3},{"damage":31,"enemies":"Book of Stabbing","floor":31,"turns":4},{"damage":22,"enemies":"Collector","floor":33,"turns":5},{"damage":11,"enemies":"Orb Walker","floor":35,"turns":2},{"damage":1,"enemies":"3 Darklings","floor":37,"turns":2},{"damage":9,"enemies":"Maw","floor":38,"turns":6},{"damage":6,"enemies":"Flame Bruiser 2 Orb","floor":39,"turns":3},{"damage":94,"enemies":"Giant Head","floor":40,"turns":8},{"damage":35,"enemies":"Nemesis","floor":42,"turns":5},{"damage":18,"enemies":"Giant Head","floor":44,"turns":5},{"damage":19,"enemies":"3 Darklings","floor":46,"turns":3},{"damage":18,"enemies":"2 Orb Walkers","floor":47,"turns":3},{"damage":60,"enemies":"Time Eater","floor":50,"turns":5}],"seed_played":"-1903850901092924717","potions_obtained":[{"floor":5,"key":"Weak Potion"},{"floor":12,"key":"BloodPotion"},{"floor":16,"key":"Poison Potion"},{"floor":23,"key":"Energy Potion"},{"floor":37,"key":"Ancient Potion"},{"floor":38,"key":"PowerPotion"},{"floor":42,"key":"FearPotion"},{"floor":46,"key":"Energy Potion"},{"floor":47,"key":"LiquidBronze"}],"is_trial":false,"path_per_floor":["M","?","?","$","M","R","M","R","T","E","R","E","M","E","R","B",null,"M","?","?","M","$","E","R","?","T","E","R","M","R","E","R","B",null,"M","$","M","M","M","E","R","E","T","E","$","M","E","?","R","B"],"character_chosen":"IRONCLAD","items_purchased":["Flex","Mayhem","Du-Vu Doll"],"campfire_rested":5,"item_purchase_floors":[22,36,45],"current_hp_per_floor":[77,61,61,61,65,65,71,71,71,52,75,73,74,75,75,37,75,71,57,57,57,57,44,70,70,76,80,80,84,84,67,79,63,97,92,92,97,98,98,14,100,71,77,69,69,56,48,48,109,55],"gold":182,"neow_bonus":"","is_prod":false,"is_daily":true,"chose_seed":false,"campfire_upgraded":5,"win_rate":0,"timestamp":1535173628,"path_taken":["M","?","?","?","M","R","M","R","T","E","R","E","M","E","R","BOSS","M","?","?","M","$","E","R","?","T","E","R","?","R","E","R","BOSS","M","$","M","M","M","E","R","E","T","E","$","?","E","?","R","BOSS"],"build_version":"2018-08-23v2","purchased_purges":1,"victory":true,"max_hp_per_floor":[80,80,80,80,80,80,80,80,80,80,75,75,75,75,75,75,75,75,75,75,75,75,75,70,70,76,80,80,84,84,84,79,79,97,97,97,97,101,101,105,100,100,106,110,110,110,114,114,109,109],"card_choices":[{"not_picked":["Clothesline","Clash"],"picked":"Cleave","floor":1},{"not_picked":["Cleave","Dual Wield","Wild Strike"],"picked":"SKIP","floor":5},{"not_picked":["Heavy Blade","Shrug It Off"],"picked":"Flex","floor":7},{"not_picked":["Dark Embrace","Exhume","Fiend Fire+1"],"picked":"SKIP","floor":10},{"not_picked":["Brutality","Barricade"],"picked":"Immolate+1","floor":12},{"not_picked":["Seeing Red","Power Through"],"picked":"Metallicize","floor":13},{"not_picked":["Reaper+1","Exhume"],"picked":"Offering","floor":14},{"not_picked":["Dark Embrace","Brutality"],"picked":"Demon Form","floor":16},{"not_picked":["Corruption","Cleave+1"],"picked":"Thunderclap+1","floor":18},{"not_picked":["Spot Weakness","Clothesline+1"],"picked":"Twin Strike+1","floor":21},{"not_picked":["Fiend Fire+1","Barricade"],"picked":"Feed+1","floor":23},{"not_picked":["Berserk","Dark Embrace","Barricade"],"picked":"SKIP","floor":27},{"not_picked":["Sword Boomerang+1","Headbutt+1"],"picked":"Heavy Blade+1","floor":29},{"not_picked":["Berserk","Dark Embrace"],"picked":"Immolate+1","floor":31},{"not_picked":["Anger+1","Juggernaut","True Grit+1"],"picked":"SKIP","floor":35},{"not_picked":["Anger+1","Disarm+1","Havoc+1"],"picked":"SKIP","floor":37},{"not_picked":["Iron Wave+1","Sentinel+1","Perfected Strike+1"],"picked":"SKIP","floor":38},{"not_picked":["Spot Weakness","Cleave+1","Carnage+1"],"picked":"SKIP","floor":39},{"not_picked":["Immolate+1","Fiend Fire+1"],"picked":"Double Tap","floor":40},{"not_picked":["Immolate+1","Barricade"],"picked":"Limit Break","floor":42},{"not_picked":["Barricade","Berserk","Impervious"],"picked":"SKIP","floor":44},{"not_picked":["Dropkick+1","Sword Boomerang+1"],"picked":"Shrug It Off","floor":46},{"not_picked":["Impervious","Offering","Immolate+1"],"picked":"SKIP","floor":47},{"not_picked":["True Grit","Shockwave+1"],"picked":"Inflame","floor":49}],"player_experience":432816,"relics_obtained":[{"floor":9,"key":"Molten Egg 2"},{"floor":10,"key":"Whetstone"},{"floor":12,"key":"Darkstone Periapt"},{"floor":14,"key":"Bottled Lightning"},{"floor":23,"key":"Regal Pillow"},{"floor":26,"key":"Matryoshka"},{"floor":27,"key":"Dream Catcher"},{"floor":31,"key":"Vajra"},{"floor":34,"key":"Boot"},{"floor":34,"key":"Mercury Hourglass"},{"floor":34,"key":"Incense Burner"},{"floor":40,"key":"Bottled Flame"},{"floor":42,"key":"Mummified Hand"},{"floor":43,"key":"Kunai"},{"floor":43,"key":"War Paint"},{"floor":44,"key":"Tiny Chest"},{"floor":47,"key":"Ginger"}],"event_choices":[{"event_name":"Shining Light","player_choice":"Entered Light","floor":2,"damage_taken":0},{"event_name":"World of Goop","player_choice":"Left","floor":3,"damage_taken":0},{"event_name":"Knowing Skull","player_choice":"CARD ","floor":19,"damage_taken":0},{"event_name":"Drug Dealer","player_choice":"Inject Mutagens","floor":20,"damage_taken":0},{"event_name":"Back to Basics","player_choice":"Simplicity","floor":25,"damage_taken":0},{"event_name":"Designer","player_choice":"Upgrade 2 Random Cards","floor":48,"damage_taken":0}],"is_beta":false,"boss_relics":[{"not_picked":["Pandora\u0027s Box","Ectoplasm"],"picked":"Cursed Key"},{"not_picked":["Runic Pyramid","Black Star"],"picked":"Calling Bell"}],"items_purged_floors":[36],"is_endless":false,"potions_floor_spawned":[5,12,16,23,27,37,38,42,46,47],"ascension_level":0}