{"path_per_floor":["M","?","M","M","M","R","E","R","T","M","M","?","R","$","R","B",null,"M","M","M","M","M"],"character_chosen":"DEFECT","items_purchased":["Mummified Hand","Self Repair"],"gold_per_floor":[219,169,182,196,210,210,242,242,267,285,300,300,300,24,24,124,124,138,158,173,189,207,207],"floor_reached":23,"campfire_rested":0,"playtime":3076,"item_purchase_floors":[14,14],"current_hp_per_floor":[75,75,74,74,73,73,71,71,71,71,71,71,71,71,71,56,75,75,69,71,61,44,0],"items_purged":[],"gold":207,"score":197,"play_id":"a76b3138-5498-47f4-aab8-cd0b60f4e833","local_time":"20180523181150","is_prod":false,"is_daily":false,"chose_seed":false,"is_ascension_mode":false,"campfire_upgraded":4,"win_rate":0.06666667,"timestamp":1527091910,"campfire_choices":[{"data":"Zap","floor":6,"key":"SMITH"},{"data":"Dualcast","floor":8,"key":"SMITH"},{"data":"Ball Lightning","floor":13,"key":"SMITH"},{"data":"Self Repair","floor":15,"key":"SMITH"}],"path_taken":["M","?","M","M","M","R","E","R","T","M","M","?","R","$","R","BOSS","M","M","M","M","M","E"],"build_version":"2018-05-22","seed_source_timestamp":354556204997130,"purchased_purges":0,"victory":false,"master_deck":["Strike_B","Strike_B","Strike_B","Defend_B","Defend_B","Defend_B","Zap+1","Dualcast+1","Cold Snap","Cold Snap","Ball Lightning+1","Self Repair+1","Capacitor","Ball Lightning","Fission"],"max_hp_per_floor":[75,75,75,75,75,75,75,75,75,75,75,75,75,75,75,75,75,75,75,75,75,75,75],"relics":["Cracked Core","Pen Nib","Bag of Preparation","Mummified Hand","Runic Pyramid"],"card_choices":[{"not_picked":["Capacitor","Ball Lightning"],"picked":"Cold Snap","floor":1},{"not_picked":["Axe Kick","Barrage"],"picked":"Cold Snap","floor":3},{"not_picked":["Go for the Eyes","Fusion","Compile Driver"],"picked":"SKIP","floor":4},{"not_picked":["All For One","Hologram","Sunder"],"picked":"SKIP","floor":5},{"not_picked":["All For One","Hologram","Sunder"],"picked":"SKIP","floor":5},{"not_picked":["Stack","Darkness"],"picked":"Ball Lightning","floor":7},{"not_picked":["Reinforced Body","Lockon","Steam"],"picked":"SKIP","floor":10},{"not_picked":["Stack","Streamline","Scrape"],"picked":"SKIP","floor":11},{"not_picked":["Streamline","Steam"],"picked":"Capacitor","floor":18},{"not_picked":["Beam Cell","Compile Driver"],"picked":"Ball Lightning","floor":19},{"not_picked":["Stack","Hyperbeam","Barrage+1"],"picked":"SKIP","floor":20},{"not_picked":["Barrage+1","Sweeping Beam+1","Gash"],"picked":"SKIP","floor":21},{"not_picked":["Capacitor","Beam Cell+1"],"picked":"Fission","floor":22}],"player_experience":127107,"potions_floor_usage":[7,7,16,20,21,21],"damage_taken":[{"damage":0,"enemies":"2 Louse","floor":1,"turns":3},{"damage":1,"enemies":"Jaw Worm","floor":3,"turns":4},{"damage":0,"enemies":"Cultist","floor":4,"turns":4},{"damage":1,"enemies":"Gremlin Gang","floor":5,"turns":7},{"damage":2,"enemies":"Lagavulin","floor":7,"turns":6},{"damage":0,"enemies":"Looter","floor":10,"turns":2},{"damage":0,"enemies":"Exordium Thugs","floor":11,"turns":3},{"damage":25,"enemies":"Hexaghost","floor":16,"turns":8},{"damage":7,"enemies":"3 Byrds","floor":18,"turns":6},{"damage":16,"enemies":"Spheric Guardian","floor":19,"turns":4},{"damage":8,"enemies":"Cultist and Chosen","floor":20,"turns":7},{"damage":20,"enemies":"3 Cultists","floor":21,"turns":5},{"damage":27,"enemies":"Snecko","floor":22,"turns":6},{"damage":50,"enemies":"Gremlin Leader","floor":23,"turns":7}],"relics_obtained":[{"floor":7,"key":"Pen Nib"},{"floor":9,"key":"Bag of Preparation"}],"event_choices":[{"event_name":"The Cleric","player_choice":"Card Removal","floor":2,"damage_taken":0},{"event_name":"Living Wall","player_choice":"Forget","floor":12,"damage_taken":0}],"boss_relics":[{"not_picked":["Eternal Feather","Snecko Eye"],"picked":"Runic Pyramid"}],"items_purged_floors":[],"potions_floor_spawned":[4,5,10,16,19,20],"seed_played":"7741613901322276252","killed_by":"Gremlin Leader","ascension_level":0,"potions_obtained":[{"floor":4,"key":"SpeedPotion"},{"floor":5,"key":"FearPotion"},{"floor":10,"key":"Strength Potion"},{"floor":16,"key":"Swift Potion"},{"floor":19,"key":"FearPotion"},{"floor":20,"key":"PowerPotion"}],"is_trial":false}