{"gold_per_floor":[115,40,40,40,190,234,234,255,281,20,20,20,20,20,20,113,113,132,32,51,51,51,51,74,74,74,89,4,25,45,45],"floor_reached":31,"playtime":1292,"items_purged":["Doubt","Injury"],"score":450,"play_id":"aecce593-27cf-4cba-8956-3a7c37bb74cd","local_time":"20181220065244","is_ascension_mode":true,"campfire_choices":[{"floor":7,"key":"REST"},{"floor":11,"key":"REST"},{"data":"Zap","floor":13,"key":"SMITH"},{"data":"Dualcast","floor":15,"key":"SMITH"},{"floor":23,"key":"REST"},{"floor":25,"key":"REST"}],"neow_cost":"NONE","seed_source_timestamp":491105734900746,"circlet_count":0,"master_deck":["AscendersBane","Strike_B","Strike_B","Defend_B","Defend_B","Defend_B","Defend_B","Zap+1","Dualcast+1","Capacitor","Ball Lightning+1","Sunder+1","Core Surge+1","Glacier","Glacier","Gash+1","Defragment","Consume+1","Consume+1"],"relics":["Cracked Core","Orichalcum","Golden Idol","Molten Egg 2","DataDisk","PreservedInsect","Nuclear Battery","Shuriken"],"potions_floor_usage":[16,20,29],"damage_taken":[{"damage":0,"enemies":"2 Louse","floor":1,"turns":3},{"damage":38,"enemies":"3 Sentries","floor":6,"turns":13},{"damage":4,"enemies":"Small Slimes","floor":8,"turns":3},{"damage":12,"enemies":"Slime Boss","floor":16,"turns":6},{"damage":12,"enemies":"Chosen","floor":18,"turns":4},{"damage":16,"enemies":"Shell Parasite","floor":20,"turns":3},{"damage":32,"enemies":"Snake Plant","floor":24,"turns":3},{"damage":14,"enemies":"Snecko","floor":27,"turns":6},{"damage":11,"enemies":"Shelled Parasite and Fungi","floor":29,"turns":4},{"damage":3,"enemies":"Snake Plant","floor":30,"turns":6},{"damage":21,"enemies":"Centurion and Healer","floor":31,"turns":12}],"seed_played":"5873467311800910899","potions_obtained":[{"floor":6,"key":"Swift Potion"},{"floor":16,"key":"FocusPotion"},{"floor":24,"key":"FocusPotion"}],"is_trial":false,"path_per_floor":["M","?","?","?","?","E","R","M","T","$","R","$","R","?","R","B",null,"M","$","M","$","?","R","M","R","T","M","$","M","M","M"],"character_chosen":"DEFECT","items_purchased":["Ball Lightning+1","PreservedInsect","Defragment"],"campfire_rested":4,"item_purchase_floors":[10,10,28],"current_hp_per_floor":[64,64,64,64,64,26,47,43,43,43,64,64,64,64,64,52,66,54,54,38,38,38,59,27,48,48,34,34,23,20,0],"gold":45,"neow_bonus":"RANDOM_COMMON_RELIC","is_prod":false,"is_daily":false,"chose_seed":false,"campfire_upgraded":2,"win_rate":0,"timestamp":1545285164,"path_taken":["M","?","?","?","?","E","R","?","T","$","R","$","R","?","R","BOSS","M","?","M","$","?","R","M","R","T","M","$","M","M","M"],"build_version":"2018-12-13","purchased_purges":2,"victory":false,"max_hp_per_floor":[71,71,71,71,71,71,71,71,71,71,71,71,71,71,71,71,71,71,71,71,71,71,71,71,71,71,71,71,71,71,71],"card_choices":[{"not_picked":["Leap","Coolheaded"],"picked":"Capacitor","floor":1},{"not_picked":["Genetic Algorithm","Leap","Rebound"],"picked":"SKIP","floor":6},{"not_picked":["Redo","Turbo","Beam Cell+1"],"picked":"SKIP","floor":8},{"not_picked":["Biased Cognition","Multi-Cast"],"picked":"Core Surge+1","floor":16},{"not_picked":["Recycle","Self Repair"],"picked":"Glacier","floor":18},{"not_picked":["Scrape+1","Genetic Algorithm","Go for the Eyes+1"],"picked":"SKIP","floor":20},{"not_picked":["Go for the Eyes+1","Compile Driver+1","Double Energy"],"picked":"SKIP","floor":24},{"not_picked":["Heatsinks","Hello World"],"picked":"Gash+1","floor":27},{"not_picked":["Streamline+1","Capacitor"],"picked":"Consume+1","floor":29},{"not_picked":["Cold Snap+1","Scrape+1"],"picked":"Consume+1","floor":30}],"player_experience":760731,"relics_obtained":[{"floor":6,"key":"Molten Egg 2"},{"floor":9,"key":"DataDisk"},{"floor":26,"key":"Shuriken"}],"event_choices":[{"cards_removed":["Strike_B"],"damage_healed":0,"gold_gain":0,"player_choice":"Card Removal","damage_taken":0,"max_hp_gain":0,"max_hp_loss":0,"event_name":"The Cleric","floor":2,"gold_loss":75},{"damage_healed":0,"gold_gain":0,"player_choice":"Take Wound","damage_taken":0,"relics_obtained":["Golden Idol"],"max_hp_gain":0,"max_hp_loss":0,"event_name":"Golden Idol","floor":3,"gold_loss":0,"cards_obtained":["Injury"]},{"damage_healed":0,"gold_gain":0,"player_choice":"Ignored","damage_taken":0,"max_hp_gain":0,"max_hp_loss":0,"event_name":"Shining Light","floor":4,"gold_loss":0},{"damage_healed":0,"gold_gain":150,"player_choice":"AGREE","damage_taken":0,"max_hp_gain":0,"max_hp_loss":0,"event_name":"Liars Game","floor":5,"gold_loss":0,"cards_obtained":["Doubt"]},{"damage_healed":0,"gold_gain":0,"cards_transformed":["Strike_B"],"player_choice":"Transformed","damage_taken":0,"max_hp_gain":0,"max_hp_loss":0,"event_name":"Transmorgrifier","floor":14,"gold_loss":0,"cards_obtained":["Sunder"]},{"damage_healed":0,"gold_gain":0,"player_choice":"Copied","damage_taken":0,"max_hp_gain":0,"max_hp_loss":0,"event_name":"Duplicator","floor":22,"gold_loss":0,"cards_obtained":["Glacier"]}],"is_beta":false,"boss_relics":[{"not_picked":["Pandora\u0027s Box","Orrery"],"picked":"Nuclear Battery"}],"items_purged_floors":[10,19],"is_endless":false,"potions_floor_spawned":[6,16,24],"killed_by":"Centurion and Healer","ascension_level":19}