{"gold_per_floor":[17,0,20,195,195,195,41,61,61,61,61,95,115,130,130,130],"floor_reached":16,"playtime":489,"items_purged":["Doubt"],"score":140,"play_id":"5fa79512-cfef-4ab6-8b93-4f12975a49a6","local_time":"20181205222505","is_ascension_mode":true,"campfire_choices":[{"data":"Zap","floor":6,"key":"SMITH"},{"data":"1","floor":11,"key":"LIFT"},{"floor":15,"key":"REST"}],"neow_cost":"NO_GOLD","seed_source_timestamp":703263078192809,"circlet_count":0,"master_deck":["Strike_B","Strike_B","Strike_B","Defend_B","Defend_B","Defend_B","Zap+1","Dualcast","Gash","Gash","Injury","FTL","Rebound","Self Repair","Conserve Battery"],"relics":["Cracked Core","Golden Idol","Du-Vu Doll","Girya","Unceasing Top"],"potions_floor_usage":[16],"damage_taken":[{"damage":7,"enemies":"Jaw Worm","floor":1,"turns":5},{"damage":12,"enemies":"Small Slimes","floor":3,"turns":3},{"damage":3,"enemies":"2 Louse","floor":8,"turns":2},{"damage":15,"enemies":"3 Sentries","floor":12,"turns":4},{"damage":8,"enemies":"Blue Slaver","floor":13,"turns":2},{"damage":20,"enemies":"Lots of Slimes","floor":14,"turns":3},{"damage":48,"enemies":"Slime Boss","floor":16,"turns":8}],"seed_played":"1921172966847196259","potions_obtained":[{"floor":13,"key":"SpeedPotion"}],"is_trial":false,"path_per_floor":["M","?","M","?","?","R","$","M","T","T","R","E","M","M","R","B"],"character_chosen":"DEFECT","items_purchased":["FTL"],"campfire_rested":1,"item_purchase_floors":[7],"current_hp_per_floor":[61,61,49,49,49,49,49,46,46,46,46,31,30,17,39,0],"gold":130,"neow_bonus":"REMOVE_TWO","is_prod":false,"is_daily":false,"chose_seed":false,"campfire_upgraded":1,"win_rate":0,"timestamp":1544077505,"path_taken":["M","?","M","?","?","R","$","M","T","?","R","E","?","M","R","BOSS"],"build_version":"2018-11-15","purchased_purges":1,"victory":false,"max_hp_per_floor":[75,75,75,75,75,75,75,75,75,75,75,75,75,75,75,75],"card_choices":[{"not_picked":["Storm","Leap"],"picked":"Gash","floor":1},{"not_picked":["Lockon","Leap"],"picked":"Gash","floor":3},{"not_picked":["Melter","Leap"],"picked":"Rebound","floor":8},{"not_picked":["Rip and Tear","Recycle"],"picked":"Self Repair","floor":12},{"not_picked":["Defragment","Reboot","Heatsinks"],"picked":"SKIP","floor":13},{"not_picked":["Darkness","Steam"],"picked":"Conserve Battery","floor":14}],"player_experience":566409,"relics_obtained":[{"floor":9,"key":"Du-Vu Doll"},{"floor":10,"key":"Girya"},{"floor":12,"key":"Unceasing Top"}],"event_choices":[{"damage_healed":0,"gold_gain":0,"player_choice":"Left Gold","damage_taken":0,"max_hp_gain":0,"max_hp_loss":0,"event_name":"World of Goop","floor":2,"gold_loss":17},{"damage_healed":0,"gold_gain":175,"player_choice":"AGREE","damage_taken":0,"max_hp_gain":0,"max_hp_loss":0,"event_name":"Liars Game","floor":4,"gold_loss":0,"cards_obtained":["Doubt"]},{"damage_healed":0,"gold_gain":0,"player_choice":"Take Wound","damage_taken":0,"relics_obtained":["Golden Idol"],"max_hp_gain":0,"max_hp_loss":0,"event_name":"Golden Idol","floor":5,"gold_loss":0,"cards_obtained":["Injury"]}],"is_beta":false,"boss_relics":[],"items_purged_floors":[7],"is_endless":false,"potions_floor_spawned":[13],"killed_by":"Slime Boss","ascension_level":8}