{"gold_per_floor":[113,133,6,6,22,22,49,61,73,85,130,142,154,184,196,313,325,354,366],"floor_reached":19,"playtime":709,"items_purged":[],"score":167,"play_id":"76a2472a-4602-4b79-9b64-cc1e45005e3a","local_time":"20180724141701","is_ascension_mode":false,"campfire_choices":[{"floor":6,"key":"DIG"},{"floor":8,"key":"DIG"},{"floor":10,"key":"REST"},{"floor":13,"key":"REST"},{"floor":15,"key":"REST"}],"neow_cost":"CURSE","seed_source_timestamp":1173549833972033,"circlet_count":0,"master_deck":["Strike_B","Strike_B","Strike_B","Strike_B","Defend_B","Defend_B","Defend_B","Defend_B","Zap","Dualcast","Streamline","Redo","Madness","Steam Power","Barrage","Force Field","Steam","Parasite","BootSequence","Amplify","Loop"],"relics":["Cracked Core","Shovel","Strawberry","MawBank","Ornamental Fan","Dodecahedron","Boot","Empty Cage"],"potions_floor_usage":[7,16,16],"damage_taken":[{"damage":6,"enemies":"Cultist","floor":1,"turns":3},{"damage":0,"enemies":"Small Slimes","floor":2,"turns":2},{"damage":13,"enemies":"Jaw Worm","floor":5,"turns":3},{"damage":16,"enemies":"Large Slime","floor":7,"turns":5},{"damage":56,"enemies":"Gremlin Nob","floor":11,"turns":5},{"damage":15,"enemies":"Looter","floor":14,"turns":3},{"damage":52,"enemies":"The Guardian","floor":16,"turns":12},{"damage":35,"enemies":"3 Byrds","floor":18,"turns":6},{"damage":55,"floor":19,"turns":3}],"seed_played":"4154883280856936344","potions_obtained":[{"floor":5,"key":"PowerPotion"},{"floor":11,"key":"PowerPotion"},{"floor":14,"key":"FocusPotion"}],"is_trial":false,"path_per_floor":["M","M","$","?","M","R","M","R","T","R","E","?","R","M","R","B",null,"M"],"character_chosen":"DEFECT","items_purchased":["Madness","Steam Power"],"campfire_rested":3,"item_purchase_floors":[3,3],"current_hp_per_floor":[69,69,69,76,63,63,47,47,47,71,15,35,59,44,68,16,82,47,0],"gold":366,"neow_bonus":"ONE_RARE_RELIC","is_prod":false,"is_daily":false,"chose_seed":false,"campfire_upgraded":0,"win_rate":0,"timestamp":1532434621,"path_taken":["M","M","$","?","?","R","M","R","T","R","E","?","R","M","R","BOSS","M","?"],"build_version":"2018-07-19v2","purchased_purges":0,"victory":false,"max_hp_per_floor":[75,75,75,82,82,82,82,82,82,82,82,82,82,82,82,82,82,82,82],"card_choices":[{"not_picked":["Coolheaded","Glacier"],"picked":"Streamline","floor":1},{"not_picked":["Conserve Battery","Recycle"],"picked":"Redo","floor":2},{"not_picked":["Reboot","Undo"],"picked":"Barrage","floor":5},{"not_picked":["Rebound","Skim"],"picked":"Force Field","floor":7},{"not_picked":["Leap","Steam Power"],"picked":"Steam","floor":11},{"not_picked":["Rebound","Streamline"],"picked":"BootSequence","floor":14},{"not_picked":["Seek","Reboot"],"picked":"Amplify","floor":16},{"not_picked":["Barrage+1","Ball Lightning"],"picked":"Loop","floor":18}],"player_experience":85672,"relics_obtained":[{"floor":6,"key":"MawBank"},{"floor":8,"key":"Ornamental Fan"},{"floor":9,"key":"Dodecahedron"},{"floor":11,"key":"Boot"}],"event_choices":[{"event_name":"Accursed Blacksmith","player_choice":"Rummage","floor":4,"damage_taken":0},{"event_name":"Mushrooms","player_choice":"Healed and dodged fight","floor":12,"damage_taken":0},{"event_name":"Masked Bandits","player_choice":"Fought over 366 gold","floor":19,"damage_taken":0}],"is_beta":false,"boss_relics":[{"not_picked":["Fusion Hammer","Runic Dome"],"picked":"Empty Cage"}],"items_purged_floors":[],"is_endless":false,"potions_floor_spawned":[5,11,14],"ascension_level":0}