{"gold_per_floor":[119,132,148,173,192,192,207,224,224,224,237,267,267],"floor_reached":13,"playtime":541,"items_purged":[],"score":156,"play_id":"6bb9eb56-6cb9-42d7-a7b6-3c781b2f1a7a","local_time":"20180719175651","is_ascension_mode":true,"campfire_choices":[{"data":"Neutralize","floor":6,"key":"SMITH"}],"neow_cost":"NONE","seed_source_timestamp":602835554001910,"circlet_count":0,"master_deck":["Defend_G","Defend_G","Defend_G","Defend_G","Defend_G","Strike_G","Strike_G","Strike_G","Strike_G","Strike_G","Survivor","Neutralize+1","AscendersBane","Caltrops","Quick Slash","Caltrops","Sucker Punch","Footwork","Malaise","Infinite Blades"],"relics":["Ring of the Snake","Potion Belt","Molten Egg 2","Juzu Bracelet"],"potions_floor_usage":[8,12,12],"damage_taken":[{"damage":2,"enemies":"Cultist","floor":1,"turns":4},{"damage":0,"enemies":"Jaw Worm","floor":2,"turns":4},{"damage":0,"enemies":"2 Louse","floor":3,"turns":4},{"damage":1,"enemies":"Looter","floor":5,"turns":4},{"damage":1,"enemies":"2 Fungi Beasts","floor":7,"turns":4},{"damage":16,"enemies":"3 Louse","floor":8,"turns":4},{"damage":14,"enemies":"Exordium Wildlife","floor":11,"turns":8},{"damage":10,"enemies":"Gremlin Nob","floor":12,"turns":5},{"damage":11,"enemies":"Exordium Thugs","floor":13,"turns":2}],"seed_played":"-2126552426483990925","potions_obtained":[{"floor":2,"key":"Dexterity Potion"},{"floor":3,"key":"FearPotion"},{"floor":11,"key":"Fire Potion"}],"is_trial":false,"path_per_floor":["M","M","M","T","M","R","M","M","T","?","M","E"],"character_chosen":"THE_SILENT","items_purchased":[],"campfire_rested":0,"item_purchase_floors":[],"current_hp_per_floor":[63,63,63,63,62,62,61,45,45,35,21,11,0],"gold":267,"neow_bonus":"TEN_PERCENT_HP_BONUS","is_prod":false,"is_daily":false,"chose_seed":false,"campfire_upgraded":1,"win_rate":0,"timestamp":1532048211,"path_taken":["M","M","M","?","M","R","M","M","T","?","M","E","M"],"build_version":"2018-07-12","purchased_purges":0,"victory":false,"max_hp_per_floor":[72,72,72,72,72,72,72,72,72,72,72,72,72],"card_choices":[{"not_picked":["Bane","Dagger Throw"],"picked":"Caltrops","floor":1},{"not_picked":["Bane","Prepared","Deadly Poison"],"picked":"SKIP","floor":2},{"not_picked":["Deflect","Acrobatics"],"picked":"Quick Slash","floor":3},{"not_picked":["Corpse Explosion","Skewer"],"picked":"Caltrops","floor":5},{"not_picked":["Crippling Poison","Underhanded Strike"],"picked":"Sucker Punch","floor":7},{"not_picked":["Blur","Prepared"],"picked":"Footwork","floor":8},{"not_picked":["Well Laid Plans","Outmaneuver"],"picked":"Malaise","floor":11},{"not_picked":["Riddle With Holes+1","Outmaneuver"],"picked":"Infinite Blades","floor":12}],"player_experience":369691,"relics_obtained":[{"floor":4,"key":"Potion Belt"},{"floor":9,"key":"Molten Egg 2"},{"floor":12,"key":"Juzu Bracelet"}],"event_choices":[{"event_name":"Wheel of Change","player_choice":"Damage","floor":10,"damage_taken":0}],"boss_relics":[],"items_purged_floors":[],"is_endless":false,"potions_floor_spawned":[2,3,11],"killed_by":"Exordium Thugs","ascension_level":15}