{"gold_per_floor":[111,130,130,130,130,155,173,208,208,208,208,229,229,244,244,244],"floor_reached":16,"playtime":720,"items_purged":[],"score":176,"play_id":"2daf2a73-447b-480e-af46-e4b49c0b38a1","local_time":"20180919015947","is_ascension_mode":true,"campfire_choices":[{"floor":11,"key":"REST"},{"floor":13,"key":"REST"},{"data":"Steam","floor":15,"key":"SMITH"}],"neow_cost":"NONE","seed_source_timestamp":306775593951375,"circlet_count":0,"master_deck":["Strike_B","Strike_B","Strike_B","Strike_B","Defend_B","Defend_B","Defend_B","Defend_B","Zap","Dualcast+1","AscendersBane","Coolheaded","Cold Snap","Steam+1","Hologram","Glacier"],"relics":["Cracked Core","Smiling Mask","Cables","Vajra","Golden Idol"],"potions_floor_usage":[8],"damage_taken":[{"damage":0,"enemies":"2 Louse","floor":1,"turns":2},{"damage":8,"enemies":"Small Slimes","floor":2,"turns":3},{"damage":46,"enemies":"Lagavulin","floor":6,"turns":8},{"damage":0,"enemies":"Cultist","floor":7,"turns":3},{"damage":12,"enemies":"3 Sentries","floor":8,"turns":10},{"damage":3,"enemies":"Looter","floor":12,"turns":3},{"damage":8,"enemies":"2 Fungi Beasts","floor":14,"turns":3},{"damage":58,"enemies":"Hexaghost","floor":16,"turns":16}],"seed_played":"-3574230966686012177","potions_obtained":[{"floor":6,"key":"Ancient Potion"},{"floor":7,"key":"Dexterity Potion"}],"is_trial":false,"path_per_floor":["M","M","?","?","?","E","M","E","T","?","R","M","R","M","R"],"character_chosen":"DEFECT","items_purchased":[],"campfire_rested":2,"item_purchase_floors":[],"current_hp_per_floor":[75,67,67,60,82,36,36,24,24,24,46,43,65,57,57,0],"gold":244,"neow_bonus":"TEN_PERCENT_HP_BONUS","is_prod":false,"is_daily":false,"chose_seed":false,"campfire_upgraded":1,"win_rate":0,"timestamp":1537315187,"path_taken":["M","M","?","?","?","E","?","E","T","?","R","M","R","M","R","BOSS"],"build_version":"2018-09-06","purchased_purges":0,"victory":false,"max_hp_per_floor":[82,82,82,82,82,82,82,82,82,76,76,76,76,76,76,76],"card_choices":[{"not_picked":["Streamline","Steam Power","Compile Driver"],"picked":"SKIP","floor":1},{"not_picked":["Hologram","Turbo"],"picked":"Coolheaded","floor":2},{"not_picked":["Chaos","Barrage"],"picked":"Cold Snap","floor":6},{"not_picked":["Redo","Heatsinks"],"picked":"Steam","floor":7},{"not_picked":["Aggregate","Rebound","Biased Cognition"],"picked":"SKIP","floor":8},{"not_picked":["Hello World","Scrape"],"picked":"Hologram","floor":12},{"not_picked":["Loop","Rebound"],"picked":"Glacier","floor":14}],"player_experience":383095,"relics_obtained":[{"floor":6,"key":"Smiling Mask"},{"floor":8,"key":"Cables"},{"floor":9,"key":"Vajra"}],"event_choices":[{"event_name":"Living Wall","player_choice":"Grow","floor":3,"damage_taken":0},{"event_name":"Scrap Ooze","player_choice":"unsuccessful","floor":4,"damage_taken":7},{"event_name":"Big Fish","player_choice":"Banana","floor":5,"damage_taken":0},{"event_name":"Golden Idol","player_choice":"Lose Max HP","floor":10,"damage_taken":0}],"is_beta":false,"boss_relics":[],"items_purged_floors":[],"is_endless":false,"potions_floor_spawned":[6,7],"killed_by":"Hexaghost","ascension_level":12}