{"gold_per_floor":[114,114,132,207,225,251,251,265,265,265,265,265,296,309,309,407,407,426,438,438,309,328,360,376,395,395,395,395],"floor_reached":28,"playtime":1271,"items_purged":["Strike_B"],"score":375,"play_id":"11f8988d-e0f5-42a8-82da-a6515ca22fbd","local_time":"20181122230045","is_ascension_mode":true,"campfire_choices":[{"floor":10,"key":"REST"},{"floor":12,"key":"REST"},{"data":"Gash","floor":15,"key":"SMITH"}],"neow_cost":"NONE","seed_source_timestamp":224244798486018,"circlet_count":0,"master_deck":["AscendersBane","Strike_B+1","Defend_B","Defend_B+1","Defend_B","Defend_B","Zap","Dualcast","Gash+1","Sweeping Beam","Gash","Cold Snap","Biased Cognition+1","Conserve Battery+1","Streamline","Gash","Ball Lightning"],"relics":["FrozenCore","NeowsBlessing","Kunai","Frozen Egg 2","Mercury Hourglass","Omamori","DataDisk"],"potions_floor_usage":[13,23,23,24,28,28],"damage_taken":[{"damage":0,"enemies":"Small Slimes","floor":1,"turns":1},{"damage":0,"enemies":"Jaw Worm","floor":3,"turns":1},{"damage":0,"enemies":"2 Louse","floor":5,"turns":1},{"damage":48,"enemies":"Gremlin Nob","floor":6,"turns":5},{"damage":5,"enemies":"Exordium Wildlife","floor":8,"turns":5},{"damage":18,"enemies":"Lagavulin","floor":13,"turns":7},{"damage":0,"enemies":"Looter","floor":14,"turns":2},{"damage":22,"enemies":"The Guardian","floor":16,"turns":11},{"damage":6,"enemies":"Shell Parasite","floor":18,"turns":6},{"damage":5,"enemies":"Chosen","floor":19,"turns":5},{"damage":5,"enemies":"Snake Plant","floor":22,"turns":6},{"damage":2,"enemies":"Gremlin Leader","floor":23,"turns":7},{"damage":2,"enemies":"Shelled Parasite and Fungi","floor":24,"turns":5},{"damage":24,"enemies":"Sentry and Sphere","floor":25,"turns":5},{"damage":16,"enemies":"Slavers","floor":28,"turns":1}],"seed_played":"472117498455015013","potions_obtained":[{"floor":1,"key":"Energy Potion"},{"floor":8,"key":"PowerPotion"},{"floor":16,"key":"AttackPotion"},{"floor":18,"key":"SkillPotion"},{"floor":24,"key":"Poison Potion"},{"floor":25,"key":"Swift Potion"}],"is_trial":false,"path_per_floor":["M","?","M","?","M","E","?","M","T","R","?","R","E","M","R","B",null,"M","M","?","$","M","E","M","M","T","?","E"],"character_chosen":"DEFECT","items_purchased":["Gash"],"campfire_rested":2,"item_purchase_floors":[21],"current_hp_per_floor":[68,61,61,50,50,2,27,22,22,44,29,51,33,33,33,11,59,53,48,48,48,43,41,39,15,15,15,0],"gold":395,"neow_bonus":"THREE_ENEMY_KILL","is_prod":false,"is_daily":false,"chose_seed":false,"campfire_upgraded":1,"win_rate":0,"timestamp":1542949245,"path_taken":["M","?","M","?","M","E","?","?","T","R","?","R","E","M","R","BOSS","M","M","?","$","M","E","M","M","T","?","E"],"build_version":"2018-11-15","purchased_purges":1,"victory":false,"max_hp_per_floor":[75,75,75,75,75,75,75,75,75,75,75,75,75,75,75,75,75,75,75,75,75,75,75,75,75,75,75,75],"card_choices":[{"not_picked":["Aggregate","Skim","Redo"],"picked":"SKIP","floor":1},{"not_picked":["Sweeping Beam","Rebound"],"picked":"Gash","floor":3},{"not_picked":["Undo","Auto Shields"],"picked":"Sweeping Beam","floor":5},{"not_picked":["Stack","Barrage","Compile Driver"],"picked":"SKIP","floor":6},{"not_picked":["Steam Power","Compile Driver"],"picked":"Gash","floor":8},{"not_picked":["Compile Driver","Steam Power"],"picked":"Cold Snap","floor":13},{"not_picked":["Redo","Rebound","Reboot"],"picked":"SKIP","floor":14},{"not_picked":["Buffer+1","Fission"],"picked":"Biased Cognition+1","floor":16},{"not_picked":["Barrage","Aggregate"],"picked":"Conserve Battery+1","floor":18},{"not_picked":["Reprogram","Auto Shields","Tempest+1"],"picked":"SKIP","floor":19},{"not_picked":["Steam+1","Skim","Beam Cell+1"],"picked":"SKIP","floor":22},{"not_picked":["Streamline","Skim"],"picked":"Ball Lightning","floor":23},{"not_picked":["Hologram","Beam Cell","Sweeping Beam"],"picked":"SKIP","floor":24},{"not_picked":["Hologram","Reinforced Body","Darkness+1"],"picked":"SKIP","floor":25}],"player_experience":216661,"relics_obtained":[{"floor":6,"key":"Kunai"},{"floor":9,"key":"Frozen Egg 2"},{"floor":13,"key":"Mercury Hourglass"},{"floor":23,"key":"Omamori"},{"floor":26,"key":"DataDisk"}],"event_choices":[{"cards_removed":["Strike_B"],"damage_healed":0,"gold_gain":0,"player_choice":"Card Removal","damage_taken":7,"max_hp_gain":0,"max_hp_loss":0,"event_name":"Golden Wing","floor":2,"gold_loss":0},{"damage_healed":0,"gold_gain":75,"player_choice":"Gather Gold","damage_taken":11,"max_hp_gain":0,"max_hp_loss":0,"event_name":"World of Goop","floor":4,"gold_loss":0},{"damage_healed":25,"gold_gain":0,"player_choice":"Banana","damage_taken":0,"max_hp_gain":0,"max_hp_loss":0,"event_name":"Big Fish","floor":7,"gold_loss":0},{"damage_healed":0,"gold_gain":0,"player_choice":"Entered Light","damage_taken":15,"max_hp_gain":0,"max_hp_loss":0,"event_name":"Shining Light","floor":11,"gold_loss":0,"cards_upgraded":["Strike_B","Defend_B"]},{"damage_healed":0,"gold_gain":0,"player_choice":"Read","damage_taken":0,"max_hp_gain":0,"max_hp_loss":0,"event_name":"The Library","floor":20,"gold_loss":0,"cards_obtained":["Streamline"]},{"cards_removed":["Strike_B"],"damage_healed":0,"gold_gain":0,"player_choice":"Elegance","damage_taken":0,"max_hp_gain":0,"max_hp_loss":0,"event_name":"Back to Basics","floor":27,"gold_loss":0}],"is_beta":false,"boss_relics":[{"not_picked":["Runic Dome","Lizard Tail"],"picked":"FrozenCore"}],"items_purged_floors":[21],"is_endless":false,"potions_floor_spawned":[1,8,16,18,19,24,25],"killed_by":"Slavers","ascension_level":10}