{"gold_per_floor":[111,127,147,164,164,164,196,196,223,251,268,288,288,288,288,411,411,436,436,436,535,559,559,590,590,590,630,650,665,251,274,274,399,399,422,128,461,475,475,502,502,536,536,546,566,566,566,186,186,186],"floor_reached":51,"playtime":2764,"items_purged":["Strike_B+1","Recycle+1","Trip"],"score":1168,"play_id":"13ddea55-1e47-4a32-91dd-c18e2efe090f","local_time":"20190205213025","is_ascension_mode":true,"campfire_choices":[{"data":"Loop","floor":6,"key":"SMITH"},{"floor":8,"key":"REST"},{"floor":15,"key":"REST"},{"floor":23,"key":"REST"},{"floor":25,"key":"REST"},{"floor":32,"key":"REST"},{"floor":41,"key":"REST"},{"floor":46,"key":"DIG"},{"floor":49,"key":"DIG"}],"neow_cost":"NONE","seed_source_timestamp":1574654194920816,"circlet_count":0,"master_deck":["AscendersBane","Defend_B+1","Defend_B+1","Defend_B+1","Defend_B+1","Zap+1","Dualcast","Loop+1","Leap","BootSequence","Seek","Rip and Tear","Biased Cognition","Coolheaded","Self Repair","Chaos","Compile Driver","Core Surge","Biased Cognition","Creative AI+1","Glacier+1","Storm+1","Coolheaded"],"relics":["Cracked Core","Boot","Bag of Marbles","Happy Flower","Symbiotic Virus","Fusion Hammer","Pocketwatch","Bottled Tornado","Strawberry","Shovel","Astrolabe","ClockworkSouvenir","Omamori","Mango","Mummified Hand","Juzu Bracelet","Dodecahedron","Lee\u0027s Waffle","Unceasing Top"],"potions_floor_usage":[7,18,38,42,42,50],"damage_taken":[{"damage":0,"enemies":"Cultist","floor":1,"turns":3},{"damage":7,"enemies":"Jaw Worm","floor":2,"turns":3},{"damage":0,"enemies":"Small Slimes","floor":3,"turns":2},{"damage":2,"enemies":"2 Fungi Beasts","floor":4,"turns":4},{"damage":18,"enemies":"3 Sentries","floor":7,"turns":7},{"damage":36,"enemies":"Gremlin Nob","floor":10,"turns":4},{"damage":0,"enemies":"3 Louse","floor":11,"turns":2},{"damage":2,"enemies":"Looter","floor":12,"turns":3},{"damage":31,"enemies":"The Guardian","floor":16,"turns":9},{"damage":2,"enemies":"Shell Parasite","floor":18,"turns":3},{"damage":19,"enemies":"2 Thieves","floor":22,"turns":4},{"damage":5,"enemies":"Slavers","floor":24,"turns":5},{"damage":12,"enemies":"Book of Stabbing","floor":27,"turns":4},{"damage":12,"enemies":"Shelled Parasite and Fungi","floor":28,"turns":3},{"damage":24,"enemies":"Snake Plant","floor":29,"turns":3},{"damage":13,"enemies":"Chosen and Byrds","floor":31,"turns":5},{"damage":34,"enemies":"Automaton","floor":33,"turns":10},{"damage":31,"enemies":"3 Shapes","floor":35,"turns":4},{"damage":10,"enemies":"3 Darklings","floor":38,"turns":10},{"damage":22,"enemies":"Giant Head","floor":40,"turns":9},{"damage":28,"enemies":"Reptomancer","floor":42,"turns":4},{"damage":0,"enemies":"Maw","floor":44,"turns":4},{"damage":2,"enemies":"4 Shapes","floor":45,"turns":5},{"damage":31,"enemies":"Time Eater","floor":50,"turns":9}],"seed_played":"5210069339013266292","potions_obtained":[{"floor":4,"key":"SkillPotion"},{"floor":10,"key":"SkillPotion"},{"floor":11,"key":"GamblersBrew"},{"floor":12,"key":"Weak Potion"},{"floor":24,"key":"SteroidPotion"},{"floor":38,"key":"Explosive Potion"},{"floor":44,"key":"Ancient Potion"}],"is_trial":false,"path_per_floor":["M","M","M","M","?","R","E","R","T","E","M","M","T","?","R","B",null,"M","?","?","?","M","R","E","R","T","E","M","M","$","M","R","B",null,"M","$","?","M","?","E","R","E","T","M","M","R","T","$","R","B",null],"character_chosen":"DEFECT","items_purchased":["Shovel","Compile Driver","ClockworkSouvenir","Lee\u0027s Waffle","Coolheaded"],"campfire_rested":6,"item_purchase_floors":[30,30,36,48,48],"current_hp_per_floor":[68,61,61,59,59,59,41,63,63,27,27,25,25,25,45,14,55,53,53,53,53,34,54,49,69,69,71,59,42,42,36,58,31,65,41,41,41,38,38,23,45,38,38,45,50,50,50,97,97,73],"gold":186,"neow_bonus":"RANDOM_COLORLESS","is_prod":false,"is_daily":false,"chose_seed":false,"campfire_upgraded":1,"win_rate":0,"timestamp":1549431025,"path_taken":["M","M","M","?","?","R","E","R","T","E","?","M","?","?","R","BOSS","M","?","?","?","M","R","E","R","T","E","M","M","$","M","R","BOSS","M","$","?","M","?","E","R","E","T","M","?","R","?","$","R","BOSS"],"build_version":"2019-01-23","purchased_purges":3,"victory":true,"max_hp_per_floor":[75,75,75,75,75,75,75,75,75,75,75,75,75,69,69,69,69,69,69,69,69,69,69,69,69,69,76,76,76,76,76,76,76,76,76,76,76,76,76,76,76,90,90,90,90,90,90,97,97,97],"card_choices":[{"not_picked":["Streamline","Turbo"],"picked":"Loop","floor":1},{"not_picked":["Streamline","Barrage"],"picked":"Leap","floor":2},{"not_picked":["Hologram","Stack"],"picked":"BootSequence","floor":3},{"not_picked":["Steam Power","Capacitor","Hologram"],"picked":"SKIP","floor":4},{"not_picked":["Leap","Lockon"],"picked":"Seek","floor":7},{"not_picked":["Stack","Recycle"],"picked":"Rip and Tear","floor":10},{"not_picked":["Stack","Streamline","Beam Cell"],"picked":"SKIP","floor":11},{"not_picked":["Rip and Tear","Capacitor","Streamline"],"picked":"SKIP","floor":12},{"not_picked":["Creative AI","Buffer"],"picked":"Biased Cognition","floor":16},{"not_picked":["Auto Shields","Consume","Steam"],"picked":"SKIP","floor":18},{"not_picked":["Ball Lightning","Stack+1"],"picked":"Coolheaded","floor":22},{"not_picked":["Rainbow","Streamline+1"],"picked":"Self Repair","floor":24},{"not_picked":["Static Discharge","Redo","Steam"],"picked":"SKIP","floor":27},{"not_picked":["Beam Cell+1","Turbo"],"picked":"Chaos","floor":28},{"not_picked":["Rebound","Stack","Sunder+1"],"picked":"SKIP","floor":29},{"not_picked":["Leap+1","Rebound"],"picked":"Core Surge","floor":31},{"not_picked":["All For One","Thunder Strike"],"picked":"Biased Cognition","floor":33},{"not_picked":["Loop","Blizzard","Rebound"],"picked":"SKIP","floor":35},{"not_picked":["Compile Driver","Capacitor","Hologram+1"],"picked":"SKIP","floor":38},{"not_picked":["Melter","Sweeping Beam","Hello World+1"],"picked":"SKIP","floor":40},{"not_picked":["Turbo","Seek"],"picked":"Storm+1","floor":42},{"not_picked":["Aggregate","Reprogram","Conserve Battery"],"picked":"SKIP","floor":44},{"not_picked":["Stack","Turbo","Skim+1"],"picked":"SKIP","floor":45}],"player_experience":620693,"relics_obtained":[{"floor":7,"key":"Boot"},{"floor":9,"key":"Bag of Marbles"},{"floor":10,"key":"Happy Flower"},{"floor":13,"key":"Symbiotic Virus"},{"floor":24,"key":"Pocketwatch"},{"floor":26,"key":"Bottled Tornado"},{"floor":27,"key":"Strawberry"},{"floor":40,"key":"Omamori"},{"floor":42,"key":"Mango"},{"floor":43,"key":"Mummified Hand"},{"floor":46,"key":"Juzu Bracelet"},{"floor":47,"key":"Dodecahedron"},{"floor":49,"key":"Unceasing Top"}],"event_choices":[{"damage_healed":0,"gold_gain":0,"player_choice":"Upgraded","damage_taken":0,"max_hp_gain":0,"max_hp_loss":0,"event_name":"Upgrade Shrine","floor":5,"gold_loss":0,"cards_upgraded":["Zap"]},{"damage_healed":0,"gold_gain":0,"player_choice":"Lose Max HP","damage_taken":0,"relics_obtained":["Golden Idol"],"max_hp_gain":0,"max_hp_loss":6,"event_name":"Golden Idol","floor":14,"gold_loss":0},{"damage_healed":0,"gold_gain":0,"player_choice":"Ignored","damage_taken":0,"max_hp_gain":0,"max_hp_loss":0,"event_name":"Cursed Tome","floor":19,"gold_loss":0},{"damage_healed":0,"gold_gain":0,"player_choice":"Simplicity","damage_taken":0,"max_hp_gain":0,"max_hp_loss":0,"event_name":"Back to Basics","floor":20,"gold_loss":0,"cards_upgraded":["Strike_B","Strike_B","Strike_B","Strike_B","Defend_B","Defend_B","Defend_B","Defend_B"]},{"damage_healed":0,"gold_gain":99,"player_choice":"Stole From Cult","damage_taken":0,"max_hp_gain":0,"max_hp_loss":0,"event_name":"Nest","floor":21,"gold_loss":0},{"damage_healed":0,"gold_gain":333,"player_choice":"Gave Idol","damage_taken":0,"max_hp_gain":0,"max_hp_loss":0,"event_name":"The Moai Head","floor":37,"relics_lost":["Golden Idol"],"gold_loss":0},{"damage_healed":0,"gold_gain":0,"cards_transformed":["Dramatic Entrance"],"player_choice":"Transformed","damage_taken":0,"max_hp_gain":0,"max_hp_loss":0,"event_name":"Transmorgrifier","floor":39,"gold_loss":0,"cards_obtained":["Trip"]}],"is_beta":false,"boss_relics":[{"not_picked":["Runic Pyramid","Inserter"],"picked":"Fusion Hammer"},{"not_picked":["Velvet Choker","Empty Cage"],"picked":"Astrolabe"}],"items_purged_floors":[30,36,48],"is_endless":false,"potions_floor_spawned":[4,10,11,12,24,27,29,31,38,44],"ascension_level":11}