{"path_per_floor":["M","M","?","M","?","R","E","M","T","?","R","M","?","?","R","B",null,"M","M","M"],"character_chosen":"THE_SILENT","items_purchased":[],"gold_per_floor":[110,122,122,133,133,133,160,171,171,231,231,241,202,202,202,306,306,320,340,359,359],"floor_reached":21,"campfire_rested":2,"playtime":2430,"item_purchase_floors":[],"current_hp_per_floor":[63,57,57,56,56,56,31,17,17,19,40,36,36,36,57,41,70,55,42,23,0],"items_purged":[],"gold":359,"score":181,"play_id":"1fea2baf-842a-49e7-95dd-d358579612c3","local_time":"20180611170401","is_prod":false,"is_daily":false,"chose_seed":false,"is_ascension_mode":false,"campfire_upgraded":1,"win_rate":0,"timestamp":1528751041,"campfire_choices":[{"data":"Defend_G","floor":6,"key":"SMITH"},{"floor":11,"key":"REST"},{"floor":15,"key":"REST"}],"path_taken":["M","M","?","M","?","R","E","M","T","?","R","?","?","?","R","BOSS","M","M","M","M"],"build_version":"2018-06-08","seed_source_timestamp":0,"purchased_purges":0,"victory":false,"master_deck":["Defend_G+1","Defend_G","Defend_G","Defend_G","Defend_G","Strike_G","Strike_G","Strike_G","Strike_G","Strike_G","Survivor","Neutralize+1","Bane","Dagger Spray","Deadly Poison","Backflip","Bane","Backflip","Deadly Poison","After Image","Flechettes","Terror+1","Malaise+1"],"max_hp_per_floor":[70,70,70,70,70,70,70,70,70,70,70,70,70,70,70,70,70,70,70,70,70],"relics":["Ring of the Snake","The Specimen","Meat on the Bone","Toolbox","Orrery"],"card_choices":[{"not_picked":["Blur","PiercingWail"],"picked":"Bane","floor":0.0},{"not_picked":["Slice","Prepared"],"picked":"Dagger Spray","floor":1.0},{"not_picked":["Malaise","Slice"],"picked":"Deadly Poison","floor":2},{"not_picked":["Acrobatics","Choke"],"picked":"Backflip","floor":4},{"not_picked":["Setup","PiercingWail"],"picked":"Bane","floor":7},{"not_picked":["Calculated Gamble","Outmaneuver"],"picked":"Backflip","floor":8},{"not_picked":["Prepared","Poisoned Stab"],"picked":"Deadly Poison","floor":10},{"not_picked":["Cloak And Dagger","Calculated Gamble","Dagger Spray"],"picked":"SKIP","floor":12},{"not_picked":["Corpse Explosion","Venomology"],"picked":"After Image","floor":16},{"not_picked":["Acrobatics","Leg Sweep"],"picked":"Flechettes","floor":18},{"not_picked":["Outmaneuver","Backflip"],"picked":"Terror+1","floor":19},{"not_picked":["PiercingWail+1","Envenom"],"picked":"Malaise+1","floor":20}],"player_experience":304884,"potions_floor_usage":[10,20],"damage_taken":[{"damage":7.0,"enemies":"Small Slimes","floor":1.0,"turns":3.0},{"damage":6,"enemies":"Cultist","floor":2,"turns":3},{"damage":1,"enemies":"Jaw Worm","floor":4,"turns":3},{"damage":25,"enemies":"3 Sentries","floor":7,"turns":9},{"damage":14,"enemies":"Exordium Thugs","floor":8,"turns":5},{"damage":23,"enemies":"Gremlin Nob","floor":10,"turns":4},{"damage":4,"enemies":"Red Slaver","floor":12,"turns":3},{"damage":16,"enemies":"Hexaghost","floor":16,"turns":11},{"damage":15,"enemies":"Chosen","floor":18,"turns":6},{"damage":29,"enemies":"2 Thieves","floor":19,"turns":5},{"damage":31,"enemies":"Sentry and Sphere","floor":20,"turns":7},{"damage":27,"enemies":"Cultist and Chosen","floor":21,"turns":7}],"relics_obtained":[{"floor":7,"key":"The Specimen"},{"floor":9,"key":"Meat on the Bone"},{"floor":10,"key":"Toolbox"}],"event_choices":[{"event_name":"Accursed Blacksmith","player_choice":"Forge","floor":3,"damage_taken":0},{"event_name":"Liars Game","player_choice":"disagreed","floor":5,"damage_taken":0},{"event_name":"Dead Adventurer","player_choice":"Searched \u00272\u0027 times","floor":10,"damage_taken":0},{"event_name":"World of Goop","player_choice":"Left","floor":13,"damage_taken":0},{"event_name":"Fountain of Cleansing","player_choice":"Removed Curse","floor":14,"damage_taken":0}],"boss_relics":[{"not_picked":["Lizard Tail","Snecko Eye"],"picked":"Orrery"}],"items_purged_floors":[],"potions_floor_spawned":[2,8,16,20],"seed_played":"4808365839343883204","killed_by":"Cultist and Chosen","ascension_level":0,"potions_obtained":[{"floor":2,"key":"FairyPotion"},{"floor":8,"key":"AttackPotion"},{"floor":16,"key":"Explosive Potion"},{"floor":20,"key":"SpeedPotion"}],"is_trial":false}