{"gold_per_floor":[110,35,55,72,88,88,115,115,115,131,131,131,161,16,16,88,88,101,16,26,46,57,71,71],"floor_reached":24,"playtime":2206,"items_purged":["Strike_B","Strike_B"],"score":410,"play_id":"db488b61-2de2-4285-ae95-257adec0d615","local_time":"20180926180354","is_ascension_mode":true,"campfire_choices":[{"floor":6,"key":"REST"},{"floor":8,"key":"REST"},{"floor":12,"key":"REST"},{"floor":15,"key":"REST"}],"neow_cost":"NONE","seed_source_timestamp":967946509004426,"circlet_count":0,"master_deck":["Zap+1","Dualcast","AscendersBane","Sunder","Reinforced Body","Melter","BootSequence","FTL","Core Surge","Auto Shields","Capacitor","Biased Cognition","Compile Driver","Cold Snap","Rebound","Stack","Turbo","Ball Lightning","Defragment","White Noise","Hologram"],"relics":["Cracked Core","Blue Candle","Cables","Mercury Hourglass","Pandora\u0027s Box","Ancient Tea Set"],"potions_floor_usage":[4,7,13,20,21,22],"damage_taken":[{"damage":2,"enemies":"2 Louse","floor":1,"turns":3},{"damage":1,"enemies":"Cultist","floor":3,"turns":3},{"damage":12,"enemies":"Jaw Worm","floor":4,"turns":2},{"damage":11,"enemies":"Looter","floor":5,"turns":3},{"damage":32,"enemies":"Gremlin Nob","floor":7,"turns":4},{"damage":0,"enemies":"2 Fungi Beasts","floor":10,"turns":2},{"damage":28,"enemies":"Lagavulin","floor":13,"turns":5},{"damage":32,"enemies":"Slime Boss","floor":16,"turns":8},{"damage":12,"enemies":"2 Thieves","floor":18,"turns":4},{"damage":6,"enemies":"Shell Parasite","floor":20,"turns":4},{"damage":13,"enemies":"Centurion and Healer","floor":21,"turns":4},{"damage":15,"enemies":"3 Cultists","floor":22,"turns":4},{"damage":9,"enemies":"Snake Plant","floor":23,"turns":4},{"damage":7,"enemies":"Shelled Parasite and Fungi","floor":24,"turns":1}],"seed_played":"1767031179668986436","potions_obtained":[{"floor":3,"key":"SteroidPotion"},{"floor":4,"key":"AttackPotion"},{"floor":7,"key":"LiquidBronze"},{"floor":10,"key":"Dexterity Potion"},{"floor":18,"key":"Strength Potion"},{"floor":21,"key":"AttackPotion"}],"is_trial":false,"path_per_floor":["M","$","M","M","M","R","E","R","T","M","?","R","E","$","R","B",null,"M","?","M","M","M","M"],"character_chosen":"DEFECT","items_purchased":["Capacitor"],"campfire_rested":4,"item_purchase_floors":[14],"current_hp_per_floor":[62,62,61,49,38,59,27,48,48,48,48,69,41,41,62,30,61,49,49,43,30,15,6,0],"gold":71,"neow_bonus":"UPGRADE_CARD","is_prod":false,"is_daily":false,"chose_seed":false,"campfire_upgraded":0,"win_rate":0,"timestamp":1537977834,"path_taken":["M","$","M","M","M","R","E","R","T","M","?","R","E","$","R","BOSS","M","?","M","M","M","M","?"],"build_version":"2018-09-20","purchased_purges":2,"victory":false,"max_hp_per_floor":[71,71,71,71,71,71,71,71,71,71,71,71,71,71,71,71,71,71,71,71,71,71,71,71],"card_choices":[{"not_picked":["Beam Cell","Barrage","Sweeping Beam"],"picked":"SKIP","floor":1},{"not_picked":["Recycle","Reinforced Body"],"picked":"Sunder","floor":3},{"not_picked":["Hello World","Aggregate"],"picked":"Reinforced Body","floor":4},{"not_picked":["Reinforced Body","Storm"],"picked":"Melter","floor":5},{"not_picked":["Go for the Eyes","Sweeping Beam"],"picked":"BootSequence","floor":7},{"not_picked":["Go for the Eyes","Fusion"],"picked":"FTL","floor":10},{"not_picked":["Conserve Battery","Sweeping Beam"],"picked":"Auto Shields","floor":13},{"not_picked":["Core Surge","Rainbow"],"picked":"Biased Cognition","floor":16},{"not_picked":["Coolheaded","Cold Snap"],"picked":"Ball Lightning","floor":18},{"not_picked":["FTL+1","Rebound"],"picked":"Defragment","floor":20},{"not_picked":["Loop","Steam"],"picked":"White Noise","floor":21},{"not_picked":["Recycle","Streamline","Compile Driver"],"picked":"SKIP","floor":22},{"not_picked":["Gash","Turbo"],"picked":"Hologram","floor":23}],"player_experience":710082,"relics_obtained":[{"floor":7,"key":"Blue Candle"},{"floor":9,"key":"Cables"},{"floor":13,"key":"Mercury Hourglass"}],"event_choices":[{"event_name":"Transmorgrifier","player_choice":"Transform","floor":11,"damage_taken":0},{"event_name":"Addict","player_choice":"Obtained Relic","floor":19,"damage_taken":0}],"is_beta":false,"boss_relics":[{"not_picked":["Fusion Hammer","Ectoplasm"],"picked":"Pandora\u0027s Box"}],"items_purged_floors":[2,14],"is_endless":false,"potions_floor_spawned":[3,4,7,10,18,21],"killed_by":"Shelled Parasite and Fungi","ascension_level":19}