{"path_per_floor":["M","?","?","M","M","R","?","E","T","?","R","T","E","M","R","B",null,"M","M","?","?","$","R","M","?","T","E","M","R","M","?","R","B",null,"M","$","M","?","?","R","?","?","T","E","?","M","?","M","R","B"],"character_chosen":"DEFECT","items_purchased":["Juzu Bracelet","Turnip","Cables"],"gold_per_floor":[115,115,215,225,244,244,244,279,305,305,305,305,337,349,349,445,445,464,474,474,474,12,12,22,22,91,117,128,128,138,138,138,233,263,274,27,41,41,41,41,41,91,142,172,172,187,0,16,16,16],"floor_reached":51,"campfire_rested":3,"playtime":2929,"item_purchase_floors":[22,22,36],"current_hp_per_floor":[65,65,65,64,59,59,45,21,21,21,41,41,41,47,47,29,68,61,56,56,56,56,56,58,46,46,13,27,48,50,50,50,41,78,65,65,67,67,67,67,67,58,58,38,38,52,52,34,57,33],"items_purged":[],"gold":16,"score":726,"play_id":"eba44717-9698-4abe-85f6-2e43773c560e","local_time":"20180521191319","is_prod":false,"is_daily":false,"chose_seed":false,"is_ascension_mode":false,"campfire_upgraded":1,"timestamp":1526955199,"campfire_choices":[{"data":"Darkness","floor":6,"key":"SMITH"},{"floor":11,"key":"REST"},{"floor":15,"key":"DIG"},{"floor":23,"key":"DIG"},{"floor":29,"key":"REST"},{"floor":32,"key":"DIG"},{"data":"Decay","floor":40,"key":"PURGE"},{"floor":49,"key":"REST"}],"path_taken":["M","?","?","M","M","R","?","E","T","?","R","?","E","M","R","BOSS","M","M","?","?","$","R","M","?","T","E","M","R","M","?","R","BOSS","M","$","M","?","?","R","?","?","T","E","?","M","?","M","R","BOSS"],"build_version":"2018-05-18","seed_source_timestamp":687687596262147,"purchased_purges":0,"victory":true,"master_deck":["Strike_B+1","Strike_B+1","Defend_B","Defend_B","Defend_B","Zap+1","Dualcast","Cold Snap","Streamline","Streamline","Darkness+1","Coolheaded","Cold Snap","Self Repair","Leap","Rainbow+1","Sweeping Beam","Self Repair","Self Repair","Leap","Leap+1","Chill","Capacitor+1","Loop+1","Magnetism","Chaos+1","Aggregate","Dark Shackles","Fission","Streamline"],"max_hp_per_floor":[68,68,68,68,68,68,68,68,68,68,68,68,68,68,68,68,68,68,68,68,68,68,68,68,73,73,73,73,73,73,73,73,73,78,78,78,78,78,78,78,78,78,78,78,78,78,78,78,78,78],"relics":["Cracked Core","Ancient Tea Set","Anchor","Shovel","Happy Flower","Sundial","Black Star","Peace Pipe","Juzu Bracelet","Turnip","Boot","Mummified Hand","Pantograph","Question Card","Bronze Scales","Tiny House","Cables","Torii","Bag of Preparation","Frozen Egg 2","Bottled Tornado","Red Mask"],"card_choices":[{"not_picked":["Heatsinks","Static Discharge"],"picked":"Streamline","floor":1},{"not_picked":["Undo","Rebound"],"picked":"Darkness","floor":4},{"not_picked":["Leap","Axe Kick"],"picked":"Coolheaded","floor":5},{"not_picked":["Static Discharge","Aggregate"],"picked":"Cold Snap","floor":8},{"not_picked":["Stack","Multi-Cast"],"picked":"Self Repair","floor":13},{"not_picked":["Steam Power","Turbo"],"picked":"Leap","floor":14},{"not_picked":["All For One","Electrodynamics"],"picked":"Rainbow","floor":16},{"not_picked":["Fusion","Beam Cell"],"picked":"Ball Lightning","floor":18},{"not_picked":["Redo","Stack"],"picked":"Sweeping Beam","floor":19},{"not_picked":["Turbo","Axe Kick"],"picked":"Self Repair","floor":24},{"not_picked":["Hologram","Streamline"],"picked":"Self Repair","floor":27},{"not_picked":["Steam","Ball Lightning+1","Streamline"],"picked":"Leap","floor":28},{"not_picked":["Skim","Beam Cell","Undo"],"picked":"Leap+1","floor":30},{"not_picked":["Steam Power","Gash+1","Beam Cell"],"picked":"Chill","floor":34},{"not_picked":["Beam Cell","Chaos+1","Recycle"],"picked":"Capacitor+1","floor":35},{"not_picked":["Recycle","Streamline+1","Hologram"],"picked":"Loop+1","floor":37},{"not_picked":["Mind Blast","Deep Breath","Trip"],"picked":"Magnetism","floor":41},{"not_picked":["Barrage+1","Rebound","Axe Kick"],"picked":"Chaos+1","floor":42},{"not_picked":["Axe Kick","Rebound","Doom and Gloom+1"],"picked":"Aggregate","floor":44},{"not_picked":["Ball Lightning+1","Fission","BootSequence","Turbo"],"picked":"SKIP","floor":46},{"not_picked":["Ball Lightning+1","BootSequence","Turbo"],"picked":"Fission","floor":46},{"not_picked":["Aggregate+1","Steam","Heatsinks+1"],"picked":"Streamline","floor":48}],"player_experience":109726,"potions_floor_usage":[16,27,33,42,44,50,50,50],"damage_taken":[{"damage":3,"enemies":"Small Slimes","floor":1,"turns":3},{"damage":1,"enemies":"Cultist","floor":4,"turns":3},{"damage":5,"enemies":"2 Louse","floor":5,"turns":2},{"damage":24,"enemies":"Gremlin Nob","floor":8,"turns":4},{"damage":0,"enemies":"3 Sentries","floor":13,"turns":4},{"damage":1,"enemies":"Red Slaver","floor":14,"turns":2},{"damage":18,"enemies":"Hexaghost","floor":16,"turns":8},{"damage":14,"enemies":"2 Thieves","floor":18,"turns":4},{"damage":5,"enemies":"Shell Parasite","floor":19,"turns":3},{"damage":5,"enemies":"Centurion and Healer","floor":24,"turns":6},{"damage":40,"enemies":"Slavers","floor":27,"turns":6},{"damage":7,"enemies":"Chosen and Byrds","floor":28,"turns":6},{"damage":12,"enemies":"Sentry and Sphere","floor":30,"turns":4},{"damage":53,"enemies":"Collector","floor":33,"turns":11},{"damage":27,"enemies":"3 Darklings","floor":35,"turns":6},{"damage":5,"enemies":"Orb Walker","floor":37,"turns":3},{"damage":30,"enemies":"Mysterious Sphere","floor":42,"turns":5},{"damage":41,"enemies":"2 Orb Walkers","floor":44,"turns":7},{"damage":7,"enemies":"Maw","floor":46,"turns":7},{"damage":32,"enemies":"3 Darklings","floor":48,"turns":6},{"damage":66,"enemies":"Time Eater","floor":50,"turns":14}],"relics_obtained":[{"floor":8,"key":"Ancient Tea Set"},{"floor":9,"key":"Anchor"},{"floor":12,"key":"Shovel"},{"floor":13,"key":"Happy Flower"},{"floor":15,"key":"Sundial"},{"floor":23,"key":"Boot"},{"floor":26,"key":"Mummified Hand"},{"floor":27,"key":"Pantograph"},{"floor":27,"key":"Question Card"},{"floor":32,"key":"Bronze Scales"},{"floor":42,"key":"Torii"},{"floor":43,"key":"Bag of Preparation"},{"floor":44,"key":"Frozen Egg 2"},{"floor":44,"key":"Bottled Tornado"}],"event_choices":[{"event_name":"Upgrade Shrine","player_choice":"Upgraded","floor":2,"damage_taken":0},{"event_name":"Golden Shrine","player_choice":"Pray","floor":3,"damage_taken":0},{"event_name":"Shining Light","player_choice":"Entered Light","floor":7,"damage_taken":0},{"event_name":"Living Wall","player_choice":"Forget","floor":10,"damage_taken":0},{"event_name":"The Mausoleum","player_choice":"Yes","floor":20,"damage_taken":0},{"event_name":"Purifier","player_choice":"One Purge","floor":21,"damage_taken":0},{"event_name":"Forgotten Altar","player_choice":"Shed Blood","floor":25,"damage_taken":0},{"event_name":"Drug Dealer","player_choice":"Ignored","floor":31,"damage_taken":0},{"event_name":"Wheel of Change","player_choice":"Curse","floor":39,"damage_taken":0},{"event_name":"SensoryStone","player_choice":"Memory 1","floor":41,"damage_taken":0},{"event_name":"Mysterious Sphere","player_choice":"Fight","floor":42,"damage_taken":0},{"event_name":"Match and Keep!","player_choice":"1 cards matched","floor":45,"damage_taken":0},{"event_name":"Tomb of Lord Red Mask","player_choice":"Paid","floor":47,"damage_taken":0}],"boss_relics":[{"not_picked":["Snecko Eye","Astrolabe"],"picked":"Black Star"},{"not_picked":["Runic Dome","Runic Pyramid"],"picked":"Tiny House"}],"items_purged_floors":[],"potions_floor_spawned":[1,5,13,16,19,27,30,37,44,48],"seed_played":"-3265235386304647312","ascension_level":0,"potions_obtained":[{"floor":1,"key":"FearPotion"},{"floor":5,"key":"PowerPotion"},{"floor":13,"key":"Ancient Potion"},{"floor":16,"key":"AttackPotion"},{"floor":19,"key":"GamblersBrew"},{"floor":27,"key":"PowerPotion"},{"floor":30,"key":"FocusPotion"},{"floor":34,"key":"SneckoOil"},{"floor":37,"key":"Poison Potion"},{"floor":44,"key":"Strength Potion"},{"floor":48,"key":"LiquidBronze"}],"is_trial":false}