{"gold_per_floor":[114,130,140,140,117,117,117,117,142,160,174,174,174,200,200,302,302,318,233,158,158,178,178,190,190],"floor_reached":25,"playtime":3177,"items_purged":[],"score":201,"play_id":"a75e1761-1033-4ca3-a9c4-b701a337ba53","local_time":"20180721230213","is_ascension_mode":false,"campfire_choices":[{"data":"Storm of Steel","floor":6,"key":"SMITH"},{"data":"Deadly Poison","floor":8,"key":"SMITH"},{"data":"Skewer","floor":12,"key":"SMITH"},{"floor":15,"key":"REST"},{"floor":23,"key":"REST"}],"neow_cost":"NONE","seed_source_timestamp":943392771162725,"circlet_count":0,"master_deck":["Defend_G","Defend_G","Defend_G","Defend_G","Defend_G","Strike_G","Strike_G","Strike_G","Strike_G","Strike_G","Survivor","Neutralize","Storm of Steel+1","Underhanded Strike+1","Noxious Fumes+1","Deadly Poison","Deadly Poison+1","Deadly Poison","Corpse Explosion","Burst","Flying Knee","Swift Strike","Dark Shackles","Outmaneuver+1","Poisoned Stab"],"relics":["Ring of the Snake","Blood Vial","Tough Bandages","Black Star","Matryoshka"],"potions_floor_usage":[10,14,25,25],"damage_taken":[{"damage":1,"enemies":"2 Louse","floor":1,"turns":4},{"damage":0,"enemies":"Jaw Worm","floor":2,"turns":4},{"damage":9,"enemies":"Small Slimes","floor":3,"turns":4},{"damage":1,"enemies":"Red Slaver","floor":10,"turns":2},{"damage":2,"enemies":"Blue Slaver","floor":11,"turns":4},{"damage":25,"enemies":"3 Sentries","floor":14,"turns":8},{"damage":49,"enemies":"Hexaghost","floor":16,"turns":8},{"damage":19,"enemies":"Chosen","floor":18,"turns":6},{"damage":13,"enemies":"Shell Parasite","floor":22,"turns":5},{"damage":19,"enemies":"Chosen and Byrds","floor":24,"turns":5},{"damage":25,"enemies":"Snake Plant","floor":25,"turns":4}],"seed_played":"3238568598335681952","potions_obtained":[{"floor":1,"key":"GamblersBrew"},{"floor":3,"key":"GhostInAJar"},{"floor":16,"key":"FearPotion"},{"floor":18,"key":"Swift Potion"}],"is_trial":false,"path_per_floor":["M","M","M","?","$","R","?","R","T","M","M","R","?","E","R","B",null,"M","?","?","?","M","R","M"],"character_chosen":"THE_SILENT","items_purchased":["Deadly Poison"],"campfire_rested":2,"item_purchase_floors":[5],"current_hp_per_floor":[69,69,60,60,60,60,60,60,60,61,61,61,70,45,66,19,70,51,51,51,30,19,40,23,0],"gold":190,"neow_bonus":"ONE_RANDOM_RARE_CARD","is_prod":false,"is_daily":false,"chose_seed":false,"campfire_upgraded":3,"win_rate":0,"timestamp":1532206933,"path_taken":["M","M","M","?","$","R","?","R","T","?","M","R","?","E","R","BOSS","M","?","?","?","M","R","M","M"],"build_version":"2018-07-19v2","purchased_purges":0,"victory":false,"max_hp_per_floor":[70,70,70,70,70,70,70,70,70,70,70,70,70,70,70,70,70,70,70,70,70,70,70,70,70],"card_choices":[{"not_picked":["Acrobatics","Poisoned Stab"],"picked":"Underhanded Strike","floor":1},{"not_picked":["Blade Dance","Prepared"],"picked":"Noxious Fumes","floor":2},{"not_picked":["PiercingWail","Sucker Punch"],"picked":"Deadly Poison","floor":3},{"not_picked":["Dagger Throw","Quick Slash"],"picked":"Skewer","floor":10},{"not_picked":["Underhanded Strike","Bane"],"picked":"Deadly Poison","floor":11},{"not_picked":["Blur","Poisoned Stab"],"picked":"Corpse Explosion","floor":14},{"not_picked":["Die Die Die","Wraith Form v2"],"picked":"Burst","floor":16},{"not_picked":["Prepared","Masterful Stab"],"picked":"Flying Knee","floor":18},{"not_picked":["Skewer","PiercingWail"],"picked":"Outmaneuver+1","floor":22},{"not_picked":["Underhanded Strike","Slice"],"picked":"Poisoned Stab","floor":24}],"player_experience":69428,"relics_obtained":[{"floor":9,"key":"Blood Vial"},{"floor":14,"key":"Tough Bandages"}],"event_choices":[{"event_name":"Living Wall","player_choice":"Grow","floor":4,"damage_taken":0},{"event_name":"Accursed Blacksmith","player_choice":"Forge","floor":7,"damage_taken":0},{"event_name":"Bonfire Elementals","player_choice":"UNCOMMON","floor":13,"damage_taken":0},{"event_name":"Addict","player_choice":"Obtained Relic","floor":19,"damage_taken":0},{"event_name":"Beggar","player_choice":"Gave Gold","floor":20,"damage_taken":0},{"event_name":"Knowing Skull","player_choice":"CARD CARD ","floor":21,"damage_taken":0}],"is_beta":false,"boss_relics":[{"not_picked":["Coffee Dripper","Velvet Choker"],"picked":"Black Star"}],"items_purged_floors":[],"is_endless":false,"potions_floor_spawned":[1,3,16,18],"killed_by":"Snake Plant","ascension_level":0}