{"gold_per_floor":[114,126,126,136,152,152,152,163,163,163,180,180,23,49,49,145,145,165,183,200,200,200,200,219,219,219,134,134,160,204,228,240,357,369,395,407,419,448,84,84,98,115,167,167,167,179,197,210,210,210],"floor_reached":51,"playtime":2982,"items_purged":["Strike_B","Strike_B"],"score":960,"play_id":"eb1f03e9-d9cf-4e10-ad44-20b16714088a","local_time":"20180918054350","is_ascension_mode":true,"campfire_choices":[{"floor":6,"key":"REST"},{"data":"Zap","floor":10,"key":"SMITH"},{"data":"Self Repair","floor":12,"key":"SMITH"},{"data":"Storm","floor":15,"key":"SMITH"},{"floor":23,"key":"REST"},{"floor":28,"key":"REST"},{"floor":32,"key":"REST"},{"floor":40,"key":"REST"},{"floor":44,"key":"REST"},{"floor":49,"key":"REST"}],"neow_cost":"NONE","seed_source_timestamp":231539812965164,"circlet_count":0,"master_deck":["Strike_B","Defend_B","Defend_B","Defend_B","Defend_B","Zap+1","Dualcast+1","AscendersBane","Auto Shields","Hologram","Self Repair+1","Go for the Eyes","BootSequence","Rip and Tear","Storm+1","Seek","Static Discharge","Darkness","Heatsinks+1","Consume+1","Rebound+1","Static Discharge+1","Electrodynamics","BootSequence+1","Writhe","Steam Power","Conserve Battery+1","Self Repair","Skim+1","Hologram+1"],"relics":["Cracked Core","NeowsBlessing","Darkstone Periapt","Oddly Smooth Stone","Black Star","Enchiridion","Gremlin Horn","StoneCalendar","MawBank","Letter Opener","Mercury Hourglass","Lizard Tail","Runic Capacitor","Blood Vial"],"potions_floor_usage":[14,21,25,25,33,35,41,47,50,50],"damage_taken":[{"damage":0,"enemies":"2 Louse","floor":1,"turns":1},{"damage":0,"enemies":"Jaw Worm","floor":2,"turns":1},{"damage":0,"enemies":"Cultist","floor":4,"turns":1},{"damage":21,"enemies":"Large Slime","floor":5,"turns":10},{"damage":1,"enemies":"2 Fungi Beasts","floor":8,"turns":3},{"damage":1,"enemies":"Blue Slaver","floor":11,"turns":4},{"damage":32,"enemies":"Lagavulin","floor":14,"turns":7},{"damage":41,"enemies":"The Guardian","floor":16,"turns":15},{"damage":20,"enemies":"Shell Parasite","floor":18,"turns":9},{"damage":9,"enemies":"Spheric Guardian","floor":19,"turns":4},{"damage":46,"enemies":"3 Cultists","floor":20,"turns":5},{"damage":0,"enemies":"Centurion and Healer","floor":21,"turns":1},{"damage":0,"enemies":"Chosen and Byrds","floor":24,"turns":4},{"damage":16,"enemies":"Colosseum Slavers","floor":25,"turns":4},{"damage":37,"enemies":"Gremlin Leader","floor":30,"turns":6},{"damage":15,"enemies":"3 Cultists","floor":31,"turns":4},{"damage":54,"enemies":"Collector","floor":33,"turns":9},{"damage":47,"enemies":"3 Darklings","floor":35,"turns":3},{"damage":13,"enemies":"Orb Walker","floor":38,"turns":3},{"damage":0,"enemies":"4 Shapes","floor":41,"turns":2},{"damage":14,"enemies":"Reptomancer","floor":42,"turns":3},{"damage":14,"enemies":"Transient","floor":46,"turns":5},{"damage":38,"enemies":"4 Shapes","floor":47,"turns":4},{"damage":28,"enemies":"3 Darklings","floor":48,"turns":3},{"damage":73,"enemies":"Time Eater","floor":50,"turns":7}],"seed_played":"4412410360611434604","potions_obtained":[{"floor":2,"key":"FairyPotion"},{"floor":8,"key":"GamblersBrew"},{"floor":11,"key":"Energy Potion"},{"floor":20,"key":"SmokeBomb"},{"floor":24,"key":"Weak Potion"},{"floor":31,"key":"Explosive Potion"},{"floor":33,"key":"Block Potion"},{"floor":35,"key":"FocusPotion"},{"floor":38,"key":"PowerPotion"},{"floor":41,"key":"SteroidPotion"},{"floor":48,"key":"Poison Potion"}],"is_trial":false,"path_per_floor":["M","M","?","M","M","R","?","M","T","R","M","R","$","E","R","B",null,"M","M","M","M","?","R","M","?","T","?","R","T","E","M","R","B",null,"M","?","?","M","$","R","M","M","T","R","?","M","M","M","R","B"],"character_chosen":"DEFECT","items_purchased":["Storm","Self Repair","Runic Capacitor"],"campfire_rested":7,"item_purchase_floors":[13,39,39],"current_hp_per_floor":[68,68,68,68,54,75,80,80,80,80,80,80,80,58,58,27,67,57,58,22,22,6,30,40,34,34,34,58,58,31,26,50,18,65,18,44,44,38,38,63,63,66,66,86,86,86,48,39,64,60],"gold":210,"neow_bonus":"THREE_ENEMY_KILL","is_prod":false,"is_daily":false,"chose_seed":false,"campfire_upgraded":3,"win_rate":0,"timestamp":1537242230,"path_taken":["M","M","?","M","M","R","?","?","T","R","M","R","$","E","R","BOSS","M","?","M","M","?","R","M","?","T","?","R","?","E","M","R","BOSS","M","?","?","M","?","R","M","M","T","R","?","?","M","M","R","BOSS"],"build_version":"2018-09-06","purchased_purges":2,"victory":true,"max_hp_per_floor":[75,75,75,75,75,75,80,80,80,80,80,80,80,80,80,80,80,80,80,80,80,80,80,80,80,80,80,80,80,80,80,80,80,80,80,86,86,86,86,86,86,86,86,86,86,86,86,86,86,86],"card_choices":[{"not_picked":["Compile Driver","Barrage"],"picked":"Auto Shields","floor":1},{"not_picked":["Steam","Blizzard"],"picked":"Hologram","floor":2},{"not_picked":["Streamline","Coolheaded"],"picked":"Self Repair","floor":4},{"not_picked":["Blizzard","Barrage"],"picked":"Go for the Eyes","floor":5},{"not_picked":["Heatsinks","Ball Lightning"],"picked":"BootSequence","floor":8},{"not_picked":["Steam","Barrage"],"picked":"Rip and Tear","floor":11},{"not_picked":["Steam Power","Steam","Cold Snap"],"picked":"SKIP","floor":14},{"not_picked":["Core Surge","All For One"],"picked":"Seek","floor":16},{"not_picked":["Rebound+1","Reprogram"],"picked":"Static Discharge","floor":18},{"not_picked":["Barrage","FTL"],"picked":"Darkness","floor":19},{"not_picked":["Auto Shields+1","Cold Snap"],"picked":"Heatsinks+1","floor":20},{"not_picked":["Beam Cell","Doom and Gloom"],"picked":"Consume","floor":24},{"not_picked":["Compile Driver","Reprogram"],"picked":"Rebound+1","floor":30},{"not_picked":["Go for the Eyes+1","Turbo"],"picked":"Static Discharge+1","floor":31},{"not_picked":["Hyperbeam","Thunder Strike"],"picked":"Electrodynamics","floor":33},{"not_picked":["Stack","Redo"],"picked":"BootSequence+1","floor":35},{"not_picked":["Leap","Recycle+1"],"picked":"Conserve Battery+1","floor":38},{"not_picked":["Hologram","Tempest"],"picked":"Skim+1","floor":41},{"not_picked":["Cold Snap","Conserve Battery+1"],"picked":"Hologram+1","floor":42},{"not_picked":["Steam","Rebound+1","Beam Cell"],"picked":"SKIP","floor":46},{"not_picked":["Barrage+1","Sweeping Beam","Go for the Eyes"],"picked":"SKIP","floor":47},{"not_picked":["Barrage+1","Sweeping Beam","Go for the Eyes"],"picked":"SKIP","floor":47},{"not_picked":["Coolheaded","Beam Cell","Compile Driver"],"picked":"SKIP","floor":48}],"player_experience":330321,"relics_obtained":[{"floor":9,"key":"Darkstone Periapt"},{"floor":14,"key":"Oddly Smooth Stone"},{"floor":22,"key":"Enchiridion"},{"floor":26,"key":"Gremlin Horn"},{"floor":29,"key":"MawBank"},{"floor":30,"key":"Letter Opener"},{"floor":30,"key":"Mercury Hourglass"},{"floor":43,"key":"Blood Vial"}],"event_choices":[{"event_name":"Living Wall","player_choice":"Grow","floor":3,"damage_taken":0},{"event_name":"Big Fish","player_choice":"Donut","floor":7,"damage_taken":0},{"event_name":"Cursed Tome","player_choice":"Obtained Book","floor":22,"damage_taken":0},{"event_name":"Colosseum","player_choice":"Fight","floor":25,"damage_taken":0},{"event_name":"Colosseum","player_choice":"Fled From Nobs","floor":25,"damage_taken":0},{"event_name":"Addict","player_choice":"Obtained Relic","floor":27,"damage_taken":0},{"event_name":"Winding Halls","player_choice":"Writhe","floor":36,"damage_taken":0},{"event_name":"Transmorgrifier","player_choice":"Transform","floor":37,"damage_taken":0},{"event_name":"Upgrade Shrine","player_choice":"Upgraded","floor":45,"damage_taken":0}],"is_beta":false,"boss_relics":[{"not_picked":["Runic Dome","Velvet Choker"],"picked":"Black Star"},{"not_picked":["Eternal Feather","Inserter"],"picked":"Lizard Tail"}],"items_purged_floors":[13,39],"is_endless":false,"potions_floor_spawned":[2,8,11,20,21,24,31,33,35,38,41,48],"ascension_level":10}