{"gold_per_floor":[119,119,133,151,165,165,182,207,255,255,255,255,255,255,255,360,360,360,360,376,427,427,441,107,107,155,18,18,32,42,42,42,42],"floor_reached":33,"playtime":2128,"items_purged":["Strike_B","Strike_B"],"score":392,"play_id":"d9e2dec3-f817-4533-8a7b-0f58aa0c106f","local_time":"20180919131713","is_ascension_mode":true,"campfire_choices":[{"data":"Dualcast","floor":6.0,"key":"SMITH"},{"floor":10.0,"key":"REST"},{"floor":13.0,"key":"REST"},{"data":"Multi-Cast","floor":15.0,"key":"SMITH"},{"floor":25,"key":"REST"},{"floor":28,"key":"REST"},{"floor":32,"key":"REST"}],"neow_cost":"NONE","seed_source_timestamp":345879472307023,"circlet_count":0,"master_deck":["Strike_B","Defend_B","Defend_B","Defend_B","Defend_B","Zap","Dualcast+1","AscendersBane","Ball Lightning","Hologram","Streamline+1","Conserve Battery","Multi-Cast+1","Core Surge","Dualcast+1","Ball Lightning+1","J.A.X.","Mind Blast","BootSequence","Ball Lightning","Steam","Writhe"],"special_seed":0,"relics":["Cracked Core","Juzu Bracelet","Oddly Smooth Stone","DataDisk","White Beast Statue","Boot","Anchor","Strawberry","Cables"],"potions_floor_usage":[18,23,30,30,33],"damage_taken":[{"damage":0.0,"enemies":"Small Slimes","floor":1.0,"turns":2.0},{"damage":8.0,"enemies":"2 Louse","floor":3.0,"turns":3.0},{"damage":0.0,"enemies":"Jaw Worm","floor":4.0,"turns":1.0},{"damage":4.0,"enemies":"Looter","floor":5.0,"turns":3.0},{"damage":0.0,"enemies":"3 Louse","floor":7.0,"turns":2.0},{"damage":30.0,"enemies":"Lagavulin","floor":8.0,"turns":4.0},{"damage":62.0,"enemies":"The Guardian","floor":16.0,"turns":10.0},{"damage":0,"enemies":"2 Thieves","floor":18,"turns":1},{"damage":12,"enemies":"Shell Parasite","floor":20,"turns":3},{"damage":41,"enemies":"Cultist and Chosen","floor":23,"turns":7},{"damage":45,"enemies":"Shelled Parasite and Fungi","floor":29,"turns":7},{"damage":12,"enemies":"Chosen and Byrds","floor":30,"turns":4},{"damage":52,"enemies":"Champ","floor":33,"turns":5}],"seed_played":"948849853906867936","potions_obtained":[{"floor":3.0,"key":"Fire Potion"},{"floor":5.0,"key":"AttackPotion"},{"floor":7.0,"key":"Poison Potion"},{"floor":16.0,"key":"SmokeBomb"},{"floor":20,"key":"Swift Potion"},{"floor":23,"key":"PowerPotion"},{"floor":29,"key":"Explosive Potion"},{"floor":30,"key":"FocusPotion"}],"is_trial":false,"path_per_floor":["M","?","M","M","M","R","M","E","T","R","?","?","R","?","R","B",null,"M","?","M","T","?","M","$","R","T","$","R","M","M","?","R"],"character_chosen":"DEFECT","items_purchased":["Anchor","Mind Blast","BootSequence"],"campfire_rested":5,"item_purchase_floors":[24,24,27],"current_hp_per_floor":[68,73,65,65,61,61,61,31,31,55,48,48,72,72,72,10,63,63,63,51,51,51,10,10,34,41,41,67,22,10,10,36,0],"gold":42,"neow_bonus":"RANDOM_COMMON_RELIC","is_prod":false,"is_daily":false,"chose_seed":false,"campfire_upgraded":2,"win_rate":0,"timestamp":1537355833,"path_taken":["M","?","M","M","M","R","M","E","T","R","?","?","R","?","R","BOSS","M","?","M","?","?","M","$","R","T","$","R","M","M","?","R","BOSS"],"build_version":"2018-09-06","purchased_purges":2,"victory":false,"max_hp_per_floor":[75,80,80,80,80,80,80,80,80,80,80,80,80,80,80,80,80,80,80,80,80,80,80,80,80,87,87,87,87,87,87,87,87],"card_choices":[{"not_picked":["Rebound","Steam"],"picked":"Ball Lightning","floor":1.0},{"not_picked":["Stack","Double Energy","Glacier"],"picked":"SKIP","floor":3.0},{"not_picked":["Stack","Reboot"],"picked":"Hologram","floor":4.0},{"not_picked":["Chaos","Gash"],"picked":"Streamline","floor":5.0},{"not_picked":["Cold Snap","Barrage"],"picked":"Conserve Battery","floor":7.0},{"not_picked":["Consume","Turbo"],"picked":"Multi-Cast","floor":8.0},{"not_picked":["Thunder Strike","Amplify"],"picked":"Core Surge","floor":16.0},{"not_picked":["Coolheaded","Lockon"],"picked":"Ball Lightning+1","floor":20},{"not_picked":["Skim","Beam Cell","Streamline"],"picked":"SKIP","floor":23},{"not_picked":["Hello World","Consume"],"picked":"Ball Lightning","floor":29},{"not_picked":["Go for the Eyes","Darkness"],"picked":"Steam","floor":30}],"player_experience":400722,"relics_obtained":[{"floor":8.0,"key":"Oddly Smooth Stone"},{"floor":9.0,"key":"DataDisk"},{"floor":21,"key":"Boot"},{"floor":26,"key":"Strawberry"}],"event_choices":[{"event_name":"Big Fish","player_choice":"Donut","floor":2.0,"damage_taken":0.0},{"event_name":"Golden Wing","player_choice":"Card Removal","floor":11.0,"damage_taken":0.0},{"event_name":"Dead Adventurer","player_choice":"Searched \u00270\u0027 times","floor":12.0,"damage_taken":0.0},{"event_name":"Living Wall","player_choice":"Grow","floor":14.0,"damage_taken":0.0},{"event_name":"Duplicator","player_choice":"One dupe","floor":19,"damage_taken":0},{"event_name":"Drug Dealer","player_choice":"Got JAX","floor":22,"damage_taken":0},{"event_name":"The Mausoleum","player_choice":"Yes","floor":31,"damage_taken":0}],"is_beta":false,"boss_relics":[{"not_picked":["Philosopher\u0027s Stone","Inserter"],"picked":"White Beast Statue"}],"items_purged_floors":[24,27],"is_endless":false,"potions_floor_spawned":[3,5,7,16,18,20,23,29,30],"killed_by":"Champ","ascension_level":12}