{"path_per_floor":["M","M","$","M","M","$","R","?","T","E","R","M","$","E","R","B",null,"M","M","?"],"character_chosen":"IRONCLAD","items_purchased":["Perfected Strike","Blood Vial","Perfected Strike"],"gold_per_floor":[114,125,100,111,129,129,129,304,355,386,386,396,207,235,235,332,332,345,364,364,364],"floor_reached":21,"campfire_rested":2,"playtime":895,"current_hp_per_floor":[76,69,69,58,49,49,73,73,73,57,57,50,50,48,72,22,80,54,37,37,0],"items_purged":[],"gold":364,"score":189,"play_id":"8d6cd905-ab36-4c4a-b3a5-306fea389652","local_time":"20180407141807","is_prod":false,"is_daily":false,"is_ascension_mode":false,"campfire_upgraded":0,"timestamp":1523107087,"path_taken":["M","M","?","M","M","$","R","?","T","E","R","M","$","E","R","BOSS","M","M","?","M"],"build_version":"2018-04-05v2","purchased_purges":0,"victory":false,"master_deck":["Strike_R","Strike_R","Strike_R","Strike_R","Strike_R","Defend_R","Defend_R","Defend_R","Defend_R","Bash","Uppercut","Fire Breathing","Perfected Strike","Demon Form","Perfected Strike","Doubt","Heavy Blade","Clothesline","Perfected Strike","Limit Break","Normality","Regret","Clumsy","Inflame","True Grit+1","Demon Form"],"max_hp_per_floor":[80,80,80,80,80,80,80,80,80,80,80,80,80,80,80,80,80,80,80,80,80],"relics":["Cursed Key","Prayer Wheel","Peace Pipe","Blood Vial","Question Card","Calling Bell","Vajra","Bronze Scales","Juzu Bracelet"],"card_choices":[{"not_picked":["Thunderclap","True Grit"],"picked":"Uppercut","floor":1},{"not_picked":["Wild Strike","Armaments"],"picked":"Fire Breathing","floor":2},{"not_picked":["Ghostly Armor","Pummel"],"picked":"Demon Form","floor":4},{"not_picked":["Twin Strike","Iron Wave"],"picked":"Perfected Strike","floor":5},{"not_picked":["Rampage","Warcry"],"picked":"Heavy Blade","floor":10},{"not_picked":["Headbutt","Searing Blow"],"picked":"Clothesline","floor":12},{"not_picked":["Juggernaut","Double Tap","Demon Form"],"picked":"Limit Break","floor":16},{"not_picked":["Disarm","Second Wind","Spot Weakness"],"picked":"Inflame","floor":18},{"not_picked":["Dual Wield","Feel No Pain","Shockwave"],"picked":"True Grit","floor":19}],"player_experience":26766,"potions_floor_usage":[14,14,14],"damage_taken":[{"damage":4,"enemies":"Cultist","floor":1,"turns":4},{"damage":7,"enemies":"2 Louse","floor":2,"turns":2},{"damage":11,"enemies":"Jaw Worm","floor":4,"turns":2},{"damage":9,"enemies":"Exordium Wildlife","floor":5,"turns":3},{"damage":16,"enemies":"Gremlin Nob","floor":10,"turns":3},{"damage":7,"enemies":"Looter","floor":12,"turns":2},{"damage":13,"enemies":"3 Sentries","floor":14,"turns":5},{"damage":52,"enemies":"Hexaghost","floor":16,"turns":7},{"damage":26,"enemies":"2 Thieves","floor":18,"turns":4},{"damage":19,"enemies":"3 Byrds","floor":19,"turns":3},{"damage":44,"enemies":"Cultist and Chosen","floor":21,"turns":5}],"event_choices":[{"event_name":"Liars Game","player_choice":"agreed","floor":8,"damage_taken":0},{"event_name":"Duplicator","player_choice":"One dupe","floor":20,"damage_taken":0}],"boss_relics":[{"not_picked":["Snecko Eye","Philosopher\u0027s Stone"],"picked":"Calling Bell"}],"potions_floor_spawned":[2,5,12],"seed_played":"-3504761973764420855","killed_by":"Cultist and Chosen","ascension_level":0,"is_trial":false}