{"gold_per_floor":[117,130,130,130,4,4,23,33,56,76,151,207,238,254,254,353,353,372,385,396,396,396],"floor_reached":22,"playtime":1270,"items_purged":["Defend_G"],"score":188,"play_id":"9c5a8bb7-5b03-4827-9dde-3f9910e86063","local_time":"20190211185443","is_ascension_mode":false,"campfire_choices":[{"data":"A Thousand Cuts","floor":6,"key":"SMITH"},{"floor":15,"key":"REST"}],"neow_cost":"NONE","seed_source_timestamp":185560599777371,"circlet_count":0,"master_deck":["Defend_G","Defend_G","Defend_G","Defend_G","Strike_G","Survivor","Neutralize","A Thousand Cuts+1","Reflex","Calculated Gamble","Cloak And Dagger","Deflect","Cloak And Dagger","Slice","Night Terror","All Out Attack+1","Finisher+1","Tools of the Trade+1","Prepared+1","Deflect","Blade Dance+1"],"relics":["Ring of the Snake","Darkstone Periapt","Shovel","Orichalcum","Astrolabe"],"potions_floor_usage":[12,12,20,21,21],"damage_taken":[{"damage":3,"enemies":"2 Louse","floor":1,"turns":4},{"damage":0,"enemies":"Jaw Worm","floor":2,"turns":6},{"damage":1,"enemies":"Cultist","floor":7,"turns":4},{"damage":0,"enemies":"Large Slime","floor":8,"turns":5},{"damage":4,"enemies":"3 Louse","floor":10,"turns":2},{"damage":5,"enemies":"3 Sentries","floor":12,"turns":7},{"damage":28,"enemies":"Gremlin Nob","floor":13,"turns":5},{"damage":4,"enemies":"Looter","floor":14,"turns":4},{"damage":39,"enemies":"The Guardian","floor":16,"turns":18},{"damage":14,"enemies":"Spheric Guardian","floor":18,"turns":5},{"damage":24,"enemies":"Chosen","floor":19,"turns":8},{"damage":6,"enemies":"Snecko","floor":20,"turns":6},{"damage":2,"enemies":"Colosseum Slavers","floor":21,"turns":5},{"damage":25,"enemies":"Snake Plant","floor":22,"turns":4}],"seed_played":"405307716820328831","potions_obtained":[{"floor":7,"key":"SpeedPotion"},{"floor":10,"key":"Regen Potion"},{"floor":16,"key":"Strength Potion"},{"floor":19,"key":"Ancient Potion"},{"floor":20,"key":"Dexterity Potion"}],"is_trial":false,"path_per_floor":["M","M","?","T","$","R","M","M","T","M","?","?","E","M","R","B",null,"M","M","M","?","M"],"character_chosen":"THE_SILENT","items_purchased":["Cloak And Dagger"],"campfire_rested":1,"item_purchase_floors":[5],"current_hp_per_floor":[67,67,60,60,60,60,59,59,59,55,44,54,26,22,43,4,70,56,32,26,24,0],"gold":396,"neow_bonus":"ONE_RANDOM_RARE_CARD","is_prod":false,"is_daily":false,"chose_seed":false,"campfire_upgraded":1,"win_rate":0,"timestamp":1549929283,"path_taken":["M","M","?","?","$","R","M","?","T","M","?","?","E","M","R","BOSS","M","M","M","?","M"],"build_version":"2019-01-23","purchased_purges":1,"victory":false,"max_hp_per_floor":[70,70,70,70,70,70,70,70,70,70,70,70,70,70,70,70,70,70,70,70,70,70],"card_choices":[{"not_picked":["Backflip","Skewer"],"picked":"Reflex","floor":1},{"not_picked":["Sucker Punch","Reflex"],"picked":"Calculated Gamble","floor":2},{"not_picked":["Noxious Fumes","Heel Hook","Backflip"],"picked":"SKIP","floor":7},{"not_picked":["Dagger Throw","Choke"],"picked":"Deflect","floor":8},{"not_picked":["Dodge and Roll","Sucker Punch"],"picked":"Cloak And Dagger","floor":10},{"not_picked":["Catalyst","Well Laid Plans","Setup"],"picked":"SKIP","floor":13},{"not_picked":["Prepared","Flying Knee"],"picked":"Slice","floor":14},{"not_picked":["Grand Finale","Phantasmal Killer"],"picked":"Night Terror","floor":16},{"not_picked":["Bane","Blade Dance"],"picked":"Prepared+1","floor":18},{"not_picked":["Catalyst+1","Escape Plan"],"picked":"Deflect","floor":19},{"not_picked":["Calculated Gamble","Bane+1"],"picked":"Blade Dance+1","floor":20}],"player_experience":656617,"relics_obtained":[{"floor":4,"key":"Darkstone Periapt"},{"floor":12,"key":"Shovel"},{"floor":13,"key":"Orichalcum"}],"event_choices":[{"cards_removed":["Strike_G"],"damage_healed":0,"gold_gain":0,"player_choice":"Card Removal","damage_taken":7,"max_hp_gain":0,"max_hp_loss":0,"event_name":"Golden Wing","floor":3,"gold_loss":0},{"damage_healed":0,"gold_gain":75,"player_choice":"Gather Gold","damage_taken":11,"max_hp_gain":0,"max_hp_loss":0,"event_name":"World of Goop","floor":11,"gold_loss":0},{"damage_healed":0,"gold_gain":0,"player_choice":"Searched \u00271\u0027 times","damage_taken":0,"max_hp_gain":0,"max_hp_loss":0,"event_name":"Dead Adventurer","floor":12,"gold_loss":0},{"damage_healed":0,"gold_gain":0,"player_choice":"Fight","damage_taken":0,"max_hp_gain":0,"max_hp_loss":0,"event_name":"Colosseum","floor":21,"gold_loss":0},{"damage_healed":0,"gold_gain":0,"player_choice":"Fled From Nobs","damage_taken":0,"max_hp_gain":0,"max_hp_loss":0,"event_name":"Colosseum","floor":21,"gold_loss":0}],"is_beta":false,"boss_relics":[{"not_picked":["Empty Cage","Lizard Tail"],"picked":"Astrolabe"}],"items_purged_floors":[5],"is_endless":false,"potions_floor_spawned":[7,10,16,19,20,21],"killed_by":"Snake Plant","ascension_level":0}