{"gold_per_floor":[109,109,34,109,109,109,143,154,154,55,74,74,74,101,101,175,175,188,188,202,221,221,221,48,48,48,48,58,58,58,86,86,86],"floor_reached":33,"playtime":1076,"items_purged":["Strike_R"],"score":484,"play_id":"9749e24e-edae-4711-b13a-2c678b1451cb","local_time":"20181105132756","is_ascension_mode":true,"campfire_choices":[{"data":"Combust","floor":6,"key":"SMITH"},{"data":"Bash","floor":15,"key":"SMITH"},{"floor":23,"key":"REST"},{"data":"Blood for Blood","floor":25,"key":"SMITH"},{"data":"True Grit","floor":30,"key":"SMITH"},{"floor":32,"key":"REST"}],"neow_cost":"TEN_PERCENT_HP_LOSS","seed_source_timestamp":11593480245029,"circlet_count":0,"master_deck":["AscendersBane","Strike_R","Strike_R","Strike_R","Defend_R","Defend_R","Defend_R","Bash+1","Blood for Blood+1","Spot Weakness","Combust+1","Hemokinesis","Reckless Charge","True Grit+1","Power Through","Shrug It Off","Blood for Blood+1","Shockwave","Dropkick","Impervious","Shame","Feel No Pain"],"relics":["Burning Blood","Magic Flower","Shuriken","Vajra","White Beast Statue","Nilry\u0027s Codex","Pen Nib","WingedGreaves","Oddly Smooth Stone","Dead Branch","Blood Vial"],"potions_floor_usage":[16,18,20,20,21,31,33],"damage_taken":[{"damage":12,"enemies":"Jaw Worm","floor":1,"turns":2},{"damage":34,"enemies":"Lagavulin","floor":7,"turns":6},{"damage":10,"enemies":"2 Louse","floor":8,"turns":3},{"damage":3,"enemies":"Cultist","floor":11,"turns":2},{"damage":17,"enemies":"3 Sentries","floor":14,"turns":5},{"damage":14,"enemies":"Slime Boss","floor":16,"turns":6},{"damage":26,"enemies":"Shell Parasite","floor":18,"turns":4},{"damage":23,"enemies":"3 Byrds","floor":20,"turns":4},{"damage":18,"enemies":"Shelled Parasite and Fungi","floor":21,"turns":3},{"damage":7,"enemies":"3 Cultists","floor":28,"turns":5},{"damage":30,"enemies":"Slavers","floor":31,"turns":4},{"damage":53,"enemies":"Collector","floor":33,"turns":5}],"seed_played":"6925378311434565829","potions_obtained":[{"floor":1,"key":"Regen Potion"},{"floor":14,"key":"Strength Potion"},{"floor":16,"key":"Block Potion"},{"floor":18,"key":"SkillPotion"},{"floor":20,"key":"GamblersBrew"},{"floor":21,"key":"Ancient Potion"},{"floor":28,"key":"Fire Potion"},{"floor":31,"key":"Strength Potion"}],"is_trial":false,"path_per_floor":["M","?","$","?","?","R","E","M","T","$","M","?","?","E","R","B",null,"M","?","M","M","?","R","$","R","T","T","M","?","R","E","R","B"],"character_chosen":"IRONCLAD","items_purchased":["Combust","True Grit","Pen Nib"],"campfire_rested":2,"item_purchase_floors":[3,10,24],"current_hp_per_floor":[62,62,62,62,44,44,16,15,15,15,21,21,43,35,35,30,59,42,21,21,12,12,32,32,32,32,32,34,34,34,13,33,0],"gold":86,"neow_bonus":"TRANSFORM_TWO_CARDS","is_prod":false,"is_daily":false,"chose_seed":false,"campfire_upgraded":4,"win_rate":0,"timestamp":1541420876,"path_taken":["M","?","$","?","?","R","E","M","T","?","?","?","?","E","R","BOSS","M","?","M","M","?","R","?","R","T","?","M","?","R","E","R","BOSS"],"build_version":"2018-11-02","purchased_purges":1,"victory":false,"max_hp_per_floor":[68,68,68,68,68,68,68,68,68,68,68,68,68,68,68,68,68,68,68,68,68,68,68,68,68,68,68,68,68,68,68,68,68],"card_choices":[{"not_picked":["Headbutt","Flex"],"picked":"Spot Weakness","floor":1},{"not_picked":["Whirlwind","Dark Embrace"],"picked":"Hemokinesis","floor":7},{"not_picked":["Armaments","Body Slam"],"picked":"Reckless Charge","floor":8},{"not_picked":["Sword Boomerang","Warcry"],"picked":"Power Through","floor":11},{"not_picked":["True Grit","Cleave"],"picked":"Shrug It Off","floor":14},{"not_picked":["Barricade","Demon Form"],"picked":"Dark Embrace","floor":16},{"not_picked":["Wild Strike","Heavy Blade"],"picked":"Blood for Blood","floor":18},{"not_picked":["Cleave","True Grit"],"picked":"Shockwave","floor":20},{"not_picked":["Flex","Clothesline","Burning Pact"],"picked":"SKIP","floor":21},{"not_picked":["Sentinel","Flex","Carnage"],"picked":"SKIP","floor":28},{"not_picked":["Twin Strike","Clothesline"],"picked":"Feel No Pain","floor":31}],"player_experience":313255,"relics_obtained":[{"floor":7,"key":"Magic Flower"},{"floor":9,"key":"Shuriken"},{"floor":14,"key":"Vajra"},{"floor":19,"key":"Nilry\u0027s Codex"},{"floor":26,"key":"WingedGreaves"},{"floor":27,"key":"Oddly Smooth Stone"},{"floor":31,"key":"Blood Vial"}],"event_choices":[{"damage_healed":0,"gold_gain":0,"player_choice":"Grow","damage_taken":0,"max_hp_gain":0,"max_hp_loss":0,"event_name":"Living Wall","floor":2,"gold_loss":0,"cards_upgraded":["Blood for Blood"]},{"damage_healed":0,"gold_gain":75,"player_choice":"Gained Gold","damage_taken":0,"max_hp_gain":0,"max_hp_loss":0,"event_name":"Golden Wing","floor":4,"gold_loss":0},{"damage_healed":0,"gold_gain":0,"player_choice":"Fled","damage_taken":18,"max_hp_gain":0,"max_hp_loss":0,"event_name":"Scrap Ooze","floor":5,"gold_loss":0},{"damage_healed":0,"gold_gain":0,"player_choice":"Ignored","damage_taken":0,"max_hp_gain":0,"max_hp_loss":0,"event_name":"Golden Idol","floor":12,"gold_loss":0},{"damage_healed":22,"gold_gain":0,"player_choice":"Banana","damage_taken":0,"max_hp_gain":0,"max_hp_loss":0,"event_name":"Big Fish","floor":13,"gold_loss":0},{"damage_healed":0,"gold_gain":0,"player_choice":"Obtained Book","damage_taken":21,"max_hp_gain":0,"max_hp_loss":0,"event_name":"Cursed Tome","floor":19,"gold_loss":0},{"damage_healed":0,"gold_gain":0,"cards_transformed":["Thunderclap","Dark Embrace"],"player_choice":"Became Test Subject","damage_taken":0,"max_hp_gain":0,"max_hp_loss":0,"event_name":"Drug Dealer","floor":22,"gold_loss":0,"cards_obtained":["Dropkick","Impervious"]},{"damage_healed":0,"gold_gain":0,"player_choice":"Stole Relic","damage_taken":0,"relics_obtained":["Dead Branch"],"max_hp_gain":0,"max_hp_loss":0,"event_name":"Addict","floor":29,"gold_loss":0,"cards_obtained":["Shame"]}],"is_beta":true,"boss_relics":[{"not_picked":["Lizard Tail","Orrery"],"picked":"White Beast Statue"}],"items_purged_floors":[10],"is_endless":false,"potions_floor_spawned":[1,14,16,18,20,21,28,31],"killed_by":"Collector","ascension_level":16}