{"gold_per_floor":[116,134,134,151,15,50,50,50,50,68,68,102,122,138,138,213,213,229,229,247,247],"floor_reached":21,"playtime":1317,"items_purged":["Strike_B"],"score":388,"play_id":"a21bd339-50be-41d3-b89f-9934cf3388a6","local_time":"20180924182010","is_ascension_mode":true,"campfire_choices":[{"floor":7,"key":"REST"},{"floor":11,"key":"REST"},{"floor":15,"key":"REST"}],"neow_cost":"PERCENT_DAMAGE","seed_source_timestamp":797008096531495,"circlet_count":0,"master_deck":["Strike_B","Strike_B","Defend_B","Defend_B","Defend_B","Zap+1","Dualcast","AscendersBane","Auto Shields","Gash","Doom and Gloom","Go for the Eyes","Hologram","Hologram","Gash","Hologram+1","Rip and Tear","Buffer","Sweeping Beam+1","Hologram+1"],"relics":["Cracked Core","Pocketwatch","Shuriken","Toxic Egg 2","Inserter"],"potions_floor_usage":[6,10,14,16,20,21],"damage_taken":[{"damage":8,"enemies":"Small Slimes","floor":1,"turns":4},{"damage":0,"enemies":"Jaw Worm","floor":2,"turns":3},{"damage":0,"enemies":"2 Louse","floor":4,"turns":3},{"damage":30,"enemies":"Lagavulin","floor":6,"turns":5},{"damage":0,"enemies":"Gremlin Gang","floor":10,"turns":3},{"damage":31,"enemies":"Gremlin Nob","floor":12,"turns":4},{"damage":7,"enemies":"Lots of Slimes","floor":13,"turns":3},{"damage":0,"enemies":"Blue Slaver","floor":14,"turns":2},{"damage":19,"enemies":"Slime Boss","floor":16,"turns":7},{"damage":0,"enemies":"Chosen","floor":18,"turns":4},{"damage":44,"enemies":"Colosseum Slavers","floor":19,"turns":6},{"damage":13,"enemies":"3 Byrds","floor":20,"turns":5},{"damage":3,"enemies":"Centurion and Healer","floor":21,"turns":1}],"seed_played":"6667488372455877106","potions_obtained":[{"floor":2,"key":"Explosive Potion"},{"floor":4,"key":"Regen Potion"},{"floor":13,"key":"Fire Potion"},{"floor":14,"key":"Poison Potion"},{"floor":16,"key":"FocusPotion"},{"floor":20,"key":"Energy Potion"}],"is_trial":false,"path_per_floor":["M","M","?","M","$","E","R","?","T","M","R","E","M","M","R","B",null,"M","?","M"],"character_chosen":"DEFECT","items_purchased":["Go for the Eyes"],"campfire_rested":3,"item_purchase_floors":[5],"current_hp_per_floor":[38,38,38,38,38,22,43,43,43,43,64,33,26,26,47,28,60,60,16,3,0],"gold":247,"neow_bonus":"REMOVE_TWO","is_prod":false,"is_daily":false,"chose_seed":false,"campfire_upgraded":0,"win_rate":0,"timestamp":1537806010,"path_taken":["M","M","?","?","?","E","R","?","T","M","R","E","M","M","R","BOSS","M","?","?","?"],"build_version":"2018-09-20","purchased_purges":1,"victory":false,"max_hp_per_floor":[71,71,71,71,71,71,71,71,71,71,71,71,71,71,71,71,71,71,71,71,71],"card_choices":[{"not_picked":["Coolheaded","Storm"],"picked":"Auto Shields","floor":1},{"not_picked":["Stack","Redo"],"picked":"Gash","floor":2},{"not_picked":["Fusion","Rebound"],"picked":"Doom and Gloom","floor":4},{"not_picked":["Sweeping Beam","Lockon"],"picked":"Hologram","floor":6},{"not_picked":["Cold Snap","FTL"],"picked":"Hologram","floor":10},{"not_picked":["Amplify","Compile Driver"],"picked":"Gash","floor":12},{"not_picked":["Sweeping Beam","Conserve Battery+1"],"picked":"Hologram+1","floor":13},{"not_picked":["Cold Snap","Turbo+1"],"picked":"Rip and Tear","floor":14},{"not_picked":["Amplify+1","Hyperbeam"],"picked":"Buffer","floor":16},{"not_picked":["Stack+1","Undo+1"],"picked":"Sweeping Beam+1","floor":18},{"not_picked":["Heatsinks","Reprogram+1"],"picked":"Hologram+1","floor":20}],"player_experience":631269,"relics_obtained":[{"floor":6,"key":"Pocketwatch"},{"floor":9,"key":"Shuriken"},{"floor":12,"key":"Toxic Egg 2"}],"event_choices":[{"event_name":"Living Wall","player_choice":"Grow","floor":3,"damage_taken":0},{"event_name":"Dead Adventurer","player_choice":"Searched \u00270\u0027 times","floor":8,"damage_taken":0},{"event_name":"Colosseum","player_choice":"Fight","floor":19,"damage_taken":0},{"event_name":"Colosseum","player_choice":"Fled From Nobs","floor":19,"damage_taken":0}],"is_beta":false,"boss_relics":[{"not_picked":["Coffee Dripper","Runic Dome"],"picked":"Inserter"}],"items_purged_floors":[5],"is_endless":false,"potions_floor_spawned":[2,4,13,14,16,20],"killed_by":"Centurion and Healer","ascension_level":18}