{"path_per_floor":["M","M","M","?","M","E","R","?","T","R","E","$","R","M","R","B",null,"M","M","?","M","?","R","E","R","T","E","M","E","$","?","R","B",null,"M","M","M","M","$","R","T","E","T","E","M","$","M","?","R","B"],"character_chosen":"DEFECT","items_purchased":["Pantograph","Gash","Pen Nib"],"gold_per_floor":[118,133,147,147,166,194,194,194,221,221,247,172,172,184,184,281,281,261,275,200,215,215,215,242,242,242,268,288,318,62,62,62,165,165,179,198,211,229,54,54,130,155,155,187,201,101,119,119,119,119],"floor_reached":51,"campfire_rested":4,"playtime":2665,"item_purchase_floors":[30,39,39],"current_hp_per_floor":[75,75,67,67,57,25,25,18,18,40,22,22,22,22,44,33,75,60,60,60,52,52,52,48,48,48,48,48,45,45,45,45,35,75,62,52,39,15,15,60,60,60,60,44,43,43,43,43,75,53],"items_purged":["Strike_B","Injury"],"gold":119,"score":875,"play_id":"fb9055bf-afd1-4fbe-9732-ed987015b1aa","local_time":"20180602115646","is_prod":false,"is_daily":false,"chose_seed":false,"is_ascension_mode":false,"campfire_upgraded":5,"win_rate":0,"timestamp":1527955006,"campfire_choices":[{"data":"Zap","floor":7,"key":"SMITH"},{"floor":10,"key":"REST"},{"data":"Dualcast","floor":13,"key":"SMITH"},{"floor":15,"key":"REST"},{"data":"Compile Driver","floor":23,"key":"SMITH"},{"data":"Go for the Eyes","floor":25,"key":"SMITH"},{"data":"Rebound","floor":32,"key":"SMITH"},{"floor":40,"key":"REST"},{"floor":49,"key":"REST"}],"path_taken":["M","M","M","?","M","E","R","?","T","R","E","$","R","M","R","BOSS","M","M","?","M","?","R","E","R","T","E","M","E","$","?","R","BOSS","M","M","?","M","$","R","?","E","T","E","M","$","M","?","R","BOSS"],"build_version":"2018-05-30v2","seed_source_timestamp":4873934886286,"purchased_purges":2,"victory":true,"master_deck":["Strike_B","Strike_B","Defend_B+1","Defend_B+1","Zap+1","Dualcast+1","Hologram+1","Compile Driver+1","Go for the Eyes+1","Coolheaded+1","Hologram","Sweeping Beam+1","Beam Cell+1","Rebound+1","Streamline","Leap+1","Leap+1","Steam+1","Gash","Coolheaded+1","Clumsy","Hologram+1","Barrage+1","Gash+1","Doubt"],"max_hp_per_floor":[75,75,75,75,75,75,75,75,75,75,75,75,75,75,75,75,75,75,75,75,75,75,75,75,75,75,75,75,75,75,75,75,75,75,75,75,75,75,75,75,75,75,75,75,75,75,75,75,75,75],"relics":["Cracked Core","War Paint","Omamori","Ancient Tea Set","Cursed Key","Meat on the Bone","Turnip","Bottled Flame","Regal Pillow","DataDisk","Pantograph","Eternal Feather","Pen Nib","Cables","Boot","Question Card","Kunai"],"card_choices":[{"not_picked":["Storm","Coolheaded"],"picked":"Hologram","floor":1},{"not_picked":["Darkness","Chaos","Storm"],"picked":"SKIP","floor":2},{"not_picked":["Skim","Melter","Auto Shields"],"picked":"SKIP","floor":3},{"not_picked":["Sweeping Beam","Stack"],"picked":"Compile Driver","floor":5},{"not_picked":["Force Field","Rainbow","Rip and Tear"],"picked":"SKIP","floor":6},{"not_picked":["Reprogram","Capacitor","Doom and Gloom"],"picked":"SKIP","floor":11},{"not_picked":["Sweeping Beam","Reinforced Body"],"picked":"Go for the Eyes","floor":14},{"not_picked":["Double Energy","Hologram"],"picked":"Coolheaded+1","floor":18},{"not_picked":["Sweeping Beam","Chaos"],"picked":"Hologram","floor":19},{"not_picked":["Aggregate","Auto Shields","Reinforced Body"],"picked":"SKIP","floor":21},{"not_picked":["Auto Shields","FTL","Darkness"],"picked":"SKIP","floor":24},{"not_picked":["Leap","Conserve Battery"],"picked":"Sweeping Beam+1","floor":27},{"not_picked":["Doom and Gloom","Rip and Tear+1"],"picked":"Beam Cell+1","floor":28},{"not_picked":["Double Energy+1","Glacier"],"picked":"Rebound","floor":29},{"not_picked":["Rebound+1","Sweeping Beam"],"picked":"Streamline","floor":35},{"not_picked":["Compile Driver+1","Blizzard+1"],"picked":"Leap+1","floor":36},{"not_picked":["Compile Driver+1","Conserve Battery"],"picked":"Leap+1","floor":37},{"not_picked":["Hologram+1","Glacier+1"],"picked":"Steam+1","floor":38},{"not_picked":["Leap+1","Electrodynamics"],"picked":"Coolheaded+1","floor":42},{"not_picked":["Compile Driver","Tempest+1","Conserve Battery+1"],"picked":"Hologram+1","floor":44},{"not_picked":["Hologram+1","Compile Driver","Defragment"],"picked":"Barrage+1","floor":45},{"not_picked":["Conserve Battery","Creative AI","Sunder+1"],"picked":"Gash+1","floor":47}],"player_experience":262496,"potions_floor_usage":[16,16,18,33,37,42,50,50,50],"damage_taken":[{"damage":0,"enemies":"2 Louse","floor":1,"turns":2},{"damage":0,"enemies":"Cultist","floor":2,"turns":3},{"damage":8,"enemies":"Jaw Worm","floor":3,"turns":3},{"damage":10,"enemies":"Looter","floor":5,"turns":3},{"damage":32,"enemies":"Gremlin Nob","floor":6,"turns":4},{"damage":18,"enemies":"Lagavulin","floor":11,"turns":7},{"damage":0,"enemies":"Exordium Wildlife","floor":14,"turns":2},{"damage":11,"enemies":"Slime Boss","floor":16,"turns":10},{"damage":15,"enemies":"2 Thieves","floor":18,"turns":4},{"damage":0,"enemies":"Shell Parasite","floor":19,"turns":5},{"damage":8,"enemies":"Centurion and Healer","floor":21,"turns":8},{"damage":16,"enemies":"Book of Stabbing","floor":24,"turns":7},{"damage":0,"enemies":"Gremlin Leader","floor":27,"turns":8},{"damage":0,"enemies":"3 Cultists","floor":28,"turns":3},{"damage":3,"enemies":"Book of Stabbing","floor":29,"turns":4},{"damage":47,"enemies":"Automaton","floor":33,"turns":7},{"damage":13,"enemies":"3 Shapes","floor":35,"turns":3},{"damage":10,"enemies":"Orb Walker","floor":36,"turns":3},{"damage":25,"enemies":"Sphere and 2 Shapes","floor":37,"turns":4},{"damage":36,"enemies":"Flame Bruiser 2 Orb","floor":38,"turns":8},{"damage":0,"enemies":"Nemesis","floor":42,"turns":7},{"damage":16,"enemies":"2 Orb Walkers","floor":44,"turns":4},{"damage":13,"enemies":"Maw","floor":45,"turns":8},{"damage":0,"enemies":"Transient","floor":47,"turns":5},{"damage":22,"enemies":"Awakened One","floor":50,"turns":16}],"relics_obtained":[{"floor":6,"key":"War Paint"},{"floor":9,"key":"Omamori"},{"floor":11,"key":"Ancient Tea Set"},{"floor":24,"key":"Turnip"},{"floor":26,"key":"Bottled Flame"},{"floor":27,"key":"Regal Pillow"},{"floor":29,"key":"DataDisk"},{"floor":41,"key":"Cables"},{"floor":42,"key":"Boot"},{"floor":43,"key":"Question Card"},{"floor":44,"key":"Kunai"}],"event_choices":[{"event_name":"The Woman in Blue","player_choice":"Bought 0 Potions","floor":4,"damage_taken":0},{"event_name":"Golden Wing","player_choice":"Card Removal","floor":8,"damage_taken":0},{"event_name":"Beggar","player_choice":"Gave Gold","floor":20,"damage_taken":0},{"event_name":"The Mausoleum","player_choice":"Yes","floor":22,"damage_taken":0},{"event_name":"Accursed Blacksmith","player_choice":"Forge","floor":31,"damage_taken":0},{"event_name":"Transmorgrifier","player_choice":"Transform","floor":48,"damage_taken":0}],"boss_relics":[{"not_picked":["Tiny House","White Beast Statue"],"picked":"Cursed Key"},{"not_picked":["Runic Dome","Pandora\u0027s Box"],"picked":"Eternal Feather"}],"items_purged_floors":[12,46],"potions_floor_spawned":[1,3,6,14,19,24,27,28,33,36,38,44,45],"seed_played":"7358270059007995906","ascension_level":0,"potions_obtained":[{"floor":1,"key":"Fire Potion"},{"floor":3,"key":"SpeedPotion"},{"floor":6,"key":"SkillPotion"},{"floor":14,"key":"GamblersBrew"},{"floor":19,"key":"SmokeBomb"},{"floor":24,"key":"Block Potion"},{"floor":27,"key":"Fire Potion"},{"floor":28,"key":"Swift Potion"},{"floor":33,"key":"Explosive Potion"},{"floor":38,"key":"AttackPotion"},{"floor":44,"key":"PowerPotion"}],"is_trial":false}