{"gold_per_floor":[144,47,92,137,29,119,119,164,164,266,323,380,437,494,506,818,830,887,499,544,589,634,634,679,679,704,794,794,839,929,929,929,1229,1229,1274,1299,900,945,445,490,535,580,655,412,457,502,252,297,297,297],"floor_reached":51,"playtime":2208,"items_purged":["Strike_R","Armaments","Strike_R","Bash"],"score":834,"play_id":"e3e9e657-aa51-45cf-b243-865e70e1058c","local_time":"20180904200727","daily_mods":["Heirloom","Midas","Lethality"],"is_ascension_mode":false,"campfire_choices":[{"floor":7,"key":"REST"},{"floor":15,"key":"REST"},{"floor":23,"key":"REST"},{"floor":25,"key":"REST"},{"floor":32,"key":"REST"},{"floor":49,"key":"REST"}],"neow_cost":"","seed_source_timestamp":0,"circlet_count":0,"master_deck":["Defend_R","Defend_R+1","Defend_R","Defend_R+1","Flex","Cleave","Thunderclap","Shrug It Off","Thunderclap","Uppercut","Iron Wave","Double Tap","Armaments+1","Metallicize","Feed","Shrug It Off","Inflame","Battle Trance","Armaments+1","Pummel","Pommel Strike","Dropkick","Flash of Steel","Clothesline+1"],"special_seed":17779,"relics":["Burning Blood","Incense Burner","Strawberry","StoneCalendar","MawBank","Bag of Marbles","Sozu","Ice Cream","Happy Flower","Calipers","War Paint","MutagenicStrength","Empty Cage","Anchor","DollysMirror","Gambling Chip","ClockworkSouvenir","Mercury Hourglass","Self Forming Clay"],"potions_floor_usage":[6,10,50,50,50],"damage_taken":[{"damage":0,"enemies":"Cultist","floor":1,"turns":2},{"damage":8,"enemies":"Small Slimes","floor":3,"turns":3},{"damage":0,"enemies":"2 Louse","floor":4,"turns":2},{"damage":21,"enemies":"Lagavulin","floor":6,"turns":3},{"damage":0,"enemies":"Exordium Wildlife","floor":8,"turns":2},{"damage":35,"enemies":"3 Sentries","floor":10,"turns":5},{"damage":1,"enemies":"Red Slaver","floor":11,"turns":2},{"damage":35,"enemies":"Exordium Thugs","floor":12,"turns":3},{"damage":0,"enemies":"3 Louse","floor":13,"turns":1},{"damage":1,"enemies":"Looter","floor":14,"turns":2},{"damage":0,"enemies":"Slime Boss","floor":16,"turns":7},{"damage":3,"enemies":"Spheric Guardian","floor":18,"turns":3},{"damage":1,"enemies":"3 Byrds","floor":20,"turns":4},{"damage":21,"enemies":"Snake Plant","floor":21,"turns":3},{"damage":4,"enemies":"3 Cultists","floor":22,"turns":3},{"damage":23,"enemies":"Centurion and Healer","floor":24,"turns":5},{"damage":21,"enemies":"Slavers","floor":27,"turns":2},{"damage":0,"enemies":"Snecko","floor":29,"turns":3},{"damage":19,"enemies":"Book of Stabbing","floor":30,"turns":4},{"damage":68,"enemies":"Automaton","floor":33,"turns":9},{"damage":9,"enemies":"Orb Walker","floor":35,"turns":2},{"damage":0,"enemies":"3 Darklings","floor":38,"turns":1},{"damage":0,"enemies":"4 Shapes","floor":40,"turns":1},{"damage":9,"enemies":"Maw","floor":41,"turns":5},{"damage":0,"enemies":"Spire Growth","floor":42,"turns":1},{"damage":0,"enemies":"Reptomancer","floor":45,"turns":2},{"damage":10,"enemies":"Sphere and 2 Shapes","floor":46,"turns":3},{"damage":0,"enemies":"4 Shapes","floor":48,"turns":2},{"damage":27,"enemies":"Awakened One","floor":50,"turns":10}],"seed_played":"-4275745277921961061","potions_obtained":[{"floor":1,"key":"Fire Potion"},{"floor":3,"key":"SpeedPotion"},{"floor":10,"key":"EssenceOfSteel"},{"floor":11,"key":"EssenceOfSteel"},{"floor":16,"key":"FearPotion"}],"is_trial":false,"path_per_floor":["M","$","M","M","?","E","R","M","T","E","M","M","M","M","R","B",null,"M","$","M","M","M","R","M","R","T","E","?","M","E","?","R","B",null,"M","T","$","M","$","M","M","M","T","$","M","M","$","M","R","B"],"character_chosen":"IRONCLAD","items_purchased":["Flex","Ice Cream","DollysMirror","Pummel","Gambling Chip","ClockworkSouvenir","Flash of Steel","Self Forming Clay"],"campfire_rested":6,"item_purchase_floors":[2,19,37,37,39,39,44,47],"current_hp_per_floor":[80,80,78,80,87,72,87,87,87,58,63,34,40,45,71,77,87,87,87,87,72,74,87,70,87,87,72,72,78,68,68,90,28,90,87,87,87,90,90,94,91,94,94,94,94,90,90,94,94,76],"gold":297,"neow_bonus":"","is_prod":false,"is_daily":true,"chose_seed":false,"campfire_upgraded":0,"win_rate":0,"timestamp":1536116847,"path_taken":["M","?","?","M","?","E","R","M","T","E","M","M","M","M","R","BOSS","M","$","M","M","M","R","M","R","T","E","?","M","E","?","R","BOSS","M","?","$","M","$","M","M","M","T","?","M","M","$","M","R","BOSS"],"build_version":"2018-08-30","purchased_purges":4,"victory":true,"max_hp_per_floor":[80,80,80,80,87,87,87,87,87,87,87,87,87,87,87,87,87,87,87,87,87,87,87,87,87,87,87,87,87,90,90,90,90,90,90,90,90,90,90,94,94,94,94,94,94,94,94,94,94,97],"card_choices":[{"not_picked":["Searing Blow","Hemokinesis","Combust"],"picked":"SKIP","floor":1},{"not_picked":["Anger","Body Slam"],"picked":"Cleave","floor":3},{"not_picked":["Warcry","Intimidate","Anger"],"picked":"SKIP","floor":4},{"not_picked":["Brutality","Heavy Blade"],"picked":"Armaments","floor":6},{"not_picked":["Searing Blow","Spot Weakness"],"picked":"Thunderclap","floor":8},{"not_picked":["Cleave","Perfected Strike"],"picked":"Shrug It Off","floor":10},{"not_picked":["Headbutt","Twin Strike"],"picked":"Thunderclap","floor":11},{"not_picked":["Cleave","Exhume"],"picked":"Uppercut","floor":12},{"not_picked":["Headbutt","Fire Breathing"],"picked":"Iron Wave","floor":13},{"not_picked":["Wild Strike","Warcry","Carnage"],"picked":"SKIP","floor":14},{"not_picked":["Bludgeon","Reaper"],"picked":"Double Tap","floor":16},{"not_picked":["Sword Boomerang+1","Infernal Blade"],"picked":"Armaments+1","floor":18},{"not_picked":["Searing Blow","Thunderclap+1","Havoc+1"],"picked":"SKIP","floor":20},{"not_picked":["Blood for Blood+1","Disarm"],"picked":"Metallicize","floor":21},{"not_picked":["Headbutt","Blood for Blood","Intimidate+1"],"picked":"SKIP","floor":22},{"not_picked":["Cleave+1","Power Through","Twin Strike"],"picked":"SKIP","floor":24},{"not_picked":["Feel No Pain+1","True Grit","Clash"],"picked":"SKIP","floor":27},{"not_picked":["Brutality","Uppercut"],"picked":"Shrug It Off","floor":29},{"not_picked":["Body Slam+1","Flame Barrier"],"picked":"Inflame","floor":30},{"not_picked":["Reckless Charge","Warcry"],"picked":"Battle Trance","floor":35},{"not_picked":["Thunderclap+1","Sword Boomerang","Clash+1"],"picked":"SKIP","floor":38},{"not_picked":["Twin Strike","Armaments+1","True Grit+1"],"picked":"SKIP","floor":40},{"not_picked":["Body Slam+1","Clash"],"picked":"Pommel Strike","floor":41},{"not_picked":["True Grit+1","Flex"],"picked":"Dropkick","floor":42},{"not_picked":["Bloodletting","Body Slam","Sentinel+1"],"picked":"SKIP","floor":45},{"not_picked":["Anger","Shrug It Off+1"],"picked":"Clothesline+1","floor":46},{"not_picked":["Cleave","Burning Pact+1","Seeing Red"],"picked":"SKIP","floor":48}],"player_experience":464598,"relics_obtained":[{"floor":6,"key":"StoneCalendar"},{"floor":9,"key":"MawBank"},{"floor":10,"key":"Bag of Marbles"},{"floor":26,"key":"Happy Flower"},{"floor":27,"key":"Calipers"},{"floor":30,"key":"War Paint"},{"floor":36,"key":"Anchor"},{"floor":43,"key":"Mercury Hourglass"}],"event_choices":[{"event_name":"WeMeetAgain","player_choice":"Gold","floor":5,"damage_taken":0},{"event_name":"Transmorgrifier","player_choice":"Transform","floor":28,"damage_taken":0},{"event_name":"Drug Dealer","player_choice":"Inject Mutagens","floor":31,"damage_taken":0}],"is_beta":false,"boss_relics":[{"not_picked":["Tiny House","Lizard Tail"],"picked":"Sozu"},{"not_picked":["Busted Crown","Runic Cube"],"picked":"Empty Cage"}],"items_purged_floors":[2,19,37,44],"is_endless":false,"potions_floor_spawned":[1,3,10,11,16,20,24,30,40,42,45,46],"ascension_level":0}