{"gold_per_floor":[213,225,225,225,7,7,23,23,23,23,198,8,34,34,34,112,112,125,125,139,72,89,119,119,119,145,145,170,183,84,97,97,169,169,179,179,179,197,47,75,75,75,148,166,196,223,235,260,272,284],"floor_reached":51,"playtime":2361,"items_purged":["Regret","Doubt","Regret"],"score":1233,"play_id":"76bb1a27-85ec-466a-8304-808399141d67","local_time":"20190325220018","is_ascension_mode":true,"campfire_choices":[{"data":"Zap","floor":6,"key":"SMITH"},{"data":"Defragment","floor":8,"key":"SMITH"},{"data":"Defragment","floor":10,"key":"SMITH"},{"data":"Doom and Gloom","floor":15,"key":"SMITH"},{"floor":24,"key":"REST"},{"floor":27,"key":"REST"},{"floor":32,"key":"REST"},{"data":"Coolheaded","floor":42,"key":"SMITH"},{"floor":47,"key":"REST"},{"floor":49,"key":"REST"}],"neow_cost":"NONE","seed_source_timestamp":1038833882530600,"circlet_count":0,"master_deck":["AscendersBane","Strike_B","Defend_B","Defend_B","Defend_B","Defend_B","Zap+1","Dualcast","Defragment+1","Defragment+1","Sweeping Beam","Coolheaded","Doom and Gloom+1","Conserve Battery","Chaos","Echo Form+1","Leap+1","FTL","Genetic Algorithm","Coolheaded+1","Loop+1","Parasite","Steam","Biased Cognition+1","Chaos+1","Coolheaded+1","Defragment+1","Parasite","Barrage+1","Barrage+1","Storm+1"],"relics":["Cracked Core","Oddly Smooth Stone","Art of War","Membership Card","StoneCalendar","Runic Capacitor","Mango","Frozen Egg 2","Cursed Key","Lantern","Shuriken","Anchor","Omamori","Astrolabe","WarpedTongs","Gambling Chip","Emotion Chip","Molten Egg 2","MawBank"],"potions_floor_usage":[13,33,46,50],"damage_taken":[{"damage":1,"enemies":"Cultist","floor":1,"turns":3},{"damage":0,"enemies":"2 Louse","floor":2,"turns":2},{"damage":8,"enemies":"Jaw Worm","floor":7,"turns":3},{"damage":24,"enemies":"Gremlin Nob","floor":13,"turns":5},{"damage":20,"enemies":"Slime Boss","floor":16,"turns":7},{"damage":8,"enemies":"Shell Parasite","floor":18,"turns":5},{"damage":6,"enemies":"Chosen","floor":20,"turns":6},{"damage":26,"enemies":"Snecko","floor":22,"turns":6},{"damage":12,"enemies":"Book of Stabbing","floor":23,"turns":7},{"damage":22,"enemies":"Chosen and Byrds","floor":29,"turns":7},{"damage":26,"enemies":"Snake Plant","floor":31,"turns":5},{"damage":22,"enemies":"Collector","floor":33,"turns":7},{"damage":12,"enemies":"3 Darklings","floor":35,"turns":5},{"damage":0,"enemies":"3 Shapes","floor":38,"turns":6},{"damage":0,"enemies":"Nemesis","floor":40,"turns":7},{"damage":5,"enemies":"Writhing Mass","floor":44,"turns":7},{"damage":48,"enemies":"Reptomancer","floor":45,"turns":5},{"damage":0,"enemies":"Sphere and 2 Shapes","floor":46,"turns":5},{"damage":0,"enemies":"3 Darklings","floor":48,"turns":6},{"damage":7,"enemies":"Time Eater","floor":50,"turns":10}],"seed_played":"2589923536103712193","potions_obtained":[{"floor":2,"key":"Poison Potion"},{"floor":13,"key":"Strength Potion"},{"floor":16,"key":"GamblersBrew"},{"floor":18,"key":"PowerPotion"},{"floor":35,"key":"AttackPotion"},{"floor":38,"key":"PowerPotion"}],"is_trial":false,"path_per_floor":["M","M","?","?","$","R","M","R","T","R","?","$","E","T","R","B",null,"M","?","M","$","M","E","R","?","T","R","T","M","$","M","R","B",null,"M","?","?","M","$","E","$","R","T","M","E","M","R","M","R","B",null],"character_chosen":"DEFECT","items_purchased":["Membership Card","Sweeping Beam","Doom and Gloom","Runic Capacitor","Conserve Battery","Genetic Algorithm","FocusPotion","Gambling Chip"],"campfire_rested":5,"item_purchase_floors":[5,5,12,12,12,21,30,39],"current_hp_per_floor":[63,63,60,60,60,60,52,52,52,52,52,52,42,42,42,22,69,61,61,55,55,29,17,42,42,42,67,67,45,45,19,44,22,69,57,57,57,57,57,57,57,57,57,52,4,4,29,29,54,47],"gold":296,"neow_bonus":"HUNDRED_GOLD","is_prod":false,"is_daily":false,"chose_seed":false,"campfire_upgraded":5,"win_rate":0,"timestamp":1553576418,"path_taken":["M","?","?","?","$","R","M","R","T","R","?","$","E","?","R","BOSS","M","?","M","$","M","E","R","?","T","R","?","M","?","M","R","BOSS","M","?","?","M","$","E","$","R","T","?","E","M","R","M","R","BOSS"],"build_version":"2019-01-23","purchased_purges":3,"victory":true,"max_hp_per_floor":[71,71,71,71,71,71,71,71,71,71,71,71,85,85,85,85,85,85,85,85,85,85,85,85,85,85,85,85,85,85,85,85,85,85,85,85,85,85,85,85,85,85,85,85,85,85,85,85,85,85],"card_choices":[{"not_picked":["Cold Snap","Beam Cell"],"picked":"Defragment","floor":1},{"not_picked":["Hologram","Rip and Tear"],"picked":"Defragment","floor":2},{"not_picked":["Scrape","FTL"],"picked":"Coolheaded","floor":7},{"not_picked":["Doom and Gloom","Static Discharge"],"picked":"Chaos","floor":13},{"not_picked":["Hyperbeam","Electrodynamics+1"],"picked":"Echo Form+1","floor":16},{"not_picked":["Static Discharge+1","Stack"],"picked":"Leap+1","floor":18},{"not_picked":["Hologram","Reinforced Body"],"picked":"FTL","floor":20},{"not_picked":["Sunder","Double Energy"],"picked":"Coolheaded","floor":22},{"not_picked":["Aggregate","Redo"],"picked":"Loop+1","floor":23},{"not_picked":["Ball Lightning","Streamline+1","Turbo"],"picked":"SKIP","floor":29},{"not_picked":["Barrage","Cold Snap"],"picked":"Steam","floor":31},{"not_picked":["Core Surge","Machine Learning+1"],"picked":"Biased Cognition+1","floor":33},{"not_picked":["Stack+1","Reprogram","Ball Lightning"],"picked":"SKIP","floor":35},{"not_picked":["Steam+1","Steam Power","Consume"],"picked":"SKIP","floor":38},{"not_picked":["Cold Snap","Redo"],"picked":"Defragment+1","floor":40},{"not_picked":["Recycle","Sweeping Beam+1"],"picked":"Barrage+1","floor":44},{"not_picked":["Electrodynamics+1","Reprogram"],"picked":"Barrage+1","floor":45},{"not_picked":["Genetic Algorithm+1","Compile Driver+1","Beam Cell+1"],"picked":"SKIP","floor":46},{"not_picked":["Ball Lightning+1","White Noise"],"picked":"Storm+1","floor":48}],"player_experience":700337,"relics_obtained":[{"floor":9,"key":"StoneCalendar"},{"floor":13,"key":"Mango"},{"floor":14,"key":"Frozen Egg 2"},{"floor":23,"key":"Lantern"},{"floor":26,"key":"Anchor"},{"floor":28,"key":"Omamori"},{"floor":40,"key":"Emotion Chip"},{"floor":43,"key":"Molten Egg 2"},{"floor":45,"key":"MawBank"}],"event_choices":[{"damage_healed":0,"gold_gain":0,"player_choice":"Success","damage_taken":3,"relics_obtained":["Oddly Smooth Stone"],"max_hp_gain":0,"max_hp_loss":0,"event_name":"Scrap Ooze","floor":3,"gold_loss":0},{"damage_healed":0,"gold_gain":0,"player_choice":"Box","damage_taken":0,"relics_obtained":["Art of War"],"max_hp_gain":0,"max_hp_loss":0,"event_name":"Big Fish","floor":4,"gold_loss":0,"cards_obtained":["Regret"]},{"damage_healed":0,"gold_gain":175,"player_choice":"AGREE","damage_taken":0,"max_hp_gain":0,"max_hp_loss":0,"event_name":"Liars Game","floor":11,"gold_loss":0,"cards_obtained":["Doubt"]},{"damage_healed":0,"gold_gain":0,"player_choice":"Ignored","damage_taken":0,"max_hp_gain":0,"max_hp_loss":0,"event_name":"Vampires","floor":19,"gold_loss":0},{"damage_healed":0,"gold_gain":0,"player_choice":"Opened","damage_taken":0,"relics_obtained":["Shuriken"],"max_hp_gain":0,"max_hp_loss":0,"event_name":"The Mausoleum","floor":25,"gold_loss":0},{"cards_removed":["Thunder Strike"],"damage_healed":0,"gold_gain":0,"player_choice":"Removed Attack","damage_taken":0,"max_hp_gain":0,"max_hp_loss":0,"event_name":"Falling","floor":36,"gold_loss":0},{"damage_healed":0,"gold_gain":0,"player_choice":"Rummage","damage_taken":0,"relics_obtained":["WarpedTongs"],"max_hp_gain":0,"max_hp_loss":0,"event_name":"Accursed Blacksmith","floor":37,"gold_loss":0,"cards_obtained":["Pain"]}],"is_beta":false,"boss_relics":[{"not_picked":["Coffee Dripper","Orrery"],"picked":"Cursed Key"},{"not_picked":["Velvet Choker","Calling Bell"],"picked":"Astrolabe"}],"items_purged_floors":[12,21,30],"is_endless":false,"potions_floor_spawned":[2,13,16,18,31,35,38,40],"ascension_level":14}