{"gold_per_floor":[118,118,128,44,44,44,44,44,44,60,60,70,84,84,84,160,160,180,200,217,132,132],"floor_reached":22,"playtime":1103,"items_purged":[],"score":326,"play_id":"05cf510c-f8f5-4f14-95ab-4bac0f29a308","local_time":"20180924053913","is_ascension_mode":true,"campfire_choices":[{"floor":8,"key":"REST"},{"data":"Zap","floor":11,"key":"SMITH"},{"floor":15,"key":"REST"}],"neow_cost":"NONE","seed_source_timestamp":751564663111919,"circlet_count":0,"master_deck":["Strike_B","Strike_B+1","Strike_B+1","Strike_B","Defend_B","Defend_B","Defend_B","Zap+1","Dualcast","AscendersBane","Ball Lightning","Static Discharge+1","Cold Snap","Glacier","Reboot"],"relics":["Cracked Core","Anchor","Sundial","Busted Crown","Pear"],"potions_floor_usage":[16,16,20,22],"damage_taken":[{"damage":4,"enemies":"Jaw Worm","floor":1,"turns":4},{"damage":0,"enemies":"Cultist","floor":3,"turns":3},{"damage":0,"enemies":"2 Louse","floor":10,"turns":2},{"damage":0,"enemies":"Blue Slaver","floor":12,"turns":2},{"damage":16,"enemies":"Exordium Thugs","floor":13,"turns":3},{"damage":34,"enemies":"Slime Boss","floor":16,"turns":7},{"damage":14,"enemies":"Shell Parasite","floor":18,"turns":5},{"damage":23,"enemies":"3 Byrds","floor":19,"turns":3},{"damage":20,"enemies":"Snake Plant","floor":20,"turns":3},{"damage":14,"enemies":"Centurion and Healer","floor":22,"turns":7}],"seed_played":"-6114207659700210343","potions_obtained":[{"floor":3,"key":"FearPotion"},{"floor":13,"key":"Poison Potion"},{"floor":19,"key":"AttackPotion"},{"floor":20,"key":"Energy Potion"}],"is_trial":false,"path_per_floor":["M","?","M","$","?","T","$","R","T","M","R","M","M","?","R","B",null,"M","M","M","?"],"character_chosen":"DEFECT","items_purchased":["Static Discharge"],"campfire_rested":2,"item_purchase_floors":[4],"current_hp_per_floor":[60,39,39,39,39,39,39,60,60,60,60,60,44,44,65,31,61,47,24,4,14,0],"gold":132,"neow_bonus":"REMOVE_CARD","is_prod":false,"is_daily":false,"chose_seed":false,"campfire_upgraded":1,"win_rate":0,"timestamp":1537760353,"path_taken":["M","?","M","$","?","?","?","R","T","?","R","?","M","?","R","BOSS","M","?","M","?","M"],"build_version":"2018-09-20","purchased_purges":0,"victory":false,"max_hp_per_floor":[71,71,71,71,71,71,71,71,71,71,71,71,71,71,71,71,71,71,71,71,81,81],"card_choices":[{"not_picked":["Conserve Battery","Compile Driver","Go for the Eyes"],"picked":"SKIP","floor":1},{"not_picked":["Conserve Battery","Rip and Tear"],"picked":"Ball Lightning","floor":3},{"not_picked":["Tempest","Coolheaded"],"picked":"Cold Snap","floor":10},{"not_picked":["Double Energy","Coolheaded","Lockon"],"picked":"SKIP","floor":12},{"not_picked":["BootSequence","Go for the Eyes"],"picked":"Glacier","floor":13},{"not_picked":["Fission","Machine Learning"],"picked":"Reboot","floor":16},{"not_picked":["Hologram"],"picked":"SKIP","floor":18},{"not_picked":["Turbo"],"picked":"SKIP","floor":19},{"not_picked":["Aggregate"],"picked":"SKIP","floor":20}],"player_experience":616048,"relics_obtained":[{"floor":6,"key":"Anchor"},{"floor":9,"key":"Sundial"}],"event_choices":[{"event_name":"Shining Light","player_choice":"Entered Light","floor":2,"damage_taken":0},{"event_name":"Living Wall","player_choice":"Grow","floor":5,"damage_taken":0},{"event_name":"Match and Keep!","player_choice":"0 cards matched","floor":14,"damage_taken":0},{"event_name":"Addict","player_choice":"Obtained Relic","floor":21,"damage_taken":0}],"is_beta":false,"boss_relics":[{"not_picked":["FrozenCore","Coffee Dripper"],"picked":"Busted Crown"}],"items_purged_floors":[],"is_endless":false,"potions_floor_spawned":[3,13,19,20],"killed_by":"Centurion and Healer","ascension_level":17}