{"gold_per_floor":[110,25,25,25,25,25,53,134,207,207,217,217,251,251,251,348,348,360,360,376,393,17,17],"floor_reached":23,"playtime":630,"items_purged":["Strike_B"],"score":220,"play_id":"ac6c24af-9553-4652-9c6c-2120f250ee7c","local_time":"20190221212239","is_ascension_mode":false,"campfire_choices":[{"data":"Madness","floor":6,"key":"SMITH"},{"data":"Zap","floor":10,"key":"SMITH"},{"data":"Dualcast","floor":15,"key":"SMITH"}],"neow_cost":"NONE","seed_source_timestamp":17421731334863,"circlet_count":0,"master_deck":["Strike_B+1","Strike_B+1","Defend_B","Defend_B","Defend_B","Defend_B","Zap+1","Dualcast+1","Madness+1","Machine Learning","Fission","Coolheaded","Storm"],"relics":["Cracked Core","NeowsBlessing","Turnip","Happy Flower","Blue Candle","Pen Nib","Symbiotic Virus","Inserter","Whetstone","Oddly Smooth Stone"],"potions_floor_usage":[13,13,16,20],"damage_taken":[{"damage":0,"enemies":"Small Slimes","floor":1,"turns":1},{"damage":0,"enemies":"Gremlin Nob","floor":7,"turns":1},{"damage":0,"enemies":"Jaw Worm","floor":11,"turns":1},{"damage":20,"enemies":"Lagavulin","floor":13,"turns":7},{"damage":15,"enemies":"Hexaghost","floor":16,"turns":9},{"damage":31,"enemies":"2 Thieves","floor":18,"turns":4},{"damage":6,"enemies":"3 Byrds","floor":20,"turns":4},{"damage":34,"enemies":"3 Cultists","floor":21,"turns":7},{"damage":11,"enemies":"Sentry and Sphere","floor":23,"turns":2}],"seed_played":"-8582305557749880678","potions_obtained":[{"floor":1,"key":"FearPotion"},{"floor":7,"key":"Regen Potion"},{"floor":13,"key":"Swift Potion"},{"floor":18,"key":"LiquidBronze"}],"is_trial":false,"path_per_floor":["M","$","?","$","?","R","E","T","T","R","M","?","E","?","R","B",null,"M","?","M","M","$","M"],"character_chosen":"DEFECT","items_purchased":["Madness","Whetstone","Oddly Smooth Stone"],"campfire_rested":0,"item_purchase_floors":[2,22,22],"current_hp_per_floor":[75,75,68,68,43,43,43,43,43,43,43,43,35,35,35,20,75,44,44,38,4,4,0],"gold":17,"neow_bonus":"THREE_ENEMY_KILL","is_prod":false,"is_daily":false,"chose_seed":false,"campfire_upgraded":3,"win_rate":0,"timestamp":1550802159,"path_taken":["M","$","?","$","?","R","E","?","T","R","M","?","E","?","R","BOSS","M","?","M","M","$","M"],"build_version":"2019-01-23","purchased_purges":1,"victory":false,"max_hp_per_floor":[75,75,75,75,75,75,75,75,75,75,75,75,75,75,75,75,75,75,75,75,75,75,75],"card_choices":[{"not_picked":["Tempest","Cold Snap","Coolheaded"],"picked":"SKIP","floor":1},{"not_picked":["Gash","Doom and Gloom","Go for the Eyes"],"picked":"SKIP","floor":7},{"not_picked":["Stack","Redo","Turbo"],"picked":"SKIP","floor":11},{"not_picked":["Turbo","Buffer","Conserve Battery"],"picked":"SKIP","floor":13},{"not_picked":["Echo Form","Electrodynamics"],"picked":"Machine Learning","floor":16},{"not_picked":["Cold Snap","Gash+1","Leap+1"],"picked":"SKIP","floor":18},{"not_picked":["Gash","FTL","Beam Cell+1"],"picked":"SKIP","floor":20},{"not_picked":["Sweeping Beam","Multi-Cast"],"picked":"Storm","floor":21}],"player_experience":718313,"relics_obtained":[{"floor":7,"key":"Happy Flower"},{"floor":9,"key":"Blue Candle"},{"floor":13,"key":"Symbiotic Virus"}],"event_choices":[{"cards_removed":["Strike_B"],"damage_healed":0,"gold_gain":0,"player_choice":"Card Removal","damage_taken":7,"max_hp_gain":0,"max_hp_loss":0,"event_name":"Golden Wing","floor":3,"gold_loss":0},{"damage_healed":0,"gold_gain":0,"player_choice":"Success","damage_taken":25,"relics_obtained":["Turnip"],"max_hp_gain":0,"max_hp_loss":0,"event_name":"Scrap Ooze","floor":5,"gold_loss":0},{"damage_healed":0,"gold_gain":0,"player_choice":"Box","damage_taken":0,"relics_obtained":["Pen Nib"],"max_hp_gain":0,"max_hp_loss":0,"event_name":"Big Fish","floor":12,"gold_loss":0,"cards_obtained":["Regret"]},{"cards_removed":["Regret"],"damage_healed":0,"gold_gain":0,"player_choice":"Removed Curses","damage_taken":0,"max_hp_gain":0,"max_hp_loss":0,"event_name":"Fountain of Cleansing","floor":14,"gold_loss":0},{"damage_healed":0,"gold_gain":0,"player_choice":"2 cards matched","damage_taken":0,"max_hp_gain":0,"max_hp_loss":0,"event_name":"Match and Keep!","floor":19,"gold_loss":0,"cards_obtained":["Fission","Coolheaded"]}],"is_beta":false,"boss_relics":[{"not_picked":["Orrery","White Beast Statue"],"picked":"Inserter"}],"items_purged_floors":[22],"is_endless":false,"potions_floor_spawned":[1,7,13,18],"killed_by":"Sentry and Sphere","ascension_level":0}