{"gold_per_floor":[112,126,140,65,85,115,115,115,142,142,142,152,207,207,207,207],"floor_reached":16,"playtime":4870,"items_purged":["Strike_B"],"score":165,"play_id":"f37f40a0-a162-4e5b-b157-2fa193a38f56","local_time":"20180920105733","is_ascension_mode":true,"campfire_choices":[{"data":"Defragment","floor":8,"key":"SMITH"},{"data":"Zap","floor":10,"key":"SMITH"},{"data":"Capacitor","floor":15,"key":"SMITH"}],"neow_cost":"NONE","seed_source_timestamp":421292884888511,"circlet_count":0,"master_deck":["Strike_B","Strike_B","Strike_B","Defend_B","Defend_B","Defend_B","Defend_B","Zap+1","Dualcast+1","AscendersBane","Compile Driver","Melter","Defragment+1","Reinforced Body+1","BootSequence","Capacitor+1","Self Repair"],"relics":["Cracked Core","Dream Catcher","Omamori","Pen Nib"],"potions_floor_usage":[6,6,13,13],"damage_taken":[{"damage":3,"enemies":"Jaw Worm","floor":1,"turns":4},{"damage":1,"enemies":"Cultist","floor":2,"turns":3},{"damage":0,"enemies":"Small Slimes","floor":3,"turns":2},{"damage":7,"enemies":"Looter","floor":5,"turns":3},{"damage":20,"enemies":"3 Sentries","floor":6,"turns":6},{"damage":0,"enemies":"Exordium Thugs","floor":12,"turns":4},{"damage":15,"enemies":"3 Sentries","floor":13,"turns":6},{"damage":60,"enemies":"Hexaghost","floor":16,"turns":14}],"seed_played":"-310934754464203024","potions_obtained":[{"floor":3,"key":"Fire Potion"},{"floor":5,"key":"Regen Potion"},{"floor":6,"key":"Poison Potion"},{"floor":12,"key":"Strength Potion"}],"is_trial":false,"path_per_floor":["M","M","M","$","M","E","?","R","T","R","?","M","?","?","R"],"character_chosen":"DEFECT","items_purchased":[],"campfire_rested":0,"item_purchase_floors":[],"current_hp_per_floor":[65,64,64,64,57,52,75,75,75,75,75,75,60,60,60,0],"gold":207,"neow_bonus":"UPGRADE_CARD","is_prod":false,"is_daily":false,"chose_seed":false,"campfire_upgraded":3,"win_rate":0,"timestamp":1537433853,"path_taken":["M","M","M","$","M","E","?","R","T","R","?","M","?","?","R","BOSS"],"build_version":"2018-09-06","purchased_purges":1,"victory":false,"max_hp_per_floor":[75,75,75,75,75,75,75,75,75,75,75,75,75,75,75,75],"card_choices":[{"not_picked":["Leap","Glacier"],"picked":"Compile Driver","floor":1},{"not_picked":["Capacitor","Barrage"],"picked":"Melter","floor":2},{"not_picked":["Stack","Beam Cell"],"picked":"Defragment","floor":3},{"not_picked":["Turbo","Skim"],"picked":"Reinforced Body","floor":5},{"not_picked":["Steam","Rebound"],"picked":"BootSequence","floor":6},{"not_picked":["Chaos","Rebound"],"picked":"Capacitor","floor":12},{"not_picked":["Hologram","Streamline"],"picked":"Self Repair","floor":13}],"player_experience":447095,"relics_obtained":[{"floor":6,"key":"Dream Catcher"},{"floor":9,"key":"Omamori"},{"floor":13,"key":"Pen Nib"}],"event_choices":[{"event_name":"Wheel of Change","player_choice":"Full Heal","floor":7,"damage_taken":0},{"event_name":"Living Wall","player_choice":"Grow","floor":11,"damage_taken":0},{"event_name":"Dead Adventurer","player_choice":"Searched \u00271\u0027 times","floor":13,"damage_taken":0},{"event_name":"Liars Game","player_choice":"disagreed","floor":14,"damage_taken":0}],"is_beta":false,"boss_relics":[],"items_purged_floors":[4],"is_endless":false,"potions_floor_spawned":[3,5,6,12],"killed_by":"Hexaghost","ascension_level":13}