{"gold_per_floor":[114,114,114,133,152,190,190,209,209,228,228,247,247,285,285,410,410,429,429,344,156,175,213,213,232,232,251,270,289,289,308,308,433,433,452,487,487,237,256,324,324,324,324,51,70,108,127,146,146,146],"floor_reached":50,"playtime":1928,"items_purged":[],"score":711,"play_id":"66414e6a-9fda-4092-8396-f00a024dae6a","local_time":"20180724215917","daily_mods":["Allstar","Time Dilation","Lethality"],"is_ascension_mode":false,"campfire_choices":[{"floor":7,"key":"REST"},{"floor":11,"key":"REST"},{"data":"Mind Blast","floor":13,"key":"SMITH"},{"data":"Mind Blast","floor":15,"key":"SMITH"},{"data":"Apotheosis","floor":24,"key":"SMITH"},{"floor":30,"key":"REST"},{"floor":32,"key":"REST"},{"floor":41,"key":"REST"},{"floor":49,"key":"REST"}],"neow_cost":"","seed_source_timestamp":0,"circlet_count":0,"master_deck":["Strike_B","Strike_B+1","Strike_B","Strike_B+1","Defend_B","Defend_B","Defend_B","Defend_B","Zap","Dualcast","Dramatic Entrance","Sadistic Nature","Mind Blast+1","Mind Blast+1","Panacea","Streamline","Turbo","Beam Cell","Sweeping Beam","Sweeping Beam","Rainbow","Defragment","Apotheosis+1","Hologram","Clumsy","Beam Cell","Barrage+1","Hologram","Core Surge","Clumsy","Pain","Injury","Hologram+1","Chaos+1","Finesse","Finesse","Decay","Defragment","Sweeping Beam+1"],"special_seed":17737,"relics":["Cracked Core","Golden Idol","Singing Bowl","Bottled Flame","Orichalcum","Cursed Key","Ornamental Fan","DataDisk","Blue Candle","Calling Bell","Oddly Smooth Stone","Molten Egg 2","Ice Cream","Gambling Chip","Bottled Lightning","Tiny Chest","Omamori","Lee\u0027s Waffle","Whetstone"],"potions_floor_usage":[16,23,23,33,33,50,50,50],"damage_taken":[{"damage":8,"enemies":"Small Slimes","floor":1,"turns":2},{"damage":14,"enemies":"Jaw Worm","floor":4,"turns":2},{"damage":0,"enemies":"2 Louse","floor":5,"turns":1},{"damage":21,"enemies":"Gremlin Nob","floor":6,"turns":3},{"damage":8,"enemies":"Looter","floor":8,"turns":2},{"damage":0,"enemies":"3 Louse","floor":10,"turns":1},{"damage":0,"enemies":"Large Slime","floor":12,"turns":1},{"damage":6,"enemies":"3 Sentries","floor":14,"turns":3},{"damage":56,"enemies":"Hexaghost","floor":16,"turns":5},{"damage":0,"enemies":"Spheric Guardian","floor":18,"turns":2},{"damage":19,"enemies":"3 Byrds","floor":22,"turns":3},{"damage":14,"enemies":"Book of Stabbing","floor":23,"turns":2},{"damage":29,"enemies":"Slaver and Parasite","floor":25,"turns":5},{"damage":0,"enemies":"3 Cultists","floor":27,"turns":2},{"damage":0,"enemies":"Snecko","floor":28,"turns":1},{"damage":0,"enemies":"Centurion and Healer","floor":29,"turns":2},{"damage":0,"enemies":"Snake Plant","floor":31,"turns":1},{"damage":34,"enemies":"Champ","floor":33,"turns":6},{"damage":0,"enemies":"Flame Bruiser 1 Orb","floor":35,"turns":1},{"damage":9,"floor":36,"turns":2},{"damage":0,"enemies":"3 Darklings","floor":39,"turns":2},{"damage":59,"enemies":"Giant Head","floor":40,"turns":7},{"damage":0,"enemies":"Maw","floor":45,"turns":4},{"damage":9,"enemies":"2 Orb Walkers","floor":46,"turns":2},{"damage":0,"enemies":"Spire Growth","floor":47,"turns":1},{"damage":9,"enemies":"Sphere and 2 Shapes","floor":48,"turns":3},{"damage":114,"enemies":"Awakened One","floor":50,"turns":6}],"seed_played":"4244373246101252923","potions_obtained":[{"floor":5,"key":"Ancient Potion"},{"floor":10,"key":"FocusPotion"},{"floor":14,"key":"Energy Potion"},{"floor":16,"key":"FocusPotion"},{"floor":22,"key":"Energy Potion"},{"floor":27,"key":"Block Potion"},{"floor":29,"key":"SteroidPotion"},{"floor":35,"key":"Ancient Potion"},{"floor":40,"key":"EssenceOfSteel"},{"floor":45,"key":"Weak Potion"},{"floor":47,"key":"FearPotion"}],"is_trial":false,"path_per_floor":["M","?","?","M","M","E","R","M","T","M","R","M","R","E","R","B",null,"M","?","?","$","M","E","R","M","T","M","M","M","R","M","R","B",null,"M","?","?","$","M","E","R","?","T","$","M","E","M","M","R"],"character_chosen":"DEFECT","items_purchased":["Apotheosis","Bottled Lightning","Lee\u0027s Waffle","Defragment"],"campfire_rested":6,"item_purchase_floors":[21,38,44,44],"current_hp_per_floor":[67,49,54,40,40,21,45,37,37,37,61,61,61,57,57,1,84,84,84,84,84,65,53,53,26,26,26,28,28,55,55,82,48,90,90,83,83,83,85,26,54,49,49,101,103,96,98,89,107,0],"gold":146,"neow_bonus":"","is_prod":false,"is_daily":true,"chose_seed":false,"campfire_upgraded":3,"win_rate":0,"timestamp":1532494757,"path_taken":["M","?","?","M","M","E","R","M","T","M","R","M","R","E","R","BOSS","M","?","?","$","?","E","R","M","T","M","?","M","R","M","R","BOSS","M","?","?","$","M","E","R","?","T","$","M","E","M","M","R","BOSS"],"build_version":"2018-07-19v2","purchased_purges":0,"victory":false,"max_hp_per_floor":[75,75,80,80,80,82,82,82,82,82,82,82,82,84,84,84,84,84,84,84,84,84,86,86,88,88,88,90,90,90,90,90,90,90,90,92,92,92,94,94,94,94,94,101,103,105,107,107,107,107],"card_choices":[{"not_picked":["Skim","Loop","Turbo"],"picked":"SKIP","floor":1},{"not_picked":["Turbo","Fusion"],"picked":"Streamline","floor":4},{"not_picked":["Consume","Recycle"],"picked":"Turbo","floor":5},{"not_picked":["Electrodynamics","Sunder","White Noise"],"picked":"Singing Bowl","floor":6},{"not_picked":["Gash","Reinforced Body"],"picked":"Beam Cell","floor":8},{"not_picked":["Hologram","Ball Lightning"],"picked":"Sweeping Beam","floor":10},{"not_picked":["Cold Snap","Gash"],"picked":"Sweeping Beam","floor":12},{"not_picked":["Ball Lightning","Stack","Coolheaded"],"picked":"Singing Bowl","floor":14},{"not_picked":["Reboot","Amplify"],"picked":"Rainbow","floor":16},{"not_picked":["Go for the Eyes+1","Steam"],"picked":"Defragment","floor":18},{"not_picked":["Heatsinks","Redo"],"picked":"Hologram","floor":22},{"not_picked":["Redo","Barrage","Force Field"],"picked":"Singing Bowl","floor":23},{"not_picked":["Steam","Force Field","Rebound+1"],"picked":"Singing Bowl","floor":25},{"not_picked":["Machine Learning","Sunder"],"picked":"Beam Cell","floor":27},{"not_picked":["Leap","Coolheaded","Force Field"],"picked":"Singing Bowl","floor":28},{"not_picked":["Storm","Rebound"],"picked":"Barrage+1","floor":29},{"not_picked":["Beam Cell+1","Gash"],"picked":"Hologram","floor":31},{"not_picked":["Reboot","Amplify"],"picked":"Core Surge","floor":33},{"not_picked":["Gash+1","Rip and Tear+1"],"picked":"Hologram+1","floor":35},{"not_picked":["Streamline+1","Lockon+1","Chaos+1"],"picked":"Singing Bowl","floor":36},{"not_picked":["Steam+1","Gash+1","Coolheaded+1"],"picked":"Singing Bowl","floor":39},{"not_picked":["Compile Driver+1","Coolheaded"],"picked":"Chaos+1","floor":40},{"not_picked":["Purity","Enlightenment"],"picked":"Finesse","floor":42},{"not_picked":["Purity","Sadistic Nature"],"picked":"Finesse","floor":42},{"not_picked":["Scrape+1","Stack+1","Cold Snap+1"],"picked":"Singing Bowl","floor":45},{"not_picked":["Stack+1","Turbo","BootSequence"],"picked":"Singing Bowl","floor":46},{"not_picked":["Heatsinks","Aggregate+1","Turbo"],"picked":"Singing Bowl","floor":47},{"not_picked":["Coolheaded+1","Turbo+1"],"picked":"Sweeping Beam+1","floor":48}],"player_experience":377772,"relics_obtained":[{"floor":6,"key":"Singing Bowl"},{"floor":9,"key":"Bottled Flame"},{"floor":14,"key":"Orichalcum"},{"floor":23,"key":"DataDisk"},{"floor":26,"key":"Blue Candle"},{"floor":34,"key":"Oddly Smooth Stone"},{"floor":34,"key":"Molten Egg 2"},{"floor":34,"key":"Ice Cream"},{"floor":36,"key":"Gambling Chip"},{"floor":40,"key":"Tiny Chest"},{"floor":43,"key":"Omamori"},{"floor":46,"key":"Whetstone"}],"event_choices":[{"event_name":"Golden Idol","player_choice":"Take Damage","floor":2,"damage_taken":0},{"event_name":"Big Fish","player_choice":"Donut","floor":3,"damage_taken":0},{"event_name":"Drug Dealer","player_choice":"Ignored","floor":19,"damage_taken":0},{"event_name":"Addict","player_choice":"Obtained Relic","floor":20,"damage_taken":0},{"event_name":"Mysterious Sphere","player_choice":"Fight","floor":36,"damage_taken":0},{"event_name":"Tomb of Lord Red Mask","player_choice":"Ignored","floor":37,"damage_taken":0},{"event_name":"SensoryStone","player_choice":"Memory 2","floor":42,"damage_taken":0}],"is_beta":false,"boss_relics":[{"not_picked":["Velvet Choker","Lizard Tail"],"picked":"Cursed Key"},{"not_picked":["White Beast Statue","Snecko Eye"],"picked":"Calling Bell"}],"items_purged_floors":[],"is_endless":false,"potions_floor_spawned":[5,10,14,16,22,27,29,35,40,45,47,48],"killed_by":"Awakened One","ascension_level":0}