{"gold_per_floor":[131,160,184,212,244,282,306,335,395,407,419,451,463,493,505,621,633,659,690,717,745,775,813,825,870,882,912,940,964,995,1007],"floor_reached":31,"playtime":1534,"items_purged":[],"score":341,"play_id":"6c00e502-aa3d-41ac-bd88-bfa710838e24","local_time":"20181209163758","is_ascension_mode":false,"campfire_choices":[{"data":"Cloak And Dagger","floor":11,"key":"SMITH"},{"data":"Terror","floor":13,"key":"SMITH"},{"data":"Infinite Blades","floor":15,"key":"SMITH"},{"floor":24,"key":"REST"}],"neow_cost":"NONE","seed_source_timestamp":170807177903025,"circlet_count":0,"master_deck":["Defend_G","Defend_G","Defend_G","Defend_G","Defend_G","Strike_G","Strike_G","Strike_G","Strike_G","Strike_G","Survivor","Neutralize+1","Backstab+1","Infinite Blades+1","Cloak And Dagger+1","Leg Sweep+1","Terror+1","Finisher","Adrenaline","Blade Dance","Flechettes","Noxious Fumes","Adrenaline","Escape Plan+1","Noxious Fumes+1","Backflip","Backstab+1"],"relics":["Ring of the Serpent","MawBank","Potion Belt","Whetstone","Ginger","Pen Nib","Pantograph"],"potions_floor_usage":[6,6,16,22,23,23,28],"damage_taken":[{"damage":0,"enemies":"Small Slimes","floor":1,"turns":3},{"damage":0,"enemies":"Cultist","floor":2,"turns":5},{"damage":1,"enemies":"Jaw Worm","floor":3,"turns":4},{"damage":4,"enemies":"Large Slime","floor":4,"turns":8},{"damage":0,"enemies":"Lots of Slimes","floor":5,"turns":5},{"damage":3,"enemies":"Lagavulin","floor":6,"turns":8},{"damage":0,"enemies":"Exordium Thugs","floor":7,"turns":7},{"damage":12,"enemies":"Gremlin Gang","floor":8,"turns":6},{"damage":0,"enemies":"3 Louse","floor":12,"turns":2},{"damage":5,"enemies":"Exordium Wildlife","floor":14,"turns":5},{"damage":0,"enemies":"Hexaghost","floor":16,"turns":9},{"damage":0,"enemies":"3 Byrds","floor":18,"turns":6},{"damage":0,"enemies":"Chosen","floor":19,"turns":3},{"damage":24,"enemies":"Snake Plant","floor":20,"turns":8},{"damage":0,"enemies":"Cultist and Chosen","floor":21,"turns":4},{"damage":1,"enemies":"Shelled Parasite and Fungi","floor":22,"turns":5},{"damage":22,"enemies":"Slavers","floor":23,"turns":6},{"damage":17,"enemies":"Book of Stabbing","floor":25,"turns":6},{"damage":1,"enemies":"Sentry and Sphere","floor":27,"turns":5},{"damage":16,"enemies":"Snake Plant","floor":28,"turns":3},{"damage":0,"enemies":"Centurion and Healer","floor":29,"turns":4},{"damage":0,"enemies":"3 Cultists","floor":30,"turns":4},{"damage":10,"enemies":"Chosen and Byrds","floor":31,"turns":1}],"seed_played":"3337356869913504584","potions_obtained":[{"floor":4,"key":"Poison Potion"},{"floor":5,"key":"Weak Potion"},{"floor":7,"key":"GamblersBrew"},{"floor":8,"key":"Ancient Potion"},{"floor":16,"key":"Swift Potion"},{"floor":19,"key":"Ancient Potion"},{"floor":20,"key":"GamblersBrew"},{"floor":21,"key":"Ancient Potion"},{"floor":27,"key":"Poison Potion"}],"is_trial":false,"path_per_floor":["M","M","M","M","M","E","M","M","T","?","R","M","R","M","R","B",null,"M","M","M","M","M","E","R","E","T","M","M","M","M","M"],"character_chosen":"THE_SILENT","items_purchased":[],"campfire_rested":1,"item_purchase_floors":[],"current_hp_per_floor":[70,70,69,65,65,62,62,50,50,50,50,50,50,45,45,45,70,70,70,46,46,45,23,44,27,27,26,10,10,10,0],"gold":1007,"neow_bonus":"RANDOM_COMMON_RELIC","is_prod":false,"is_daily":false,"chose_seed":false,"campfire_upgraded":3,"win_rate":0,"timestamp":1544391478,"path_taken":["M","M","M","M","M","E","M","M","T","?","R","M","R","M","R","BOSS","M","M","M","M","M","E","R","E","T","M","?","M","?","M"],"build_version":"2018-12-06","purchased_purges":0,"victory":false,"max_hp_per_floor":[70,70,70,70,70,70,70,70,70,70,70,70,70,70,70,70,70,70,70,70,70,70,70,70,70,70,70,70,70,70,70],"card_choices":[{"not_picked":["Bane","Dodge and Roll"],"picked":"Backstab","floor":1},{"not_picked":["Backstab","Reflex"],"picked":"Infinite Blades","floor":2},{"not_picked":["Infinite Blades","Prepared","Heel Hook"],"picked":"SKIP","floor":3},{"not_picked":["Accuracy","Reflex"],"picked":"Cloak And Dagger","floor":4},{"not_picked":["Deflect","Eviscerate","Acrobatics"],"picked":"SKIP","floor":5},{"not_picked":["Underhanded Strike","PiercingWail","Bouncing Flask"],"picked":"SKIP","floor":6},{"not_picked":["Riddle With Holes","Deadly Poison","Prepared"],"picked":"SKIP","floor":7},{"not_picked":["PiercingWail","Outmaneuver"],"picked":"Leg Sweep","floor":8},{"not_picked":["Sucker Punch","Envenom"],"picked":"Terror","floor":12},{"not_picked":["Outmaneuver","Finisher","Acrobatics"],"picked":"SKIP","floor":14},{"not_picked":["Outmaneuver","Acrobatics"],"picked":"Finisher","floor":14},{"not_picked":["Grand Finale","Venomology"],"picked":"Adrenaline","floor":16},{"not_picked":["Expertise","Eviscerate","Outmaneuver+1"],"picked":"SKIP","floor":18},{"not_picked":["Catalyst","Acrobatics"],"picked":"Blade Dance","floor":19},{"not_picked":["Riddle With Holes+1","Expertise"],"picked":"Flechettes","floor":20},{"not_picked":["Outmaneuver","Calculated Gamble"],"picked":"Noxious Fumes","floor":21},{"not_picked":["Poisoned Stab","Flying Knee"],"picked":"Adrenaline","floor":22},{"not_picked":["Slice","Underhanded Strike"],"picked":"Escape Plan+1","floor":23},{"not_picked":["PiercingWail","Eviscerate","Underhanded Strike"],"picked":"SKIP","floor":25},{"not_picked":["Dodge and Roll+1","Calculated Gamble"],"picked":"Noxious Fumes+1","floor":27},{"not_picked":["Prepared","Dagger Throw"],"picked":"Backflip","floor":28},{"not_picked":["Outmaneuver","Quick Slash"],"picked":"Backstab+1","floor":29},{"not_picked":["Dagger Throw","Outmaneuver","Caltrops"],"picked":"SKIP","floor":30}],"player_experience":536796,"relics_obtained":[{"floor":6,"key":"Potion Belt"},{"floor":9,"key":"Whetstone"},{"floor":23,"key":"Ginger"},{"floor":25,"key":"Pen Nib"},{"floor":26,"key":"Pantograph"}],"event_choices":[{"damage_healed":0,"gold_gain":0,"player_choice":"Upgraded","damage_taken":0,"max_hp_gain":0,"max_hp_loss":0,"event_name":"Upgrade Shrine","floor":10,"gold_loss":0,"cards_upgraded":["Leg Sweep"]}],"is_beta":true,"boss_relics":[{"not_picked":["White Beast Statue","Tiny House"],"picked":"Ring of the Serpent"}],"items_purged_floors":[],"is_endless":false,"potions_floor_spawned":[4,5,7,8,16,19,20,21,27],"killed_by":"Chosen and Byrds","ascension_level":0}