{"gold_per_floor":[109,127,127,127,146,146,166,166,190,261,278,42,42,42,42,119,119,136,36,36,53,53,53,70,7,7,25,25,39,39,59,59,59],"floor_reached":33,"playtime":1604,"items_purged":["Pain","Parasite"],"score":462,"play_id":"caa5563d-48a9-4d86-8b3d-504710eeadb4","local_time":"20181220071946","is_ascension_mode":true,"campfire_choices":[{"data":"Zap","floor":6,"key":"SMITH"},{"data":"Dualcast","floor":8,"key":"SMITH"},{"floor":15,"key":"REST"},{"floor":23,"key":"REST"},{"floor":28,"key":"REST"},{"floor":32,"key":"REST"}],"neow_cost":"NONE","seed_source_timestamp":492416802704468,"circlet_count":0,"master_deck":["AscendersBane","Strike_B","Strike_B","Strike_B","Defend_B","Defend_B","Defend_B","Defend_B","Zap+1","Dualcast+1","Loop+1","Capacitor","Coolheaded","Defragment","Melter","Conserve Battery","Machine Learning","Shame","Ball Lightning","Cold Snap","Chill"],"relics":["Cracked Core","WarpedTongs","Dream Catcher","Bottled Tornado","Velvet Choker","Blood Vial","Pear","Kunai"],"potions_floor_usage":[2,7,24,29],"damage_taken":[{"damage":1,"enemies":"Cultist","floor":1,"turns":3},{"damage":0,"enemies":"2 Louse","floor":2,"turns":4},{"damage":7,"enemies":"Jaw Worm","floor":5,"turns":4},{"damage":4,"enemies":"Exordium Wildlife","floor":7,"turns":3},{"damage":25,"enemies":"3 Louse","floor":11,"turns":3},{"damage":21,"enemies":"The Guardian","floor":16,"turns":13},{"damage":15,"enemies":"Chosen","floor":18,"turns":5},{"damage":19,"enemies":"Shell Parasite","floor":21,"turns":5},{"damage":22,"enemies":"Snake Plant","floor":24,"turns":4},{"damage":11,"enemies":"Snecko","floor":27,"turns":5},{"damage":35,"enemies":"Centurion and Healer","floor":29,"turns":6},{"damage":4,"enemies":"3 Cultists","floor":31,"turns":5},{"damage":65,"enemies":"Champ","floor":33,"turns":10}],"seed_played":"3912755071238552388","potions_obtained":[{"floor":1,"key":"SkillPotion"},{"floor":5,"key":"Fire Potion"},{"floor":21,"key":"Block Potion"},{"floor":27,"key":"GamblersBrew"}],"is_trial":false,"path_per_floor":["M","M","?","?","M","R","M","R","T","T","M","$","?","$","R","B",null,"M","$","?","M","$","R","M","?","T","M","R","M","$","M","R","B"],"character_chosen":"DEFECT","items_purchased":["Defragment","Melter"],"campfire_rested":4,"item_purchase_floors":[12,12],"current_hp_per_floor":[63,63,63,63,56,56,52,52,52,52,27,27,44,44,65,44,64,49,49,49,32,32,52,32,42,42,33,56,23,23,21,44,0],"gold":59,"neow_bonus":"REMOVE_CARD","is_prod":false,"is_daily":false,"chose_seed":false,"campfire_upgraded":2,"win_rate":0,"timestamp":1545286786,"path_taken":["M","M","?","?","?","R","M","R","T","?","M","?","?","$","R","BOSS","M","$","?","M","$","R","M","?","T","M","R","?","?","M","R","BOSS"],"build_version":"2018-12-13","purchased_purges":2,"victory":false,"max_hp_per_floor":[71,71,71,71,71,71,71,71,71,71,71,71,71,71,71,71,71,71,68,68,68,68,68,68,78,78,78,78,78,78,78,78,78],"card_choices":[{"not_picked":["Scrape","Recycle"],"picked":"Loop","floor":1},{"not_picked":["Compile Driver","Go for the Eyes","Skim"],"picked":"SKIP","floor":2},{"not_picked":["Redo","Streamline"],"picked":"Capacitor","floor":5},{"not_picked":["Leap","Barrage","Compile Driver"],"picked":"SKIP","floor":7},{"not_picked":["Recycle","Hello World"],"picked":"Coolheaded","floor":11},{"not_picked":["Hello World","Chaos"],"picked":"Conserve Battery","floor":15},{"not_picked":["Reboot","Seek"],"picked":"Machine Learning","floor":16},{"not_picked":["Compile Driver","Sweeping Beam","Steam"],"picked":"SKIP","floor":18},{"not_picked":["Lockon","Go for the Eyes+1"],"picked":"Ball Lightning","floor":21},{"not_picked":["FTL","Scrape","Coolheaded"],"picked":"SKIP","floor":24},{"not_picked":["Go for the Eyes","Gash","Steam"],"picked":"SKIP","floor":27},{"not_picked":["Doom and Gloom","Melter+1","Multi-Cast"],"picked":"SKIP","floor":29},{"not_picked":["Gash","Loop"],"picked":"Cold Snap","floor":31},{"not_picked":["Steam","Sunder"],"picked":"Chill","floor":32}],"player_experience":762023,"relics_obtained":[{"floor":9,"key":"Dream Catcher"},{"floor":10,"key":"Bottled Tornado"},{"floor":26,"key":"Kunai"}],"event_choices":[{"damage_healed":0,"gold_gain":0,"player_choice":"Grow","damage_taken":0,"max_hp_gain":0,"max_hp_loss":0,"event_name":"Living Wall","floor":3,"gold_loss":0,"cards_upgraded":["Loop"]},{"damage_healed":0,"gold_gain":0,"player_choice":"Rummage","damage_taken":0,"relics_obtained":["WarpedTongs"],"max_hp_gain":0,"max_hp_loss":0,"event_name":"Accursed Blacksmith","floor":4,"gold_loss":0,"cards_obtained":["Pain"]},{"damage_healed":17,"gold_gain":0,"player_choice":"Healed and dodged fight","damage_taken":0,"max_hp_gain":0,"max_hp_loss":0,"event_name":"Mushrooms","floor":13,"gold_loss":0,"cards_obtained":["Parasite"]},{"damage_healed":0,"gold_gain":0,"player_choice":"Stole Relic","damage_taken":0,"relics_obtained":["Blood Vial"],"max_hp_gain":0,"max_hp_loss":0,"event_name":"Addict","floor":20,"gold_loss":0,"cards_obtained":["Shame"]},{"damage_healed":0,"gold_gain":0,"player_choice":"Paid Gold","damage_taken":0,"relics_obtained":["Pear"],"max_hp_gain":0,"max_hp_loss":0,"event_name":"WeMeetAgain","floor":25,"gold_loss":63}],"is_beta":false,"boss_relics":[{"not_picked":["Sozu","Astrolabe"],"picked":"Velvet Choker"}],"items_purged_floors":[12,19],"is_endless":false,"potions_floor_spawned":[1,5,21,27],"killed_by":"Champ","ascension_level":19}