{"path_per_floor":["M","T","M","T","?","R","E","R","T","E","?","E","R","M","R","B",null,"M","$","M","M","M","R","E","?","T","E","M","E","$","E","R","B",null,"M","?","M","M","?","E","R","E","T","E","?","E","$","?","R","B"],"character_chosen":"THE_SILENT","items_purchased":["Gremlin Horn","Blade Dance","Master of Strategy"],"gold_per_floor":[114,114,129,129,129,129,159,159,159,189,189,219,219,234,234,334,334,349,274,289,304,319,319,349,349,399,429,444,474,88,118,118,218,218,233,233,248,263,263,293,293,323,323,353,353,383,70,117,117,117],"floor_reached":51,"campfire_rested":3,"playtime":3419,"current_hp_per_floor":[69,75,73,79,79,79,79,79,85,73,73,68,68,68,68,60,94,89,89,81,81,76,76,76,76,82,60,56,44,44,23,53,43,106,103,90,77,75,75,57,88,86,92,94,94,96,96,74,107,118],"items_purged":["Strike_G","Strike_G","Normality"],"gold":117,"score":1231,"play_id":"1f1ade18-b50a-4a2c-9f3b-67039578b988","local_time":"20180504200630","daily_mods":["Heirloom","Cursed Run","Elite Swarm"],"is_prod":false,"is_daily":true,"chose_seed":false,"is_ascension_mode":false,"campfire_upgraded":5,"timestamp":1525489590,"path_taken":["M","?","M","?","?","R","E","R","T","E","?","E","R","?","R","BOSS","M","$","?","?","M","R","E","?","T","E","M","E","?","E","R","BOSS","M","?","M","M","?","E","R","E","T","E","?","E","$","?","R","BOSS"],"build_version":"2018-05-03","seed_source_timestamp":0,"purchased_purges":3,"victory":true,"master_deck":["Defend_G+1","Defend_G+1","Defend_G+1","Defend_G+1","Defend_G+1","Strike_G+1","Strike_G+1","Strike_G+1","Survivor","Neutralize+1","Sucker Punch+1","Writhe","Malaise+1","A Thousand Cuts+1","Bullet Time","Adrenaline+1","Slice","Injury","Burst","Riddle With Holes+1","Riddle With Holes+1","Quick Slash","Decay","After Image","Quick Slash+1","Blade Dance","Tools of the Trade","A Thousand Cuts","Quick Slash","Dagger Spray+1","Prepared","Blade Dance+1","Backflip+1","Madness","Madness","Acrobatics+1","Predator","Acrobatics+1","Die Die Die","Decay","Adrenaline","Adrenaline","Master of Strategy","Terror","Decay"],"max_hp_per_floor":[70,76,76,82,82,82,82,82,88,88,88,88,88,88,88,94,94,94,94,94,94,94,94,94,94,100,100,100,100,100,100,100,106,106,106,106,106,106,106,106,106,106,112,112,112,112,112,112,112,118],"relics":["Cursed Key","Darkstone Periapt","Du-Vu Doll","Tingsha","Kunai","Dodecahedron","Sundial","The Specimen","Shuriken","Spirit Poop","Happy Flower","Sozu","Calipers","Juzu Bracelet","Question Card","Tough Bandages","Gremlin Horn","Blood Vial","Orrery","Shovel","War Paint","Pantograph","Anchor","Mercury Hourglass","Bird Faced Urn"],"card_choices":[{"not_picked":["Deadly Poison","Bane"],"picked":"Sucker Punch","floor":1},{"not_picked":["Catalyst","Slice"],"picked":"Malaise","floor":3},{"not_picked":["Phantasmal Killer","Glass Knife"],"picked":"A Thousand Cuts","floor":7},{"not_picked":["Grand Finale","Corpse Explosion"],"picked":"Bullet Time","floor":10},{"not_picked":["Doppelganger","Corpse Explosion"],"picked":"Adrenaline","floor":12},{"not_picked":["Endless Agony","Predator"],"picked":"Slice","floor":14},{"not_picked":["Unload","Envenom"],"picked":"Burst","floor":16},{"not_picked":["Setup","Infinite Blades"],"picked":"Riddle With Holes","floor":18},{"not_picked":["Distraction","Malaise"],"picked":"Riddle With Holes","floor":20},{"not_picked":["Cloak And Dagger","Reflex"],"picked":"Quick Slash","floor":22},{"not_picked":["Envenom","Grand Finale"],"picked":"Phantasmal Killer","floor":24},{"not_picked":["Grand Finale","Wraith Form v2"],"picked":"After Image","floor":27},{"not_picked":["Slice","Cloak And Dagger","Distraction"],"picked":"Quick Slash","floor":28},{"not_picked":["Unload","Night Terror","Burst"],"picked":"Tools of the Trade","floor":31},{"not_picked":["Envenom","Tactician","Burst"],"picked":"A Thousand Cuts","floor":33},{"not_picked":["Dagger Spray","Flechettes","Catalyst"],"picked":"Quick Slash","floor":34},{"not_picked":["Bane","Catalyst","All Out Attack"],"picked":"Dagger Spray","floor":34},{"not_picked":["Wraith Form v2","Dagger Throw","Bane"],"picked":"Prepared","floor":34},{"not_picked":["Eviscerate","Quick Slash","Distraction"],"picked":"Blade Dance","floor":34},{"not_picked":["Dagger Spray","Cloak And Dagger","Riddle With Holes"],"picked":"Backflip","floor":35},{"not_picked":["Dodge and Roll","Reflex","Deflect"],"picked":"Acrobatics","floor":37},{"not_picked":["Catalyst","Deflect","Underhanded Strike"],"picked":"Predator","floor":38},{"not_picked":["Venomology","Tactician","Wraith Form v2"],"picked":"Die Die Die","floor":42},{"not_picked":["Tactician","Grand Finale","Glass Knife"],"picked":"Adrenaline","floor":44},{"not_picked":["Die Die Die","Burst","Venomology"],"picked":"Adrenaline","floor":46},{"not_picked":["Flechettes","Prepared","Footwork"],"picked":"Terror","floor":48}],"player_experience":256435,"potions_floor_usage":[24],"damage_taken":[{"damage":1,"enemies":"Cultist","floor":1,"turns":4},{"damage":2,"enemies":"Jaw Worm","floor":3,"turns":3},{"damage":0,"enemies":"Lagavulin","floor":7,"turns":8},{"damage":12,"enemies":"Gremlin Nob","floor":10,"turns":5},{"damage":5,"enemies":"3 Sentries","floor":12,"turns":7},{"damage":0,"enemies":"Small Slimes","floor":14,"turns":3},{"damage":14,"enemies":"Hexaghost","floor":16,"turns":10},{"damage":5,"enemies":"3 Byrds","floor":18,"turns":4},{"damage":8,"enemies":"2 Thieves","floor":20,"turns":4},{"damage":0,"enemies":"Snake Plant","floor":21,"turns":5},{"damage":5,"enemies":"Snecko","floor":22,"turns":3},{"damage":0,"enemies":"Gremlin Leader","floor":24,"turns":5},{"damage":22,"enemies":"Slavers","floor":27,"turns":5},{"damage":4,"enemies":"Chosen and Byrds","floor":28,"turns":4},{"damage":12,"enemies":"Book of Stabbing","floor":29,"turns":4},{"damage":21,"enemies":"Slavers","floor":31,"turns":4},{"damage":18,"enemies":"Automaton","floor":33,"turns":8},{"damage":3,"enemies":"Orb Walker","floor":35,"turns":3},{"damage":15,"enemies":"3 Darklings","floor":37,"turns":3},{"damage":4,"enemies":"4 Shapes","floor":38,"turns":3},{"damage":20,"enemies":"Nemesis","floor":40,"turns":6},{"damage":4,"enemies":"Giant Head","floor":42,"turns":4},{"damage":0,"enemies":"Nemesis","floor":44,"turns":5},{"damage":0,"enemies":"Giant Head","floor":46,"turns":5},{"damage":24,"enemies":"Mysterious Sphere","floor":48,"turns":2},{"damage":0,"enemies":"Awakened One","floor":50,"turns":6}],"event_choices":[{"event_name":"Living Wall","player_choice":"Forget","floor":5,"damage_taken":0},{"event_name":"Bonfire Elementals","player_choice":"CURSE","floor":11,"damage_taken":0},{"event_name":"Back to Basics","player_choice":"Simplicity","floor":25,"damage_taken":0},{"event_name":"Winding Halls","player_choice":"Embrace Madness","floor":36,"damage_taken":0},{"event_name":"Duplicator","player_choice":"One dupe","floor":39,"damage_taken":0},{"event_name":"Mysterious Sphere","player_choice":"Fight","floor":48,"damage_taken":0}],"boss_relics":[{"not_picked":["Ectoplasm","White Beast Statue"],"picked":"Sozu"},{"not_picked":["Runic Dome","Snecko Eye"],"picked":"Orrery"}],"potions_floor_spawned":[7,14,20,27,28,31,35,40],"seed_played":"-736207879741980722","ascension_level":0,"is_trial":false}