{"path_per_floor":["M","M","M","M","?","E","M","M","T","E","R","M","?","$","R","B",null,"M","M","M","$","M","R","E","?","T","R","M","R","M","M","R","B",null,"M","$","?","?","M","R","M","R","T","M","R","?","$","E","R","B"],"character_chosen":"DEFECT","items_purchased":["Capacitor","Consume","Stack","Capacitor","Runic Capacitor","Self Repair"],"gold_per_floor":[111,125,141,151,151,181,191,202,225,259,259,271,251,28,28,128,128,142,161,176,51,71,71,96,96,123,123,141,141,161,174,174,274,274,286,3,3,3,19,19,36,36,36,49,49,0,0,31,31,31],"floor_reached":51,"campfire_rested":0,"playtime":5362,"current_hp_per_floor":[67,66,66,49,49,41,28,65,65,68,68,68,68,68,68,68,68,68,68,68,68,68,68,68,68,68,68,68,68,57,68,68,39,68,68,68,68,68,56,56,68,68,68,68,68,68,68,68,68,68],"items_purged":["Strike_B","Strike_B"],"gold":31,"score":711,"play_id":"b17a999d-2a16-4f3f-91a6-e208fc7afc45","local_time":"20180501194005","is_prod":false,"is_daily":false,"chose_seed":false,"is_ascension_mode":false,"campfire_upgraded":10,"timestamp":1525196405,"path_taken":["M","M","M","M","?","E","?","M","T","E","R","M","?","$","R","BOSS","M","M","M","$","M","R","E","?","T","R","M","R","?","M","R","BOSS","M","$","?","?","M","R","M","R","T","?","R","?","$","E","R","BOSS"],"build_version":"2018-04-30","seed_source_timestamp":112494054282608,"purchased_purges":2,"victory":true,"master_deck":["Strike_B+1","Strike_B","Defend_B","Defend_B","Dualcast","Cold Snap","Buffer+1","Glacier","Finesse","Ball Lightning","Creative AI+1","Capacitor+1","Conserve Battery","Capacitor","Consume","Stack","Meteor Strike","Heatsinks+1","Hello World+1","Impulse+1","Capacitor+1","Chill+1","Parasite","Seek","Impulse+1","Hyperbeam+1","Flux Capacitor+1","Coolheaded+1","Self Repair","Reinforced Body","Force Field","Decay","Fusion+1","Recycle+1"],"max_hp_per_floor":[68,68,68,68,68,68,68,68,68,68,68,68,68,68,68,68,68,68,68,68,68,68,68,68,68,68,68,68,68,68,68,68,68,68,68,68,68,68,68,68,68,68,68,68,68,68,68,68,68,68],"relics":["Cracked Core","Bird Faced Urn","Lantern","Bag of Preparation","Whetstone","Cursed Key","Anchor","Regal Pillow","Astrolabe","Runic Capacitor","Bottled Tornado","Red Mask","Bronze Scales"],"card_choices":[{"not_picked":["Hologram","Coolheaded"],"picked":"Cold Snap","floor":2},{"not_picked":["Flux Capacitor","Glacier"],"picked":"Buffer","floor":3},{"not_picked":["Cold Snap","Chaos"],"picked":"Glacier","floor":4},{"not_picked":["Coolheaded","Hologram"],"picked":"Creative AI","floor":6},{"not_picked":["Streamline","Sunder"],"picked":"Capacitor","floor":7},{"not_picked":["Axe Kick","Sweeping Beam"],"picked":"Conserve Battery","floor":10},{"not_picked":["Conserve Battery","Stack"],"picked":"Biased Cognition","floor":12},{"not_picked":["Fission","Multi-Cast"],"picked":"Meteor Strike","floor":16},{"not_picked":["Aggregate","Stack"],"picked":"Heatsinks","floor":18},{"not_picked":["Aggregate","Coolheaded"],"picked":"Hello World","floor":19},{"not_picked":["Rebound","FTL"],"picked":"Impulse","floor":20},{"not_picked":["Chaos","Barrage"],"picked":"Chill","floor":22},{"not_picked":["Meteor Strike","Fusion"],"picked":"Seek","floor":33},{"not_picked":["Beam Cell","Auto Shields"],"picked":"Coolheaded","floor":35},{"not_picked":["Barrage","Blaster"],"picked":"Force Field","floor":39},{"not_picked":["Blizzard","Go for the Eyes"],"picked":"Fusion","floor":44},{"not_picked":["Streamline","Rebound"],"picked":"Recycle","floor":48}],"player_experience":26715,"potions_floor_usage":[24,24,33,35,50],"damage_taken":[{"damage":1,"enemies":"Jaw Worm","floor":1,"turns":3},{"damage":1,"enemies":"Cultist","floor":2,"turns":3},{"damage":0,"enemies":"2 Louse","floor":3,"turns":2},{"damage":19,"enemies":"Gremlin Gang","floor":4,"turns":7},{"damage":10,"enemies":"Gremlin Nob","floor":6,"turns":5},{"damage":23,"enemies":"Large Slime","floor":7,"turns":6},{"damage":9,"enemies":"Lots of Slimes","floor":8,"turns":17},{"damage":19,"enemies":"3 Sentries","floor":10,"turns":10},{"damage":0,"enemies":"Blue Slaver","floor":12,"turns":4},{"damage":39,"enemies":"The Guardian","floor":16,"turns":15},{"damage":1,"enemies":"Spheric Guardian","floor":18,"turns":5},{"damage":0,"enemies":"Chosen","floor":19,"turns":7},{"damage":20,"enemies":"Centurion and Healer","floor":20,"turns":8},{"damage":0,"enemies":"Chosen and Byrds","floor":22,"turns":11},{"damage":34,"enemies":"Gremlin Leader","floor":24,"turns":11},{"damage":5,"enemies":"Snake Plant","floor":28,"turns":5},{"damage":13,"enemies":"Snecko","floor":30,"turns":7},{"damage":5,"enemies":"Centurion and Healer","floor":31,"turns":9},{"damage":46,"enemies":"Automaton","floor":33,"turns":10},{"damage":0,"enemies":"Flame Bruiser 1 Orb","floor":35,"turns":7},{"damage":27,"enemies":"Orb Walker","floor":39,"turns":6},{"damage":0,"enemies":"Maw","floor":41,"turns":7},{"damage":26,"enemies":"Spire Growth","floor":44,"turns":8},{"damage":0,"enemies":"Giant Head","floor":48,"turns":9},{"damage":11,"enemies":"Awakened One","floor":50,"turns":10}],"event_choices":[{"event_name":"Match and Keep!","player_choice":"3 cards matched","floor":5,"damage_taken":0},{"event_name":"The Woman in Blue","player_choice":"Bought 1 Potion","floor":13,"damage_taken":0},{"event_name":"Vampires","player_choice":"Ignored","floor":25,"damage_taken":0},{"event_name":"Transmorgrifier","player_choice":"Transform","floor":38,"damage_taken":0},{"event_name":"Tomb of Lord Red Mask","player_choice":"Paid","floor":46,"damage_taken":0}],"boss_relics":[{"not_picked":["White Beast Statue","Runic Pyramid"],"picked":"Cursed Key"},{"not_picked":["Tiny House","Black Star"],"picked":"Astrolabe"}],"potions_floor_spawned":[3,6,7,8,16,18,20,28,30,33,39,41],"seed_played":"3234359844661221217","ascension_level":0,"is_trial":false}