{"path_per_floor":["M","M","?","M","M","R","$","E","T","?","R","M","?","M","R","B",null,"M","M","$","?","M","R","M","M","T"],"character_chosen":"IRONCLAD","items_purchased":["Headbutt","Seeing Red","Dramatic Entrance","Demon Form"],"gold_per_floor":[119,130,130,143,160,160,109,139,139,166,166,184,184,199,199,298,298,313,329,17,17,34,34,51,66,66],"floor_reached":27,"campfire_rested":3,"playtime":1361,"current_hp_per_floor":[80,80,80,80,76,76,76,61,61,38,62,62,46,40,64,14,80,56,52,52,52,32,56,36,16,16],"items_purged":[],"gold":66,"score":217,"play_id":"80702ba4-977b-4cf1-a5c5-1f83bdb094cb","local_time":"20180318000518","is_prod":false,"is_daily":false,"is_ascension_mode":false,"campfire_upgraded":1,"timestamp":1521331518,"path_taken":["M","M","?","M","?","R","$","E","T","?","R","?","?","?","R","BOSS","M","M","?","?","M","R","M","M","T","?"],"build_version":"2018-03-15v2","purchased_purges":0,"victory":false,"master_deck":["Strike_R+1","Strike_R+1","Strike_R+1","Strike_R+1","Strike_R+1","Defend_R+1","Defend_R+1","Defend_R+1","Defend_R+1","Bash+1","Rampage+1","Seeing Red+1","Shrug It Off+1","Heavy Blade","Headbutt","Cleave","Headbutt","Whirlwind","Rampage","Demon Form","Iron Wave","Clothesline","Seeing Red","Dramatic Entrance","Demon Form","Pommel Strike","Doubt"],"max_hp_per_floor":[80,80,80,80,80,80,80,80,80,80,80,80,80,80,80,80,80,80,80,80,80,80,80,80,80,80],"relics":["Burning Blood","Lantern","Ice Cream","Odd Mushroom","Cursed Key","Magic Flower"],"card_choices":[{"not_picked":["True Grit","Berserk"],"picked":"Rampage"},{"not_picked":["Body Slam","Armaments"],"picked":"Seeing Red"},{"not_picked":["Carnage","Thunderclap"],"picked":"Shrug It Off"},{"not_picked":["Entrench","Combust"],"picked":"Heavy Blade"},{"not_picked":["Power Through","Barricade"],"picked":"Cleave"},{"not_picked":["Warcry","Rupture"],"picked":"Headbutt"},{"not_picked":["Burning Pact","Intimidate"],"picked":"Whirlwind"},{"not_picked":["Armaments","Body Slam"],"picked":"Rampage"},{"not_picked":["Brutality","Juggernaut"],"picked":"Demon Form"},{"not_picked":["Sword Boomerang","Heavy Blade"],"picked":"Iron Wave"},{"not_picked":["Flex","Thunderclap"],"picked":"Clothesline"},{"not_picked":["Disarm","Flex"],"picked":"Pommel Strike"}],"player_experience":12908,"potions_floor_usage":[8,25,25,25,27],"damage_taken":[{"damage":5,"enemies":"2 Louse","floor":1,"turns":2},{"damage":6,"enemies":"Cultist","floor":2,"turns":3},{"damage":5,"enemies":"Small Slimes","floor":4,"turns":3},{"damage":10,"enemies":"Looter","floor":5,"turns":3},{"damage":21,"enemies":"Gremlin Nob","floor":8,"turns":4},{"damage":29,"enemies":"The Mushroom Lair","floor":10,"turns":4},{"damage":6,"enemies":"Gremlin Gang","floor":12,"turns":3},{"damage":12,"enemies":"Blue Slaver","floor":14,"turns":2},{"damage":56,"enemies":"The Guardian","floor":16,"turns":8},{"damage":30,"enemies":"2 Thieves","floor":18,"turns":4},{"damage":10,"enemies":"3 Byrds","floor":19,"turns":5},{"damage":26,"enemies":"Snake Plant","floor":22,"turns":4},{"damage":26,"enemies":"Centurion and Healer","floor":24,"turns":5},{"damage":26,"enemies":"Cultist and Chosen","floor":25,"turns":6},{"damage":20,"enemies":"Snake Plant","floor":27,"turns":3}],"event_choices":[{"event_name":"Living Wall","player_choice":"Grow","floor":3,"damage_taken":0},{"event_name":"Mushrooms","player_choice":"Fought Mushrooms","floor":10,"damage_taken":0},{"event_name":"Shining Light","player_choice":"Entered Light","floor":13,"damage_taken":0},{"event_name":"Back to Basics","player_choice":"Simplicity","floor":21,"damage_taken":0}],"boss_relics":[{"not_picked":["Eternal Feather","Runic Dome"],"picked":"Cursed Key"}],"potions_floor_spawned":[4,5,16,22,24,25],"seed_played":"1977500156119496913","killed_by":"Snake Plant","ascension_level":0,"is_trial":false}