{"path_per_floor":["M","M","?","$","M","M","M","M","T","?","M","?","M","E","R","B",null,"M","?","M","$","M","E","R","E","T","M","M","?","R","?","R","B",null,"M","M"],"character_chosen":"IRONCLAD","items_purchased":["Hemokinesis","Shuriken","Burning Pact"],"gold_per_floor":[116,129,129,89,101,111,126,140,190,155,171,192,204,238,238,333,333,348,348,359,1,16,48,48,78,78,91,103,3,3,3,3,106,106,124,134],"floor_reached":37,"campfire_rested":3,"playtime":9643,"current_hp_per_floor":[80,74,79,79,76,72,61,47,47,47,45,42,42,31,60,7,101,101,73,62,62,61,44,65,57,57,67,59,59,77,77,77,8,77,77,31],"items_purged":["Defend_R"],"gold":134,"score":442,"play_id":"0a118879-859c-4c6c-a735-5229e387d5a6","local_time":"20180322174141","is_prod":false,"is_daily":false,"is_ascension_mode":false,"campfire_upgraded":1,"timestamp":1521736901,"path_taken":["M","M","?","$","M","M","M","M","T","?","?","?","M","E","R","BOSS","M","?","M","$","M","E","R","E","T","M","M","?","R","?","R","BOSS","M","M","?"],"build_version":"2018-03-15v3","purchased_purges":2,"victory":false,"master_deck":["Bash","Iron Wave","Headbutt","Feed+1","Hemokinesis","Clash","Fiend Fire","Blood for Blood","Cleave+1","Twin Strike","Infernal Blade","Dropkick","Iron Wave","Bludgeon","Thunderclap","Bite","Bite","Bite","Bite","Bite","Uppercut+1","Clash","Clash","Disarm","Shockwave","Armaments+1","J.A.X.","Double Tap","Body Slam+1","Second Wind+1","Barricade+1","Infernal Blade+1","Clash+1"],"max_hp_per_floor":[80,80,85,85,85,85,88,91,91,91,94,97,97,97,97,101,101,105,73,73,73,73,73,73,77,77,77,77,77,77,77,77,77,77,77,77],"relics":["Burning Blood","Happy Flower","Odd Mushroom","Whetstone","Velvet Choker","Shuriken","Lantern","Juzu Bracelet","Red Skull","Astrolabe"],"card_choices":[{"not_picked":["Inflame","Cleave"],"picked":"Headbutt"},{"not_picked":["Feel No Pain","Hemokinesis"],"picked":"Feed"},{"not_picked":["Infernal Blade","Armaments"],"picked":"Clash"},{"not_picked":["Perfected Strike","Cleave"],"picked":"Fiend Fire"},{"not_picked":["Thunderclap","Body Slam"],"picked":"Blood for Blood"},{"not_picked":["Twin Strike","Sword Boomerang"],"picked":"Cleave"},{"not_picked":["Pommel Strike","Barricade"],"picked":"Twin Strike"},{"not_picked":["Pommel Strike","Warcry"],"picked":"Infernal Blade"},{"not_picked":["Burning Pact","Shrug It Off"],"picked":"Dropkick"},{"not_picked":["Perfected Strike","Shrug It Off"],"picked":"Iron Wave"},{"not_picked":["Juggernaut","Barricade"],"picked":"Bludgeon"},{"not_picked":["Warcry","True Grit"],"picked":"Thunderclap"},{"not_picked":["Perfected Strike","Cleave"],"picked":"Uppercut"},{"not_picked":["Thunderclap","Rupture"],"picked":"Clash"},{"not_picked":["Corruption","Iron Wave"],"picked":"Clash"},{"not_picked":["Power Through","Warcry"],"picked":"Disarm"},{"not_picked":["Pummel","Headbutt"],"picked":"Shockwave"},{"not_picked":["Iron Wave","Perfected Strike"],"picked":"Armaments"},{"not_picked":["Brutality","Berserk"],"picked":"Double Tap"},{"not_picked":["Uppercut","Pommel Strike"],"picked":"Infernal Blade"},{"not_picked":["Entrench","True Grit"],"picked":"Clash"}],"player_experience":6516,"potions_floor_usage":[12,14,16,16,16,28,37,37],"damage_taken":[{"damage":2,"enemies":"2 Louse","floor":1,"turns":2},{"damage":12,"enemies":"Small Slimes","floor":2,"turns":3},{"damage":9,"enemies":"Jaw Worm","floor":5,"turns":2},{"damage":10,"enemies":"Looter","floor":6,"turns":2},{"damage":20,"enemies":"Large Slime","floor":7,"turns":4},{"damage":23,"enemies":"Lots of Slimes","floor":8,"turns":3},{"damage":11,"enemies":"2 Fungi Beasts","floor":11,"turns":3},{"damage":12,"enemies":"The Mushroom Lair","floor":12,"turns":2},{"damage":6,"enemies":"Blue Slaver","floor":13,"turns":4},{"damage":17,"enemies":"Gremlin Nob","floor":14,"turns":3},{"damage":63,"enemies":"Slime Boss","floor":16,"turns":10},{"damage":10,"enemies":"Spheric Guardian","floor":18,"turns":3},{"damage":21,"enemies":"2 Thieves","floor":20,"turns":4},{"damage":13,"enemies":"Chosen and Byrds","floor":22,"turns":4},{"damage":33,"enemies":"Gremlin Leader","floor":23,"turns":5},{"damage":28,"enemies":"Slavers","floor":25,"turns":3},{"damage":0,"enemies":"Snake Plant","floor":27,"turns":2},{"damage":22,"enemies":"Centurion and Healer","floor":28,"turns":4},{"damage":82,"enemies":"Automaton","floor":33,"turns":7},{"damage":0,"enemies":"3 Shapes","floor":35,"turns":3},{"damage":55,"enemies":"3 Darklings","floor":36,"turns":4}],"event_choices":[{"event_name":"Big Fish","player_choice":"Donut","floor":3,"damage_taken":0},{"event_name":"World of Goop","player_choice":"Left","floor":10,"damage_taken":0},{"event_name":"Mushrooms","player_choice":"Fought Mushrooms","floor":12,"damage_taken":0},{"event_name":"Vampires","player_choice":"Became a vampire","floor":19,"damage_taken":0},{"event_name":"Drug Dealer","player_choice":"Got JAXXED","floor":29,"damage_taken":0},{"event_name":"Back to Basics","player_choice":"Elegance","floor":31,"damage_taken":0},{"event_name":"Mysterious Sphere","player_choice":"Fight","floor":37,"damage_taken":0}],"boss_relics":[{"not_picked":["Orrery","Black Star"],"picked":"Velvet Choker"},{"not_picked":["Tiny House","Snecko Eye"],"picked":"Astrolabe"}],"potions_floor_spawned":[2,5,7,12,14,18,22,27,33],"seed_played":"-8346929932237593905","killed_by":"Mysterious Sphere","ascension_level":0,"is_trial":false}