{"gold_per_floor":[144,69,244,244,118,208,208,208,208,298,343,433,433,523,523,823,823,868,393,243,288,288,378,378,128,128,173,218,263,263,308,308,608,608,653,653,178,0,57,177,177,267,342,342,432,432,182,272,272,272],"floor_reached":51,"playtime":3347,"items_purged":["Outmaneuver","Doubt","Regret","Riddle With Holes","Bouncing Flask"],"score":1103,"play_id":"895297a2-8c7d-425e-b85c-0caf16376f08","local_time":"20181205183729","daily_mods":["Insanity","Flight","Midas"],"is_ascension_mode":false,"campfire_choices":[{"floor":7,"key":"REST"},{"floor":13,"key":"REST"},{"floor":15,"key":"REST"},{"floor":32,"key":"REST"},{"floor":44,"key":"REST"},{"floor":46,"key":"REST"},{"floor":49,"key":"REST"}],"neow_cost":"","seed_source_timestamp":0,"circlet_count":0,"master_deck":["Dagger Throw","Poisoned Stab","Quick Slash","Bane","Deflect","Quick Slash","Quick Slash","Riddle With Holes","Prepared","Deflect","Cloak And Dagger","Footwork","Flying Knee","Cloak And Dagger","Blade Dance","Dagger Spray","Heel Hook","Distraction","Finisher","Prepared","Blade Dance","Flying Knee","Flechettes","Deflect","Accuracy","Blade Dance","Riddle With Holes","Poisoned Stab","Distraction","Crippling Poison","Dodge and Roll","Underhanded Strike","Dodge and Roll","Dagger Throw","Distraction","Deadly Poison","Concentrate","Flying Knee","Dagger Throw","Sucker Punch","Choke","Distraction","Heel Hook","Flying Knee","Bane","Cloak And Dagger","Acrobatics","Cloak And Dagger","Backflip","Cloak And Dagger","Malaise","Ghostly","Ghostly","Ghostly","Ghostly","Ghostly","Cloak And Dagger","A Thousand Cuts","Madness","Madness"],"special_seed":17871,"relics":["Ring of the Snake","Dodecahedron","Pantograph","Thread and Needle","Question Card","Art of War","Sundial","Strawberry","Busted Crown","Bag of Preparation","Lee\u0027s Waffle","Bottled Tornado","Kunai","Shuriken","Black Star","Turnip","Red Mask","Mango","Tiny Chest","Vajra","Gambling Chip","Prayer Wheel","Ninja Scroll","Ornamental Fan","Mercury Hourglass","Pear","The Courier","Matryoshka"],"potions_floor_usage":[33,50,50,50,50,50,50],"damage_taken":[{"damage":0,"enemies":"Cultist","floor":1,"turns":2},{"damage":18,"enemies":"3 Sentries","floor":6,"turns":6},{"damage":31,"enemies":"Lagavulin","floor":10,"turns":5},{"damage":4,"enemies":"Jaw Worm","floor":11,"turns":2},{"damage":0,"enemies":"Gremlin Nob","floor":12,"turns":3},{"damage":0,"enemies":"3 Sentries","floor":14,"turns":6},{"damage":27,"enemies":"The Guardian","floor":16,"turns":9},{"damage":10,"enemies":"2 Thieves","floor":18,"turns":4},{"damage":2,"enemies":"Shell Parasite","floor":21,"turns":4},{"damage":3,"enemies":"Slavers","floor":23,"turns":5},{"damage":0,"enemies":"Snake Plant","floor":27,"turns":4},{"damage":14,"enemies":"Centurion and Healer","floor":28,"turns":4},{"damage":14,"enemies":"Chosen and Byrds","floor":29,"turns":5},{"damage":5,"enemies":"Shelled Parasite and Fungi","floor":31,"turns":5},{"damage":26,"enemies":"Automaton","floor":33,"turns":9},{"damage":0,"enemies":"3 Shapes","floor":35,"turns":6},{"damage":0,"enemies":"2 Orb Walkers","floor":39,"turns":5},{"damage":0,"enemies":"Giant Head","floor":40,"turns":8},{"damage":21,"enemies":"Nemesis","floor":42,"turns":7},{"damage":11,"enemies":"Giant Head","floor":45,"turns":7},{"damage":7,"enemies":"Reptomancer","floor":48,"turns":7},{"damage":17,"enemies":"Awakened One","floor":50,"turns":8}],"seed_played":"-933783544503899618","potions_obtained":[{"floor":6,"key":"FearPotion"},{"floor":10,"key":"Ancient Potion"},{"floor":12,"key":"Weak Potion"},{"floor":23,"key":"EntropicBrew"},{"floor":35,"key":"Strength Potion"}],"is_trial":false,"path_per_floor":["M","$","?","T","$","E","R","?","T","E","M","E","R","E","R","B",null,"M","$","$","M","?","E","?","$","T","M","M","M","?","M","R","B",null,"M","?","$","?","?","E","?","E","T","R","E","R","$","E","R","B",null],"character_chosen":"THE_SILENT","items_purchased":["Cloak And Dagger","Bag of Preparation","Lee\u0027s Waffle","Kunai","Turnip","Pear"],"campfire_rested":7,"item_purchase_floors":[5,19,19,25,37,47],"current_hp_per_floor":[70,70,70,70,70,52,70,70,70,39,35,35,56,63,77,50,77,67,84,84,82,42,39,33,33,33,33,19,5,21,16,30,21,47,47,47,47,47,61,61,53,32,32,50,39,57,67,60,71,54],"gold":272,"neow_bonus":"","is_prod":false,"is_daily":true,"chose_seed":false,"campfire_upgraded":0,"win_rate":0,"timestamp":1544063849,"path_taken":["M","$","?","?","$","E","R","?","T","E","?","E","R","E","R","BOSS","M","$","$","?","?","E","?","$","T","M","M","M","?","M","R","BOSS","M","?","$","?","?","E","?","E","T","R","E","R","$","E","R","BOSS"],"build_version":"2018-11-15","purchased_purges":5,"victory":true,"max_hp_per_floor":[70,70,70,70,70,70,70,70,70,70,70,70,70,77,77,77,77,77,84,84,84,42,42,47,47,47,47,47,47,47,47,47,47,47,47,47,47,47,61,61,61,61,61,61,61,61,71,71,71,71],"card_choices":[{"not_picked":["Terror","Underhanded Strike"],"picked":"Acrobatics","floor":1},{"not_picked":["Poisoned Stab","Unload","Outmaneuver"],"picked":"SKIP","floor":6},{"not_picked":["Blur","Dagger Throw","Poisoned Stab","Slice"],"picked":"SKIP","floor":10},{"not_picked":["Quick Slash","Deadly Poison","Flying Knee","Slice"],"picked":"SKIP","floor":11},{"not_picked":["Deflect","PiercingWail","Flechettes"],"picked":"Backflip","floor":12},{"not_picked":["Flying Knee","Quick Slash","Doppelganger"],"picked":"Cloak And Dagger","floor":14},{"not_picked":["Glass Knife","Doppelganger","Phantasmal Killer"],"picked":"Malaise","floor":16},{"not_picked":["Dodge and Roll+1","Heel Hook"],"picked":"SKIP","floor":18},{"not_picked":["Deflect+1","Expertise"],"picked":"SKIP","floor":21},{"not_picked":["Poisoned Stab","Die Die Die"],"picked":"SKIP","floor":23},{"not_picked":["Underhanded Strike+1","Expertise+1"],"picked":"SKIP","floor":27},{"not_picked":["Bane","Slice"],"picked":"SKIP","floor":28},{"not_picked":["Crippling Poison"],"picked":"Cloak And Dagger","floor":29},{"not_picked":["Dodge and Roll+1","Prepared"],"picked":"SKIP","floor":31},{"not_picked":["Bullet Time"],"picked":"A Thousand Cuts","floor":33},{"not_picked":["Poisoned Stab","Dagger Spray"],"picked":"SKIP","floor":35},{"not_picked":["Underhanded Strike+1","Deadly Poison+1"],"picked":"SKIP","floor":40},{"not_picked":["Night Terror","Dagger Spray+1"],"picked":"SKIP","floor":42},{"not_picked":["Underhanded Strike+1","Reflex+1"],"picked":"SKIP","floor":45},{"not_picked":["PiercingWail+1","Dagger Throw+1"],"picked":"SKIP","floor":48}],"player_experience":561041,"relics_obtained":[{"floor":4,"key":"Dodecahedron"},{"floor":6,"key":"Pantograph"},{"floor":9,"key":"Question Card"},{"floor":10,"key":"Art of War"},{"floor":12,"key":"Sundial"},{"floor":14,"key":"Strawberry"},{"floor":23,"key":"Bottled Tornado"},{"floor":26,"key":"Shuriken"},{"floor":39,"key":"Mango"},{"floor":40,"key":"Tiny Chest"},{"floor":40,"key":"Vajra"},{"floor":42,"key":"Gambling Chip"},{"floor":42,"key":"Prayer Wheel"},{"floor":43,"key":"Ninja Scroll"},{"floor":45,"key":"Ornamental Fan"},{"floor":45,"key":"Mercury Hourglass"},{"floor":48,"key":"The Courier"},{"floor":48,"key":"Matryoshka"}],"event_choices":[{"damage_healed":0,"gold_gain":175,"player_choice":"AGREE","damage_taken":0,"max_hp_gain":0,"max_hp_loss":0,"event_name":"Liars Game","floor":3,"gold_loss":0,"cards_obtained":["Doubt"]},{"damage_healed":0,"gold_gain":0,"player_choice":"Box","damage_taken":0,"relics_obtained":["Thread and Needle"],"max_hp_gain":0,"max_hp_loss":0,"event_name":"Big Fish","floor":8,"gold_loss":0,"cards_obtained":["Regret"]},{"damage_healed":0,"gold_gain":0,"player_choice":"Became a Ghost","damage_taken":0,"max_hp_gain":0,"max_hp_loss":42,"event_name":"Ghosts","floor":22,"gold_loss":0,"cards_obtained":["Ghostly","Ghostly","Ghostly","Ghostly","Ghostly"]},{"damage_healed":0,"gold_gain":0,"player_choice":"Shed Blood","damage_taken":11,"max_hp_gain":5,"max_hp_loss":0,"event_name":"Forgotten Altar","floor":24,"gold_loss":0},{"damage_healed":16,"gold_gain":0,"player_choice":"Heal","damage_taken":0,"max_hp_gain":0,"max_hp_loss":0,"event_name":"The Library","floor":30,"gold_loss":0},{"cards_removed":["Dagger Throw"],"damage_healed":0,"gold_gain":0,"player_choice":"Removed Attack","damage_taken":0,"max_hp_gain":0,"max_hp_loss":0,"event_name":"Falling","floor":36,"gold_loss":0},{"damage_healed":0,"gold_gain":0,"player_choice":"Paid","damage_taken":0,"relics_obtained":["Red Mask"],"max_hp_gain":0,"max_hp_loss":0,"event_name":"Tomb of Lord Red Mask","floor":38,"gold_loss":178},{"damage_healed":0,"gold_gain":0,"player_choice":"Fight","damage_taken":0,"max_hp_gain":0,"max_hp_loss":0,"event_name":"Mysterious Sphere","floor":39,"gold_loss":0},{"damage_healed":0,"gold_gain":0,"player_choice":"Embrace Madness","damage_taken":8,"max_hp_gain":0,"max_hp_loss":0,"event_name":"Winding Halls","floor":41,"gold_loss":0,"cards_obtained":["Madness","Madness"]}],"is_beta":false,"boss_relics":[{"not_picked":["WristBlade","Eternal Feather"],"picked":"Busted Crown"},{"not_picked":["HoveringKite","Tiny House"],"picked":"Black Star"}],"items_purged_floors":[2,5,19,20,37],"is_endless":false,"potions_floor_spawned":[6,10,12,16,21,23,27,35,42],"ascension_level":0}