{"gold_per_floor":[117,129,148,148,148,183,183,27,27,27,41,41,41,61,61,162,162,179,79,79,99,24,59,59,59,59,76,76,76,76,86,86,183,183,197,197,197],"floor_reached":37,"playtime":1228,"items_purged":["Strike_B","Parasite"],"score":520,"play_id":"c59e6824-2a16-4a7f-881a-c17c22af5487","local_time":"20181031200251","is_ascension_mode":true,"campfire_choices":[{"data":"Sunder","floor":13,"key":"SMITH"},{"floor":15,"key":"REST"},{"data":"Sunder","floor":24,"key":"SMITH"},{"floor":28,"key":"REST"},{"floor":30,"key":"REST"},{"floor":32,"key":"REST"}],"neow_cost":"NONE","seed_source_timestamp":438918738068497,"circlet_count":0,"master_deck":["Strike_B","Strike_B","Defend_B","Defend_B","Defend_B","Defend_B","Zap","Dualcast","Lockon","Sweeping Beam","Streamline+1","Conserve Battery","Sunder+1","Fusion","Core Surge","Sunder+1","Sweeping Beam+1","Streamline","Parasite","Conserve Battery","Buffer","Machine Learning","Sunder+1"],"relics":["Snecko Eye","Happy Flower","Dream Catcher","Calipers","Cursed Key","Ginger","Matryoshka","Sozu"],"potions_floor_usage":[3,16,16,31,33,37],"damage_taken":[{"damage":1,"enemies":"Cultist","floor":1,"turns":3},{"damage":0,"enemies":"Small Slimes","floor":2,"turns":3},{"damage":9,"enemies":"Jaw Worm","floor":3,"turns":4},{"damage":35,"enemies":"Lagavulin","floor":6,"turns":5},{"damage":0,"enemies":"2 Fungi Beasts","floor":11,"turns":2},{"damage":0,"enemies":"Large Slime","floor":14,"turns":3},{"damage":33,"enemies":"Slime Boss","floor":16,"turns":6},{"damage":7,"enemies":"Chosen","floor":18,"turns":3},{"damage":12,"enemies":"2 Thieves","floor":21,"turns":3},{"damage":10,"enemies":"Slavers","floor":23,"turns":3},{"damage":18,"enemies":"Centurion and Healer","floor":27,"turns":5},{"damage":18,"enemies":"Shelled Parasite and Fungi","floor":31,"turns":3},{"damage":76,"enemies":"Collector","floor":33,"turns":8},{"damage":0,"enemies":"Orb Walker","floor":35,"turns":2},{"damage":65,"enemies":"Awakened One","floor":37,"turns":4}],"seed_played":"-2034836730608216273","potions_obtained":[{"floor":2,"key":"Explosive Potion"},{"floor":6,"key":"Ancient Potion"},{"floor":11,"key":"LiquidBronze"},{"floor":12,"key":"FairyPotion"},{"floor":12,"key":"GamblersBrew"},{"floor":27,"key":"Block Potion"},{"floor":31,"key":"SkillPotion"},{"floor":33,"key":"Weak Potion"}],"is_trial":false,"path_per_floor":["M","M","M","T","?","E","?","$","T","?","M","?","R","M","R","B",null,"M","$","?","M","?","E","R","?","T","M","R","?","R","M","R","B",null,"M","?"],"character_chosen":"DEFECT","items_purchased":["Sunder"],"campfire_rested":4,"item_purchase_floors":[8],"current_hp_per_floor":[67,67,58,58,58,23,23,23,23,41,41,41,41,41,63,30,64,57,57,57,45,45,35,35,35,35,17,38,38,59,41,62,7,56,56,56,0],"gold":197,"neow_bonus":"BOSS_RELIC","is_prod":false,"is_daily":false,"chose_seed":false,"campfire_upgraded":2,"win_rate":0,"timestamp":1541041371,"path_taken":["M","M","M","?","?","E","?","?","T","?","M","?","R","?","R","BOSS","M","$","?","?","?","E","R","?","T","M","R","?","R","M","R","BOSS","M","?","BOSS"],"build_version":"2018-10-25v2","purchased_purges":2,"victory":false,"max_hp_per_floor":[75,75,75,75,75,75,75,75,75,75,75,75,75,75,75,75,75,75,72,72,72,72,72,72,72,72,72,72,72,72,72,72,72,72,72,72,72],"card_choices":[{"not_picked":["Cold Snap","Leap"],"picked":"Lockon","floor":1},{"not_picked":["Chill","Steam"],"picked":"Sweeping Beam","floor":2},{"not_picked":["Genetic Algorithm","Steam Power"],"picked":"Streamline","floor":3},{"not_picked":["Rebound","Beam Cell"],"picked":"Conserve Battery","floor":6},{"not_picked":["Gash","Heatsinks","Rebound"],"picked":"SKIP","floor":11},{"not_picked":["Streamline","Scrape"],"picked":"Fusion","floor":14},{"not_picked":["Seek","Reboot"],"picked":"Core Surge","floor":16},{"not_picked":["Coolheaded","Reprogram"],"picked":"Sunder","floor":18},{"not_picked":["Stack","Darkness"],"picked":"Sweeping Beam+1","floor":21},{"not_picked":["White Noise","Storm+1"],"picked":"Streamline","floor":23},{"not_picked":["Aggregate","Rip and Tear"],"picked":"Conserve Battery","floor":27},{"not_picked":["Reprogram","Lockon"],"picked":"Buffer","floor":31},{"not_picked":["Multi-Cast","Thunder Strike"],"picked":"Machine Learning","floor":33},{"not_picked":["Lockon+1","Defragment"],"picked":"Sunder+1","floor":35}],"player_experience":527800,"relics_obtained":[{"floor":4,"key":"Happy Flower"},{"floor":6,"key":"Dream Catcher"},{"floor":9,"key":"Calipers"},{"floor":23,"key":"Ginger"},{"floor":26,"key":"Matryoshka"}],"event_choices":[{"damage_healed":0,"gold_gain":0,"player_choice":"Upgraded","damage_taken":0,"max_hp_gain":0,"max_hp_loss":0,"event_name":"Upgrade Shrine","floor":5,"gold_loss":0,"cards_upgraded":["Streamline"]},{"damage_healed":0,"gold_gain":0,"player_choice":"Fled","damage_taken":0,"max_hp_gain":0,"max_hp_loss":0,"event_name":"Scrap Ooze","floor":7,"gold_loss":0},{"damage_healed":18,"gold_gain":0,"player_choice":"Healed and dodged fight","damage_taken":0,"max_hp_gain":0,"max_hp_loss":0,"event_name":"Mushrooms","floor":10,"gold_loss":0,"cards_obtained":["Parasite"]},{"damage_healed":0,"gold_gain":0,"player_choice":"Got Potions","damage_taken":0,"max_hp_gain":0,"max_hp_loss":0,"event_name":"The Lab","floor":12,"gold_loss":0},{"damage_healed":0,"gold_gain":0,"player_choice":"Ignored","damage_taken":0,"max_hp_gain":0,"max_hp_loss":0,"event_name":"Ghosts","floor":20,"gold_loss":0},{"cards_removed":["Strike_B"],"damage_healed":0,"gold_gain":0,"player_choice":"Gave Gold","damage_taken":0,"max_hp_gain":0,"max_hp_loss":0,"event_name":"Beggar","floor":22,"gold_loss":75},{"damage_healed":0,"gold_gain":0,"player_choice":"Ignored","damage_taken":0,"max_hp_gain":0,"max_hp_loss":0,"event_name":"Cursed Tome","floor":25,"gold_loss":0},{"damage_healed":0,"gold_gain":0,"player_choice":"Ignored","damage_taken":0,"max_hp_gain":0,"max_hp_loss":0,"event_name":"Vampires","floor":29,"gold_loss":0},{"damage_healed":0,"gold_gain":0,"player_choice":"Took Portal","damage_taken":0,"max_hp_gain":0,"max_hp_loss":0,"event_name":"SecretPortal","floor":36,"gold_loss":0}],"is_beta":false,"boss_relics":[{"not_picked":["Eternal Feather","Astrolabe"],"picked":"Cursed Key"},{"not_picked":["Lizard Tail","Black Star"],"picked":"Sozu"}],"items_purged_floors":[8,19],"is_endless":false,"potions_floor_spawned":[2,6,11,27,31,33,35],"killed_by":"Awakened One","ascension_level":7}