{"gold_per_floor":[110,110,120,134,151,151,166,166,166,185,185,185,200,11,11,110,110,121,36,55,55],"floor_reached":21,"playtime":1264,"items_purged":[],"score":190,"play_id":"781636de-c7af-4e0e-9214-a715a11e71c0","local_time":"20180904075322","is_ascension_mode":true,"campfire_choices":[{"data":"Body Slam","floor":6,"key":"SMITH"},{"data":"Shrug It Off","floor":8,"key":"SMITH"},{"data":"Dual Wield","floor":11,"key":"SMITH"},{"data":"Panache","floor":15,"key":"SMITH"}],"neow_cost":"NONE","seed_source_timestamp":318234196821382,"circlet_count":0,"master_deck":["Strike_R","Strike_R","Strike_R","Strike_R","Strike_R","Defend_R","Defend_R","Defend_R","Defend_R","Bash","Body Slam+1","Dual Wield+1","Perfected Strike","Shrug It Off+1","Thunderclap+1","Flex","Panache+1","Barricade","Rage+1","Body Slam"],"relics":["Burning Blood","Mercury Hourglass","Cursed Key","Potion Belt"],"potions_floor_usage":[5,5,7,13,16],"damage_taken":[{"damage":1,"enemies":"Jaw Worm","floor":1,"turns":5},{"damage":1,"enemies":"Cultist","floor":3,"turns":3},{"damage":2,"enemies":"2 Louse","floor":4,"turns":4},{"damage":3,"enemies":"Looter","floor":5,"turns":3},{"damage":15,"enemies":"Lots of Slimes","floor":7,"turns":4},{"damage":8,"enemies":"Exordium Wildlife","floor":10,"turns":2},{"damage":16,"enemies":"Exordium Thugs","floor":13,"turns":6},{"damage":37,"enemies":"Slime Boss","floor":16,"turns":9},{"damage":42,"enemies":"3 Byrds","floor":18,"turns":4},{"damage":23,"enemies":"2 Thieves","floor":20,"turns":4},{"damage":28,"enemies":"3 Cultists","floor":21,"turns":3}],"seed_played":"-7757750103682800311","potions_obtained":[{"floor":0,"key":"GamblersBrew"},{"floor":0,"key":"Block Potion"},{"floor":0,"key":"AttackPotion"},{"floor":2,"key":"LiquidBronze"},{"floor":2,"key":"PowerPotion"},{"floor":7,"key":"SpeedPotion"},{"floor":13,"key":"Explosive Potion"}],"is_trial":false,"path_per_floor":["M","?","M","M","M","R","M","R","T","M","R","?","M","$","R","B",null,"M","?","M"],"character_chosen":"IRONCLAD","items_purchased":["Panache"],"campfire_rested":0,"item_purchase_floors":[14],"current_hp_per_floor":[80,80,80,80,80,80,71,71,71,69,69,69,59,59,59,28,80,44,44,27,0],"gold":55,"neow_bonus":"THREE_SMALL_POTIONS","is_prod":false,"is_daily":false,"chose_seed":false,"campfire_upgraded":4,"win_rate":0,"timestamp":1536040402,"path_taken":["M","?","M","M","M","R","M","R","T","M","R","?","M","?","R","BOSS","M","?","M","M"],"build_version":"2018-08-30","purchased_purges":0,"victory":false,"max_hp_per_floor":[80,80,80,80,80,80,80,80,80,80,80,80,80,80,80,80,80,80,80,80,80],"card_choices":[{"not_picked":["Clash","Anger"],"picked":"Body Slam","floor":1},{"not_picked":["Feel No Pain","Burning Pact"],"picked":"Dual Wield","floor":3},{"not_picked":["Reckless Charge","Disarm"],"picked":"Perfected Strike","floor":4},{"not_picked":["Wild Strike","Inflame"],"picked":"Shrug It Off","floor":5},{"not_picked":["Perfected Strike","Evolve"],"picked":"Thunderclap","floor":7},{"not_picked":["Disarm","Wild Strike","Brutality"],"picked":"SKIP","floor":10},{"not_picked":["Combust","Sever Soul"],"picked":"Flex","floor":13},{"not_picked":["Limit Break","Brutality"],"picked":"Barricade","floor":16},{"not_picked":["Shockwave","Heavy Blade+1"],"picked":"Rage+1","floor":18},{"not_picked":["Twin Strike","Clash"],"picked":"Body Slam","floor":20}],"player_experience":87719,"relics_obtained":[{"floor":9,"key":"Mercury Hourglass"}],"event_choices":[{"event_name":"The Lab","player_choice":"Got Potions","floor":2,"damage_taken":0},{"event_name":"Living Wall","player_choice":"Grow","floor":12,"damage_taken":0},{"event_name":"Addict","player_choice":"Obtained Relic","floor":19,"damage_taken":0}],"is_beta":false,"boss_relics":[{"not_picked":["Busted Crown","Fusion Hammer"],"picked":"Cursed Key"}],"items_purged_floors":[],"is_endless":false,"potions_floor_spawned":[1,4,7,13],"killed_by":"3 Cultists","ascension_level":2}