{"gold_per_floor":[114,132,147,157,49,79,109,109,132,151,16,16,16,16,16,115,115,131,231,231,231,241,241,255,255],"floor_reached":25,"playtime":544,"items_purged":["Strike_B","Defend_B"],"score":261,"play_id":"d5d992ea-3d16-4596-baef-3e4ea6f512e4","local_time":"20181210193200","is_ascension_mode":true,"campfire_choices":[{"data":"Creative AI","floor":8,"key":"SMITH"},{"floor":15,"key":"REST"},{"floor":23,"key":"REST"}],"neow_cost":"NONE","seed_source_timestamp":2086207075566170,"circlet_count":0,"master_deck":["Strike_B","Strike_B","Strike_B","Defend_B","Defend_B","Defend_B","Zap+1","Dualcast","Leap","Tempest","Conserve Battery","Biased Cognition","Melter","Creative AI+1","Ball Lightning","Loop","Seek","Steam Power","Go for the Eyes","Turbo"],"relics":["Cracked Core","NeowsBlessing","Bronze Scales","Tiny Chest","Juzu Bracelet","Lizard Tail"],"potions_floor_usage":[6,24],"damage_taken":[{"damage":0,"enemies":"Cultist","floor":1,"turns":1},{"damage":0,"enemies":"Small Slimes","floor":2,"turns":1},{"damage":0,"enemies":"Jaw Worm","floor":3,"turns":1},{"damage":6,"enemies":"Exordium Wildlife","floor":4,"turns":4},{"damage":26,"enemies":"Lagavulin","floor":6,"turns":5},{"damage":10,"enemies":"Lots of Slimes","floor":10,"turns":3},{"damage":38,"enemies":"Slime Boss","floor":16,"turns":6},{"damage":18,"enemies":"3 Byrds","floor":18,"turns":2},{"damage":12,"enemies":"Chosen","floor":22,"turns":4},{"damage":50,"enemies":"3 Cultists","floor":24,"turns":4},{"damage":28,"enemies":"Shelled Parasite and Fungi","floor":25,"turns":3}],"seed_played":"-8860133020973949190","potions_obtained":[{"floor":3,"key":"Strength Potion"},{"floor":4,"key":"PowerPotion"},{"floor":22,"key":"SteroidPotion"}],"is_trial":false,"path_per_floor":["M","M","M","M","$","E","?","R","T","M","$","?","?","$","R","B",null,"M","?","?","T","M","R","M","M"],"character_chosen":"DEFECT","items_purchased":["Melter","Loop"],"campfire_rested":2,"item_purchase_floors":[5,11],"current_hp_per_floor":[68,68,68,62,62,36,36,36,36,26,26,26,26,26,48,10,59,41,41,41,41,29,51,1,14],"gold":255,"neow_bonus":"THREE_ENEMY_KILL","is_prod":false,"is_daily":false,"chose_seed":false,"campfire_upgraded":1,"win_rate":0,"timestamp":1544466720,"path_taken":["M","?","?","M","$","E","?","R","T","M","$","?","?","?","R","BOSS","M","?","?","?","M","R","M","M"],"build_version":"2018-12-06","purchased_purges":2,"victory":false,"max_hp_per_floor":[75,75,75,75,75,75,75,75,75,75,75,75,75,75,75,75,75,75,75,75,75,75,75,75,75],"card_choices":[{"not_picked":["Beam Cell","Coolheaded"],"picked":"Leap","floor":1},{"not_picked":["Blizzard","Stack"],"picked":"Tempest","floor":2},{"not_picked":["Beam Cell","Barrage"],"picked":"Conserve Battery","floor":3},{"not_picked":["Scrape","Cold Snap"],"picked":"Biased Cognition","floor":4},{"not_picked":["Genetic Algorithm","Blizzard"],"picked":"Creative AI","floor":6},{"not_picked":["Genetic Algorithm","Redo"],"picked":"Ball Lightning","floor":10},{"not_picked":["Fission","Reboot"],"picked":"Seek","floor":16},{"not_picked":["Coolheaded+1","Auto Shields"],"picked":"Steam Power","floor":18},{"not_picked":["Stack","Coolheaded+1"],"picked":"Go for the Eyes","floor":22},{"not_picked":["Cold Snap","Sweeping Beam"],"picked":"Turbo","floor":24}],"player_experience":433124,"relics_obtained":[{"floor":6,"key":"Bronze Scales"},{"floor":9,"key":"Juzu Bracelet"}],"event_choices":[{"damage_healed":0,"gold_gain":0,"player_choice":"Gave Potion","damage_taken":0,"relics_obtained":["Tiny Chest"],"max_hp_gain":0,"max_hp_loss":0,"event_name":"WeMeetAgain","floor":7,"gold_loss":0},{"damage_healed":0,"gold_gain":0,"player_choice":"Grow","damage_taken":0,"max_hp_gain":0,"max_hp_loss":0,"event_name":"Living Wall","floor":12,"gold_loss":0,"cards_upgraded":["Zap"]},{"damage_healed":0,"gold_gain":0,"player_choice":"Ignored","damage_taken":0,"max_hp_gain":0,"max_hp_loss":0,"event_name":"Golden Idol","floor":13,"gold_loss":0},{"damage_healed":0,"gold_gain":100,"player_choice":"Pray","damage_taken":0,"max_hp_gain":0,"max_hp_loss":0,"event_name":"Golden Shrine","floor":19,"gold_loss":0},{"damage_healed":0,"gold_gain":0,"player_choice":"Ignored","damage_taken":0,"max_hp_gain":0,"max_hp_loss":0,"event_name":"Beggar","floor":20,"gold_loss":0}],"is_beta":false,"boss_relics":[{"not_picked":["Ectoplasm","Cursed Key"],"picked":"Lizard Tail"}],"items_purged_floors":[5,11],"is_endless":false,"potions_floor_spawned":[3,4,16,22],"killed_by":"Shelled Parasite and Fungi","ascension_level":6}