{"gold_per_floor":[109,124,141,141,152,152,171,171,171,199,183,183,241,253,253,358,358,377,377,390,403,418,418,429,446,473,473],"floor_reached":27,"playtime":2349,"items_purged":[],"score":320,"play_id":"0f0aadac-627e-4505-ac6a-70bd90d3ba49","local_time":"20190326082751","is_ascension_mode":true,"campfire_choices":[{"data":"Calculated Gamble","floor":6.0,"key":"SMITH"},{"data":"Neutralize","floor":8.0,"key":"SMITH"},{"floor":15.0,"key":"REST"},{"floor":23,"key":"REST"}],"neow_cost":"NONE","seed_source_timestamp":0,"circlet_count":0,"master_deck":["Defend_G","Defend_G","Defend_G","Defend_G","Defend_G","Strike_G","Strike_G","Strike_G","Survivor","Neutralize+1","Bouncing Flask","Calculated Gamble+1","Terror","Reflex","After Image","Calculated Gamble+1","Parasite","Backflip+1","Noxious Fumes","Tools of the Trade","Backflip+1","Corpse Explosion+1","Reflex+1","Setup+1","Caltrops","PiercingWail+1","Deflect+1","Pain"],"special_seed":0,"relics":["Ring of the Snake","Paper Crane","Toxic Egg 2","Du-Vu Doll","Cursed Key","Anchor"],"potions_floor_usage":[20],"damage_taken":[{"damage":0.0,"enemies":"Cultist","floor":1.0,"turns":3.0},{"damage":0.0,"enemies":"2 Louse","floor":2.0,"turns":3.0},{"damage":0.0,"enemies":"Small Slimes","floor":3.0,"turns":5.0},{"damage":3.0,"enemies":"Looter","floor":5.0,"turns":5.0},{"damage":10.0,"enemies":"Large Slime","floor":7.0,"turns":8.0},{"damage":19.0,"enemies":"Gremlin Nob","floor":10.0,"turns":4.0},{"damage":7.0,"enemies":"Exordium Thugs","floor":11.0,"turns":5.0},{"damage":8.0,"enemies":"Gremlin Nob","floor":13.0,"turns":4.0},{"damage":6.0,"enemies":"Blue Slaver","floor":14.0,"turns":4.0},{"damage":46.0,"enemies":"Slime Boss","floor":16.0,"turns":13.0},{"damage":0,"enemies":"Shell Parasite","floor":18,"turns":6},{"damage":11,"enemies":"2 Thieves","floor":20,"turns":3},{"damage":23,"enemies":"Centurion and Healer","floor":21,"turns":5},{"damage":2,"enemies":"3 Cultists","floor":22,"turns":3},{"damage":2,"enemies":"Snake Plant","floor":24,"turns":4},{"damage":33,"enemies":"Snecko","floor":25,"turns":6},{"damage":3,"enemies":"Slavers","floor":27,"turns":1}],"seed_played":"-8560441491099638345","potions_obtained":[{"floor":1.0,"key":"Strength Potion"},{"floor":2.0,"key":"Explosive Potion"},{"floor":7.0,"key":"EssenceOfSteel"},{"floor":11.0,"key":"Explosive Potion"},{"floor":18,"key":"Swift Potion"}],"is_trial":false,"path_per_floor":["M","M","M","?","M","R","M","R","T","E","M","?","?","M","R","B",null,"M","?","M","M","M","R","M","M","T","E"],"character_chosen":"THE_SILENT","items_purchased":[],"campfire_rested":2,"item_purchase_floors":[],"current_hp_per_floor":[63,63,63,63,60,60,50,50,50,31,24,41,33,27,48,2,53,53,53,42,19,17,38,36,3,3,0],"gold":473,"neow_bonus":"TRANSFORM_CARD","is_prod":false,"is_daily":false,"chose_seed":false,"campfire_upgraded":2,"win_rate":0,"timestamp":1553614071,"path_taken":["M","M","M","?","M","R","M","R","T","E","M","?","?","M","R","BOSS","M","?","M","M","?","R","M","M","T","E"],"build_version":"2019-01-23","purchased_purges":0,"victory":false,"max_hp_per_floor":[70,70,70,70,70,70,70,70,70,70,70,70,70,70,70,70,70,70,70,70,70,70,70,70,70,70,70],"card_choices":[{"not_picked":["Choke","Heel Hook"],"picked":"Calculated Gamble","floor":1.0},{"not_picked":["Underhanded Strike","PiercingWail"],"picked":"Terror","floor":2.0},{"not_picked":["PiercingWail","Sucker Punch"],"picked":"Reflex","floor":3.0},{"not_picked":["PiercingWail","Distraction","Poisoned Stab"],"picked":"SKIP","floor":5.0},{"not_picked":["Calculated Gamble","Bane"],"picked":"After Image","floor":7.0},{"not_picked":["Deadly Poison","Underhanded Strike","Quick Slash"],"picked":"SKIP","floor":10.0},{"not_picked":["Accuracy","Prepared+1"],"picked":"Calculated Gamble+1","floor":11.0},{"not_picked":["Skewer","All Out Attack"],"picked":"Backflip+1","floor":13.0},{"not_picked":["Flying Knee","Dodge and Roll+1"],"picked":"Noxious Fumes","floor":14.0},{"not_picked":["Envenom","Storm of Steel+1"],"picked":"Tools of the Trade","floor":16.0},{"not_picked":["Heel Hook+1","Bane"],"picked":"Backflip+1","floor":18},{"not_picked":["Prepared+1","Dash"],"picked":"Setup+1","floor":20},{"not_picked":["Outmaneuver+1","Underhanded Strike","Crippling Poison+1"],"picked":"SKIP","floor":21},{"not_picked":["All Out Attack","Bane"],"picked":"Caltrops","floor":22},{"not_picked":["Deadly Poison+1","Underhanded Strike+1"],"picked":"PiercingWail+1","floor":24},{"not_picked":["Dagger Spray","Quick Slash"],"picked":"Deflect+1","floor":25}],"player_experience":202297,"relics_obtained":[{"floor":9.0,"key":"Paper Crane"},{"floor":10.0,"key":"Toxic Egg 2"},{"floor":13.0,"key":"Du-Vu Doll"},{"floor":26,"key":"Anchor"}],"event_choices":[{"cards_removed":["Strike_G"],"damage_healed":0.0,"max_hp_gain":0.0,"max_hp_loss":0.0,"gold_gain":0.0,"event_name":"Living Wall","player_choice":"Forget","floor":4.0,"gold_loss":0.0,"damage_taken":0.0},{"damage_healed":17.0,"max_hp_gain":0.0,"max_hp_loss":0.0,"gold_gain":0.0,"event_name":"Mushrooms","player_choice":"Healed and dodged fight","floor":12.0,"gold_loss":0.0,"damage_taken":0.0,"cards_obtained":["Parasite"]},{"damage_healed":0.0,"max_hp_gain":0.0,"max_hp_loss":0.0,"gold_gain":0.0,"event_name":"Dead Adventurer","player_choice":"Searched \u00271\u0027 times","floor":13.0,"gold_loss":0.0,"damage_taken":0.0},{"damage_healed":0,"gold_gain":0,"player_choice":"2 cards matched","damage_taken":0,"max_hp_gain":0,"max_hp_loss":0,"event_name":"Match and Keep!","floor":19,"gold_loss":0,"cards_obtained":["Corpse Explosion","Reflex"]}],"is_beta":false,"boss_relics":[{"not_picked":["Lizard Tail","Astrolabe"],"picked":"Cursed Key"}],"items_purged_floors":[],"is_endless":false,"potions_floor_spawned":[1,2,7,11,18],"killed_by":"Slavers","ascension_level":6}