{"gold_per_floor":[109,125,125,90,101,127,127,147,172,172,2,0,12,12],"floor_reached":14,"playtime":639,"items_purged":[],"score":176,"play_id":"5184182b-09e6-470e-9de8-9279db0692ac","local_time":"20181220060809","is_ascension_mode":true,"campfire_choices":[{"floor":7,"key":"REST"},{"floor":10,"key":"REST"}],"neow_cost":"PERCENT_DAMAGE","seed_source_timestamp":489085160560120,"circlet_count":0,"master_deck":["AscendersBane","Strike_B","Strike_B","Strike_B","Strike_B","Defend_B","Defend_B","Defend_B","Defend_B","Zap","Dualcast","Loop","Coolheaded","Coolheaded","Self Repair","White Noise"],"relics":["Cracked Core","Omamori","PreservedInsect"],"potions_floor_usage":[6,6],"damage_taken":[{"damage":7,"enemies":"Jaw Worm","floor":1,"turns":3},{"damage":10,"enemies":"Small Slimes","floor":2,"turns":4},{"damage":14,"enemies":"2 Louse","floor":5,"turns":3},{"damage":23,"enemies":"3 Sentries","floor":6,"turns":10},{"damage":4,"enemies":"Red Slaver","floor":8,"turns":4},{"damage":11,"enemies":"Large Slime","floor":13,"turns":7},{"damage":80,"enemies":"Gremlin Nob","floor":14,"turns":5}],"seed_played":"-3017451706512879907","potions_obtained":[{"floor":1,"key":"Swift Potion"},{"floor":5,"key":"Swift Potion"}],"is_trial":false,"path_per_floor":["M","M","?","?","M","E","R","M","T","R","$","?","M","E"],"character_chosen":"DEFECT","items_purchased":["Self Repair","White Noise"],"campfire_rested":2,"item_purchase_floors":[11,11],"current_hp_per_floor":[53,43,43,64,50,27,52,48,48,73,73,73,69,0],"gold":12,"neow_bonus":"TWENTY_PERCENT_HP_BONUS","is_prod":false,"is_daily":false,"chose_seed":false,"campfire_upgraded":0,"win_rate":0,"timestamp":1545282489,"path_taken":["M","M","?","?","M","E","R","M","T","R","?","?","M","E"],"build_version":"2018-12-13","purchased_purges":0,"victory":false,"max_hp_per_floor":[85,85,85,85,85,85,85,85,85,85,85,85,85,85],"card_choices":[{"not_picked":["Chaos","Sweeping Beam"],"picked":"Loop","floor":1},{"not_picked":["Go for the Eyes","Double Energy","Redo"],"picked":"SKIP","floor":2},{"not_picked":["Ball Lightning","Barrage"],"picked":"Coolheaded","floor":5},{"not_picked":["Steam","Streamline","Thunder Strike"],"picked":"SKIP","floor":6},{"not_picked":["Compile Driver","Sweeping Beam"],"picked":"Coolheaded","floor":8},{"not_picked":["Auto Shields","Streamline","Redo"],"picked":"SKIP","floor":13}],"player_experience":759080,"relics_obtained":[{"floor":6,"key":"Omamori"},{"floor":9,"key":"PreservedInsect"}],"event_choices":[{"damage_healed":0,"gold_gain":0,"player_choice":"Ignored","damage_taken":0,"max_hp_gain":0,"max_hp_loss":0,"event_name":"Shining Light","floor":3,"gold_loss":0},{"damage_healed":21,"gold_gain":0,"player_choice":"Healed","damage_taken":0,"max_hp_gain":0,"max_hp_loss":0,"event_name":"The Cleric","floor":4,"gold_loss":35},{"damage_healed":0,"gold_gain":0,"player_choice":"Left Gold","damage_taken":0,"max_hp_gain":0,"max_hp_loss":0,"event_name":"World of Goop","floor":12,"gold_loss":2}],"is_beta":false,"boss_relics":[],"items_purged_floors":[],"is_endless":false,"potions_floor_spawned":[1,5],"killed_by":"Gremlin Nob","ascension_level":19}