{"gold_per_floor":[115,127,144,94,111,111,137,149,149,166,196,49,69,87,87,188,188,199,124,124,141,159,159,174,208,290,319,319,331,347,365,365,460,460,479,494,494,494,548,580,580,505,529,529,548,567,587,435,435,435],"floor_reached":51,"playtime":2657,"items_purged":["Strike_R"],"score":1203,"play_id":"7ab479cd-ba73-4f50-a6e4-5e44aa389a44","local_time":"20181008145245","is_ascension_mode":true,"campfire_choices":[{"data":"Demon Form","floor":6,"key":"SMITH"},{"floor":15,"key":"REST"},{"floor":23,"key":"REST"},{"floor":28,"key":"REST"},{"floor":32,"key":"REST"},{"floor":41,"key":"REST"},{"floor":44,"key":"REST"},{"floor":49,"key":"REST"}],"neow_cost":"NONE","seed_source_timestamp":925538185446888,"circlet_count":0,"master_deck":["Strike_R","Strike_R","Defend_R","Defend_R","Defend_R","Defend_R","Bash+1","AscendersBane","Ghostly Armor","Demon Form+1","Cleave","Cleave+1","Armaments","Clothesline","Battle Trance","Metallicize","Feed","Clothesline+1","Shrug It Off+1","Metallicize","Ghostly Armor+1","Seeing Red+1","Iron Wave","Twin Strike","Thunderclap","Feed","Clothesline+1","Metallicize","Purity+1","Shrug It Off+1","Ghostly Armor+1","Twin Strike","Ghostly Armor+1","Impervious+1","Pummel","Metallicize"],"relics":["Burning Blood","Vajra","Red Skull","Art of War","Happy Flower","Runic Dome","Toxic Egg 2","Matryoshka","Omamori","Letter Opener","Girya","Fusion Hammer","Charon\u0027s Ashes","Pen Nib","Anchor","Whetstone"],"potions_floor_usage":[5,7,21,24,25,33,33,46,50,50,50],"damage_taken":[{"damage":11,"enemies":"Jaw Worm","floor":1,"turns":4},{"damage":8,"enemies":"2 Louse","floor":2,"turns":3},{"damage":6,"enemies":"Cultist","floor":3,"turns":4},{"damage":12,"enemies":"Exordium Wildlife","floor":5,"turns":3},{"damage":26,"enemies":"Gremlin Nob","floor":7,"turns":4},{"damage":1,"enemies":"Looter","floor":8,"turns":4},{"damage":6,"enemies":"Exordium Thugs","floor":10,"turns":4},{"damage":20,"enemies":"3 Sentries","floor":11,"turns":4},{"damage":0,"enemies":"Blue Slaver","floor":13,"turns":3},{"damage":2,"enemies":"Exordium Wildlife","floor":14,"turns":3},{"damage":40,"enemies":"Hexaghost","floor":16,"turns":8},{"damage":12,"enemies":"Chosen","floor":18,"turns":5},{"damage":3,"enemies":"3 Byrds","floor":21,"turns":5},{"damage":19,"enemies":"Snake Plant","floor":22,"turns":4},{"damage":30,"enemies":"Centurion and Healer","floor":24,"turns":6},{"damage":36,"enemies":"Slavers","floor":25,"turns":8},{"damage":23,"enemies":"Book of Stabbing","floor":27,"turns":7},{"damage":1,"enemies":"Snecko","floor":29,"turns":5},{"damage":0,"enemies":"Cultist and Chosen","floor":30,"turns":6},{"damage":27,"enemies":"Shelled Parasite and Fungi","floor":31,"turns":6},{"damage":31,"enemies":"Champ","floor":33,"turns":12},{"damage":8,"enemies":"3 Shapes","floor":35,"turns":3},{"damage":1,"enemies":"Orb Walker","floor":36,"turns":4},{"damage":26,"enemies":"Mysterious Sphere","floor":39,"turns":5},{"damage":76,"enemies":"Giant Head","floor":40,"turns":9},{"damage":5,"enemies":"Maw","floor":45,"turns":5},{"damage":10,"enemies":"Reptomancer","floor":46,"turns":7},{"damage":23,"enemies":"Transient","floor":47,"turns":5},{"damage":40,"enemies":"Time Eater","floor":50,"turns":12}],"seed_played":"4316661759562473103","potions_obtained":[{"floor":3,"key":"AttackPotion"},{"floor":5,"key":"SpeedPotion"},{"floor":7,"key":"FairyPotion"},{"floor":10,"key":"FairyPotion"},{"floor":14,"key":"Fire Potion"},{"floor":16,"key":"EssenceOfSteel"},{"floor":21,"key":"Block Potion"},{"floor":27,"key":"PowerPotion"},{"floor":29,"key":"Dexterity Potion"},{"floor":39,"key":"Ancient Potion"},{"floor":40,"key":"Regen Potion"},{"floor":45,"key":"Explosive Potion"},{"floor":47,"key":"LiquidBronze"}],"is_trial":false,"path_per_floor":["M","M","M","?","M","R","E","M","T","M","E","$","M","M","R","B",null,"M","?","T","M","M","R","M","E","T","E","R","M","M","M","R","B",null,"M","M","?","?","?","E","R","$","T","R","M","M","M","$","R","B"],"character_chosen":"IRONCLAD","items_purchased":["Happy Flower","Pummel","Metallicize"],"campfire_rested":7,"item_purchase_floors":[12,48,48],"current_hp_per_floor":[67,65,65,65,59,59,39,44,44,44,30,30,36,40,64,30,68,65,65,65,72,59,85,64,37,37,20,47,52,61,40,68,43,83,88,96,96,86,69,16,48,48,48,80,84,83,66,66,100,81],"gold":435,"neow_bonus":"UPGRADE_CARD","is_prod":false,"is_daily":false,"chose_seed":false,"campfire_upgraded":1,"win_rate":0,"timestamp":1539035565,"path_taken":["M","M","M","?","M","R","E","M","T","M","E","$","?","?","R","BOSS","M","?","?","M","M","R","M","E","T","E","R","M","M","M","R","BOSS","M","M","?","?","?","E","R","$","T","R","?","M","?","$","R","BOSS"],"build_version":"2018-10-04v2","purchased_purges":1,"victory":true,"max_hp_per_floor":[80,80,80,80,80,80,80,80,80,80,80,80,80,80,80,80,80,83,83,83,87,87,87,90,93,93,93,93,93,96,96,96,96,96,103,106,106,106,109,109,109,109,109,109,112,115,115,115,115,115],"card_choices":[{"not_picked":["Warcry","Anger"],"picked":"Ghostly Armor","floor":1},{"not_picked":["Anger","Intimidate"],"picked":"Demon Form","floor":2},{"not_picked":["Warcry","Anger"],"picked":"Cleave","floor":3},{"not_picked":["Anger","Combust"],"picked":"Cleave","floor":5},{"not_picked":["Sever Soul","Combust","Rampage"],"picked":"SKIP","floor":7},{"not_picked":["Perfected Strike","Iron Wave"],"picked":"Armaments","floor":8},{"not_picked":["Ghostly Armor","Flex"],"picked":"Clothesline","floor":10},{"not_picked":["Burning Pact","Disarm"],"picked":"Battle Trance","floor":11},{"not_picked":["Anger","Body Slam","Flex"],"picked":"SKIP","floor":13},{"not_picked":["Feel No Pain","Combust"],"picked":"Metallicize","floor":14},{"not_picked":["Juggernaut","Berserk"],"picked":"Feed","floor":16},{"not_picked":["Cleave","Clash","Wild Strike"],"picked":"SKIP","floor":18},{"not_picked":["Rage+1","Cleave"],"picked":"Clothesline","floor":21},{"not_picked":["Heavy Blade","Intimidate+1"],"picked":"Shrug It Off+1","floor":22},{"not_picked":["Havoc+1","Flex+1"],"picked":"Metallicize","floor":24},{"not_picked":["Spot Weakness+1","Clash+1"],"picked":"Ghostly Armor+1","floor":25},{"not_picked":["Burning Pact+1","Fire Breathing"],"picked":"Seeing Red+1","floor":27},{"not_picked":["Armaments+1","Headbutt"],"picked":"Iron Wave","floor":29},{"not_picked":["Dark Embrace","Clothesline"],"picked":"Twin Strike","floor":30},{"not_picked":["Warcry+1","Flex+1"],"picked":"Thunderclap","floor":31},{"not_picked":["Dark Embrace","Immolate"],"picked":"Feed","floor":33},{"not_picked":["Dropkick","Anger"],"picked":"Clothesline+1","floor":35},{"not_picked":["Cleave+1","Body Slam"],"picked":"Metallicize","floor":36},{"not_picked":["Flash of Steel","Swift Strike"],"picked":"Purity+1","floor":37},{"not_picked":["Burning Pact+1","Headbutt+1"],"picked":"Shrug It Off+1","floor":39},{"not_picked":["Havoc+1","Sword Boomerang"],"picked":"Ghostly Armor+1","floor":40},{"not_picked":["Infernal Blade+1","Rage+1"],"picked":"Twin Strike","floor":45},{"not_picked":["Reckless Charge+1","Clash+1"],"picked":"Ghostly Armor+1","floor":46},{"not_picked":["Thunderclap","Carnage"],"picked":"Impervious+1","floor":47}],"player_experience":491633,"relics_obtained":[{"floor":7,"key":"Vajra"},{"floor":9,"key":"Red Skull"},{"floor":11,"key":"Art of War"},{"floor":20,"key":"Toxic Egg 2"},{"floor":25,"key":"Matryoshka"},{"floor":26,"key":"Omamori"},{"floor":26,"key":"Letter Opener"},{"floor":27,"key":"Girya"},{"floor":39,"key":"Charon\u0027s Ashes"},{"floor":40,"key":"Pen Nib"},{"floor":43,"key":"Anchor"},{"floor":43,"key":"Whetstone"}],"event_choices":[{"event_name":"The Cleric","player_choice":"Card Removal","floor":4,"damage_taken":0},{"event_name":"Beggar","player_choice":"Gave Gold","floor":19,"damage_taken":0},{"event_name":"SensoryStone","player_choice":"Memory 1","floor":37,"damage_taken":0},{"event_name":"Wheel of Change","player_choice":"Damage","floor":38,"damage_taken":0},{"event_name":"Mysterious Sphere","player_choice":"Fight","floor":39,"damage_taken":0}],"is_beta":false,"boss_relics":[{"not_picked":["Snecko Eye","Pandora\u0027s Box"],"picked":"Runic Dome"},{"not_picked":["Empty Cage","Coffee Dripper"],"picked":"Fusion Hammer"}],"items_purged_floors":[42],"is_endless":false,"potions_floor_spawned":[3,5,7,10,14,16,21,27,29,30,31,39,40,45,47],"ascension_level":10}