{"path_per_floor":["M","?","M","?","M","E","R","M","T","M"],"character_chosen":"DEFECT","items_purchased":[],"gold_per_floor":[113,113,126,126,143,170,170,186,186,203,203],"floor_reached":11,"campfire_rested":0,"playtime":337,"item_purchase_floors":[],"current_hp_per_floor":[75,75,72,69,65,27,27,18,18,9,0],"items_purged":[],"gold":203,"score":83,"play_id":"9771fe6b-56ba-47ba-bbb3-ad5157dd10e2","local_time":"20180530150845","is_prod":false,"is_daily":false,"chose_seed":false,"is_ascension_mode":true,"campfire_upgraded":1,"win_rate":0,"timestamp":1527707325,"campfire_choices":[{"data":"Zap","floor":7,"key":"SMITH"}],"path_taken":["M","?","M","?","M","E","R","?","T","M","E"],"build_version":"2018-05-29","seed_source_timestamp":178671632285097,"purchased_purges":0,"victory":false,"master_deck":["Strike_B","Strike_B","Strike_B","Strike_B","Defend_B","Defend_B","Defend_B","Defend_B","Zap+1","Dualcast","Ball Lightning","Regret","Consume","Ball Lightning","Darkness","Barrage","Sweeping Beam"],"max_hp_per_floor":[75,75,75,75,75,75,75,75,75,75,75],"relics":["Cracked Core","Bird Faced Urn","Dodecahedron","Art of War","Gambling Chip"],"card_choices":[{"not_picked":["Gash","Leap"],"picked":"Ball Lightning","floor":1},{"not_picked":["Turbo","Coolheaded"],"picked":"Consume","floor":3},{"not_picked":["Streamline","Conserve Battery"],"picked":"Ball Lightning","floor":5},{"not_picked":["Coolheaded","Tempest"],"picked":"Darkness","floor":6},{"not_picked":["Consume","Auto Shields"],"picked":"Barrage","floor":8},{"not_picked":["Fusion","Redo"],"picked":"Sweeping Beam","floor":10}],"player_experience":204936,"potions_floor_usage":[11,11],"damage_taken":[{"damage":0,"enemies":"Small Slimes","floor":1,"turns":4},{"damage":3,"enemies":"2 Louse","floor":3,"turns":2},{"damage":4,"enemies":"Cultist","floor":5,"turns":3},{"damage":38,"enemies":"Lagavulin","floor":6,"turns":5},{"damage":9,"enemies":"2 Fungi Beasts","floor":8,"turns":3},{"damage":9,"enemies":"Large Slime","floor":10,"turns":4},{"damage":13,"enemies":"Gremlin Nob","floor":11,"turns":2}],"relics_obtained":[{"floor":6,"key":"Art of War"},{"floor":9,"key":"Gambling Chip"}],"event_choices":[{"event_name":"Big Fish","player_choice":"Box","floor":2,"damage_taken":0},{"event_name":"Scrap Ooze","player_choice":"success","floor":4,"damage_taken":3}],"boss_relics":[],"items_purged_floors":[],"potions_floor_spawned":[3,10],"seed_played":"6837994359907258307","killed_by":"Gremlin Nob","ascension_level":2,"potions_obtained":[{"floor":3,"key":"Energy Potion"},{"floor":10,"key":"Weak Potion"}],"is_trial":false}