{"gold_per_floor":[109,109,30,46,97,97,135,156,208,208,52,76,89,107,107,231,231,250,274,274,0,0,0,13,13,13,13],"floor_reached":27,"playtime":921,"items_purged":[],"score":288,"play_id":"039655df-0a6d-4048-be08-d9e59bcdcd6c","local_time":"20181223220845","is_ascension_mode":true,"campfire_choices":[{"floor":10,"key":"REST"},{"floor":15,"key":"REST"},{"floor":23,"key":"REST"},{"floor":25,"key":"REST"}],"neow_cost":"NONE","seed_source_timestamp":198072998415903,"circlet_count":0,"master_deck":["Strike_B","Strike_B","Strike_B","Strike_B","Defend_B","Defend_B","Defend_B","Defend_B+1","Zap+1","Dualcast","Ball Lightning","Sunder","Defragment","Leap","Loop","Recycle+1","Beam Cell","Thunder Strike","Reprogram+1","Shame","White Noise"],"relics":["Cracked Core","Golden Idol","Strawberry","Anchor","Juzu Bracelet","Fusion Hammer","War Paint","Darkstone Periapt"],"potions_floor_usage":[7,13,16,16,27],"damage_taken":[{"damage":0,"enemies":"2 Louse","floor":1,"turns":3},{"damage":0,"enemies":"Small Slimes","floor":4,"turns":2},{"damage":8,"enemies":"Gremlin Nob","floor":7,"turns":3},{"damage":9,"enemies":"Jaw Worm","floor":8,"turns":3},{"damage":0,"enemies":"Exordium Wildlife","floor":12,"turns":3},{"damage":4,"enemies":"Looter","floor":13,"turns":3},{"damage":13,"enemies":"Large Slime","floor":14,"turns":6},{"damage":31,"enemies":"Slime Boss","floor":16,"turns":8},{"damage":14,"enemies":"3 Byrds","floor":18,"turns":3},{"damage":17,"enemies":"Spheric Guardian","floor":19,"turns":4},{"damage":31,"enemies":"Colosseum Slavers","floor":20,"turns":5},{"damage":33,"enemies":"Centurion and Healer","floor":24,"turns":7},{"damage":13,"enemies":"Gremlin Leader","floor":27,"turns":2}],"seed_played":"-7436177105151907894","potions_obtained":[{"floor":1,"key":"Poison Potion"},{"floor":8,"key":"Weak Potion"},{"floor":12,"key":"Poison Potion"},{"floor":14,"key":"SkillPotion"},{"floor":19,"key":"SpeedPotion"}],"is_trial":false,"path_per_floor":["M","?","$","M","?","?","E","M","T","R","$","M","M","M","R","B",null,"M","M","?","?","?","R","M","R","T","E"],"character_chosen":"DEFECT","items_purchased":["Sunder","Juzu Bracelet"],"campfire_rested":4,"item_purchase_floors":[3,11],"current_hp_per_floor":[75,75,75,75,75,55,54,45,45,71,71,71,67,54,80,49,79,65,48,17,17,17,43,10,36,36,23],"gold":13,"neow_bonus":"TEN_PERCENT_HP_BONUS","is_prod":false,"is_daily":false,"chose_seed":false,"campfire_upgraded":0,"win_rate":0,"timestamp":1545599325,"path_taken":["M","?","$","M","?","?","E","?","T","R","$","M","M","M","R","BOSS","M","M","?","?","?","R","M","R","T","E"],"build_version":"2018-12-20","purchased_purges":0,"victory":false,"max_hp_per_floor":[82,82,82,82,82,82,89,89,89,89,89,89,89,89,89,89,89,89,89,89,89,89,89,89,89,89,89],"card_choices":[{"not_picked":["Chill","Redo"],"picked":"Ball Lightning","floor":1},{"not_picked":["Steam","Rebound","Go for the Eyes"],"picked":"SKIP","floor":4},{"not_picked":["Stack","Conserve Battery"],"picked":"Defragment","floor":7},{"not_picked":["Go for the Eyes","Tempest"],"picked":"Leap","floor":8},{"not_picked":["Static Discharge","Redo"],"picked":"Loop","floor":12},{"not_picked":["Leap","Steam Power"],"picked":"Recycle","floor":13},{"not_picked":["Rebound","Static Discharge"],"picked":"Beam Cell","floor":14},{"not_picked":["Machine Learning","Seek"],"picked":"Thunder Strike","floor":16},{"not_picked":["Streamline","Heatsinks"],"picked":"Reprogram+1","floor":18},{"not_picked":["Beam Cell","Barrage","Compile Driver+1"],"picked":"SKIP","floor":19},{"not_picked":["Redo+1","Go for the Eyes"],"picked":"White Noise","floor":24}],"player_experience":453204,"relics_obtained":[{"floor":7,"key":"Strawberry"},{"floor":9,"key":"Anchor"},{"floor":26,"key":"Darkstone Periapt"}],"event_choices":[{"damage_healed":0,"gold_gain":0,"player_choice":"Grow","damage_taken":0,"max_hp_gain":0,"max_hp_loss":0,"event_name":"Living Wall","floor":2,"gold_loss":0,"cards_upgraded":["Zap"]},{"damage_healed":0,"gold_gain":51,"player_choice":"Gained Gold","damage_taken":0,"max_hp_gain":0,"max_hp_loss":0,"event_name":"Golden Wing","floor":5,"gold_loss":0},{"damage_healed":0,"gold_gain":0,"player_choice":"Take Damage","damage_taken":20,"relics_obtained":["Golden Idol"],"max_hp_gain":0,"max_hp_loss":0,"event_name":"Golden Idol","floor":6,"gold_loss":0},{"damage_healed":0,"gold_gain":0,"player_choice":"Fight","damage_taken":0,"max_hp_gain":0,"max_hp_loss":0,"event_name":"Colosseum","floor":20,"gold_loss":0},{"damage_healed":0,"gold_gain":0,"player_choice":"Fled From Nobs","damage_taken":0,"max_hp_gain":0,"max_hp_loss":0,"event_name":"Colosseum","floor":20,"gold_loss":0},{"damage_healed":0,"gold_gain":0,"player_choice":"Paid Fearfully","damage_taken":0,"max_hp_gain":0,"max_hp_loss":0,"event_name":"Masked Bandits","floor":21,"gold_loss":274},{"damage_healed":0,"gold_gain":0,"player_choice":"Stole Relic","damage_taken":0,"relics_obtained":["War Paint"],"max_hp_gain":0,"max_hp_loss":0,"event_name":"Addict","floor":22,"gold_loss":0,"cards_obtained":["Shame"]}],"is_beta":false,"boss_relics":[{"not_picked":["Tiny House","Runic Pyramid"],"picked":"Fusion Hammer"}],"items_purged_floors":[],"is_endless":false,"potions_floor_spawned":[1,8,12,14,19,20],"killed_by":"Gremlin Leader","ascension_level":7}