{"path_per_floor":["M","M","?","M","?","E","R","M","T","R","M","E","M","M","R","B",null,"M","?","?","?","M","R","M","E","T","R","M","?","M","M","R","B",null,"M","M","M","$","M","R","E","R","T","?","M","R","$","M","R","B"],"character_chosen":"IRONCLAD","items_purchased":["Limit Break","Cleave","Flex","Double Tap","Toolbox"],"gold_per_floor":[114,128,128,138,213,241,241,254,254,254,265,298,318,337,337,436,436,449,364,364,364,380,380,399,429,429,429,446,446,466,485,485,588,588,605,625,641,401,416,416,445,445,497,497,507,507,4,15,15,15],"floor_reached":51,"campfire_rested":6,"playtime":7855,"current_hp_per_floor":[69,72,72,77,66,32,56,38,52,52,36,28,29,26,69,29,94,75,75,59,59,40,83,46,18,18,61,61,61,64,56,56,21,94,87,72,51,51,34,77,62,62,62,62,48,48,48,40,83,29],"items_purged":["Defend_R","Defend_R"],"gold":15,"play_id":"f8d7a376-8a16-4cde-8a43-6dbc2eb6086b","is_prod":false,"is_daily":false,"campfire_rituals":0,"campfire_upgraded":4,"is_hardmode":false,"path_taken":["M","M","?","M","?","E","R","M","T","R","M","E","M","M","R","BOSS","M","?","?","?","M","R","M","E","T","R","M","?","?","M","R","BOSS","M","M","?","$","M","R","E","R","T","?","M","R","$","M","R","BOSS"],"build_version":"2018-01-18-PROD4","purchased_purges":2,"victory":true,"master_deck":["Strike_R","Strike_R","Strike_R","Strike_R","Defend_R","Defend_R","Bash","Heavy Blade","Pommel Strike","Sword Boomerang","Second Wind","Inflame","Sword Boomerang","Flex","Impervious","Inflame","Limit Break","Iron Wave","Flex","Spot Weakness","Heavy Blade","Pummel","Armaments","Iron Wave","Offering","Flex","Sword Boomerang","Spot Weakness","Limit Break","Cleave","Flex","Sword Boomerang","Burning Pact","Twin Strike","Double Tap","Pommel Strike"],"max_hp_per_floor":[80,80,80,80,80,80,80,80,94,94,94,94,94,94,94,94,94,94,94,94,94,94,94,94,94,94,94,94,94,94,94,94,94,94,94,94,94,94,94,94,94,94,94,94,94,94,94,94,94,94],"relics":["Burning Blood","Omamori","Mango","Regal Pillow","Mark of Pain","Happy Flower","Enchiridion","Orichalcum","Centennial Puzzle","Black Star","Mercury Hourglass","Self Forming Clay","Ancient Tea Set","Toolbox"],"campfire_meditates":0,"card_choices":[{"not_picked":["Thunderclap","Twin Strike"],"picked":"Heavy Blade"},{"not_picked":["Wild Strike","Combust"],"picked":"Pommel Strike"},{"not_picked":["Shockwave","Dark Embrace"],"picked":"Sword Boomerang"},{"not_picked":["Shockwave","Feel No Pain"],"picked":"Second Wind"},{"not_picked":["Dropkick","Heavy Blade"],"picked":"Inflame"},{"not_picked":["Heavy Blade","Clothesline"],"picked":"Sword Boomerang"},{"not_picked":["Pommel Strike","Heavy Blade"],"picked":"Flex"},{"not_picked":["Clash","Dropkick"],"picked":"Impervious"},{"not_picked":["Shrug It Off","Clash"],"picked":"Inflame"},{"not_picked":["Dark Embrace","Demon Form"],"picked":"Limit Break"},{"not_picked":["Rupture","Body Slam"],"picked":"Iron Wave"},{"not_picked":["Clothesline","Wild Strike"],"picked":"Flex"},{"not_picked":["Headbutt","Thunderclap"],"picked":"Spot Weakness"},{"not_picked":["Dropkick","Double Tap"],"picked":"Heavy Blade"},{"not_picked":["Burning Pact","True Grit"],"picked":"Pummel"},{"not_picked":["True Grit","Body Slam"],"picked":"Armaments"},{"not_picked":["Sever Soul","Uppercut"],"picked":"Iron Wave"},{"not_picked":["Feed","Double Tap"],"picked":"Offering"},{"not_picked":["Metallicize","Anger"],"picked":"Flex"},{"not_picked":["Wild Strike","Combust"],"picked":"Sword Boomerang"},{"not_picked":["Feel No Pain","True Grit"],"picked":"Spot Weakness"},{"not_picked":["Cleave","Clash"],"picked":"Sword Boomerang"},{"not_picked":["Fire Breathing","Reaper"],"picked":"Burning Pact"},{"not_picked":["Uppercut","Armaments"],"picked":"Twin Strike"},{"not_picked":["Iron Wave","Headbutt"],"picked":"Pommel Strike"}],"player_experience":79273,"potions_floor_usage":[1,6,6,11,16,24,30,33,37,50,50],"damage_taken":[{"damage":17,"enemies":"Blue Slaver","floor":1,"turns":5},{"damage":3,"enemies":"Jaw Worm","floor":2,"turns":4},{"damage":1,"enemies":"2 Louse","floor":4,"turns":2},{"damage":40,"enemies":"3 Sentries","floor":6,"turns":8},{"damage":24,"enemies":"Exordium Wildlife","floor":8,"turns":6},{"damage":22,"enemies":"Exordium Thugs","floor":11,"turns":4},{"damage":14,"enemies":"Gremlin Nob","floor":12,"turns":3},{"damage":5,"enemies":"Looter","floor":13,"turns":3},{"damage":9,"enemies":"2 Fungi Beasts","floor":14,"turns":2},{"damage":46,"enemies":"Hexaghost","floor":16,"turns":7},{"damage":25,"enemies":"Spheric Guardian","floor":18,"turns":4},{"damage":25,"enemies":"3 Byrds","floor":22,"turns":5},{"damage":43,"enemies":"3 Cultists","floor":24,"turns":6},{"damage":34,"enemies":"Book of Stabbing","floor":25,"turns":5},{"damage":6,"enemies":"Centurion and Healer","floor":28,"turns":3},{"damage":3,"enemies":"Sentry and Sphere","floor":30,"turns":2},{"damage":14,"enemies":"Snake Plant","floor":31,"turns":3},{"damage":41,"enemies":"Collector","floor":33,"turns":10},{"damage":13,"enemies":"3 Darklings","floor":35,"turns":4},{"damage":21,"enemies":"Orb Walker","floor":36,"turns":3},{"damage":27,"enemies":"4 Shapes","floor":37,"turns":3},{"damage":23,"enemies":"3 Darklings","floor":39,"turns":2},{"damage":21,"enemies":"Giant Head","floor":41,"turns":3},{"damage":20,"enemies":"Sphere and 2 Shapes","floor":45,"turns":3},{"damage":18,"enemies":"4 Shapes","floor":48,"turns":2},{"damage":60,"enemies":"Time Eater","floor":50,"turns":7}],"event_choices":[{"event_name":"Accursed Blacksmith","player_choice":"Forge","floor":3,"damage_taken":0},{"event_name":"World of Goop","player_choice":"Gather Gold","floor":5,"damage_taken":0},{"event_name":"Addict","player_choice":"Obtained Relic","floor":19,"damage_taken":0},{"event_name":"Cursed Tome","player_choice":"Obtained Book","floor":20,"damage_taken":0},{"event_name":"Back to Basics","player_choice":"Elegance","floor":21,"damage_taken":0},{"event_name":"Vampires","player_choice":"Ignored","floor":29,"damage_taken":0},{"event_name":"Mysterious Sphere","player_choice":"Ignore","floor":44,"damage_taken":0}],"boss_relics":[{"not_picked":["Tiny House","Lizard Tail"],"picked":"Mark of Pain"},{"not_picked":["Runic Pyramid","White Beast Statue"],"picked":"Black Star"}],"potions_floor_spawned":[6,8,11,13,16,18,25,28,30,36,37,39],"seed_played":"6326303279283070423","is_trial":false}