{"path_per_floor":["M","?","T","M","M","E","M","?","T","R","M","$","E","?","R"],"character_chosen":"THE_SILENT","items_purchased":[],"gold_per_floor":[119,119,167,186,199,233,243,193,193,193,211,136,167,167,167,167],"floor_reached":16,"campfire_rested":2,"playtime":2317,"current_hp_per_floor":[70,70,70,61,61,13,11,11,11,32,32,32,5,5,26,0],"items_purged":["Burst"],"gold":167,"score":116,"play_id":"6cf8e9e7-83d1-4b91-83ba-df3f465453a8","local_time":"20180517164815","is_prod":false,"is_daily":false,"chose_seed":false,"is_ascension_mode":true,"campfire_upgraded":0,"timestamp":1526568495,"campfire_choices":[{"floor":10,"key":"REST"},{"floor":15,"key":"REST"}],"path_taken":["M","?","?","M","M","E","M","?","T","R","M","$","E","?","R","BOSS"],"build_version":"2018-05-16","seed_source_timestamp":155774994756862,"purchased_purges":1,"victory":false,"master_deck":["Defend_G","Defend_G","Defend_G","Defend_G","Defend_G","Strike_G","Strike_G","Strike_G","Strike_G","Strike_G","Survivor","Neutralize","Quick Slash","Calculated Gamble","Poisoned Stab","Prepared"],"max_hp_per_floor":[70,70,70,70,70,70,70,70,70,70,70,70,70,70,70,70],"relics":["Ring of the Snake","The Specimen","Snake Skull","Vajra","Mummified Hand","Tough Bandages"],"card_choices":[{"not_picked":["Flechettes","Slice"],"picked":"Quick Slash","floor":1},{"not_picked":["Dagger Spray","Heel Hook","Footwork"],"picked":"SKIP","floor":4},{"not_picked":["Underhanded Strike","Flying Knee","Skewer"],"picked":"SKIP","floor":5},{"not_picked":["Escape Plan","Doppelganger"],"picked":"Calculated Gamble","floor":6},{"not_picked":["Flechettes","Dodge and Roll"],"picked":"Poisoned Stab","floor":7},{"not_picked":["Outmaneuver","Slice","Heel Hook"],"picked":"SKIP","floor":11},{"not_picked":["Dodge and Roll","Slice"],"picked":"Prepared","floor":13}],"player_experience":70253,"potions_floor_usage":[6,7,13,16],"damage_taken":[{"damage":0,"enemies":"Small Slimes","floor":1,"turns":4},{"damage":9,"enemies":"Jaw Worm","floor":4,"turns":5},{"damage":0,"enemies":"2 Louse","floor":5,"turns":3},{"damage":48,"enemies":"3 Sentries","floor":6,"turns":14},{"damage":2,"enemies":"Exordium Wildlife","floor":7,"turns":3},{"damage":0,"enemies":"2 Fungi Beasts","floor":11,"turns":4},{"damage":27,"enemies":"Lagavulin","floor":13,"turns":8},{"damage":32,"enemies":"Hexaghost","floor":16,"turns":14}],"relics_obtained":[{"floor":3,"key":"Snake Skull"},{"floor":6,"key":"Vajra"},{"floor":9,"key":"Mummified Hand"},{"floor":13,"key":"Tough Bandages"}],"event_choices":[{"event_name":"Big Fish","player_choice":"Box","floor":2,"damage_taken":0},{"event_name":"The Cleric","player_choice":"Card Removal","floor":8,"damage_taken":0},{"event_name":"Dead Adventurer","player_choice":"Searched \u00271\u0027 times","floor":14,"damage_taken":0}],"boss_relics":[],"potions_floor_spawned":[1,5,6,13],"seed_played":"-7355019020415292764","killed_by":"Hexaghost","ascension_level":1,"potions_obtained":[{"floor":1,"key":"FearPotion"},{"floor":5,"key":"Ancient Potion"},{"floor":6,"key":"Strength Potion"},{"floor":13,"key":"Block Potion"}],"is_trial":false}