{"gold_per_floor":[13,27,27,27,39,66,82,82,137,137,156,13,38,48,48,143,143,155,8,0,0,0,0,29,29,52,52,52,52],"floor_reached":29,"playtime":5306,"items_purged":["Strike_R","Strike_R"],"score":239,"play_id":"06810d0e-9d27-4683-b131-df08216dd423","local_time":"20190324195942","is_ascension_mode":false,"campfire_choices":[{"floor":8,"key":"DIG"},{"floor":10,"key":"REST"},{"floor":15,"key":"REST"},{"floor":23,"key":"DIG"},{"floor":25,"key":"REST"},{"floor":28,"key":"REST"}],"neow_cost":"NO_GOLD","seed_source_timestamp":767795110790473,"circlet_count":0,"master_deck":["Strike_R","Strike_R","Defend_R","Defend_R","Defend_R","Defend_R","Bash","Shrug It Off","Fiend Fire","Shrug It Off","Body Slam","Flame Barrier","Flame Barrier","Spot Weakness","Barricade","Shrug It Off","True Grit","True Grit"],"relics":["Burning Blood","Shovel","Art of War","Red Skull","Tiny Chest","Odd Mushroom","Sozu","Boot","Charon\u0027s Ashes","Centennial Puzzle"],"potions_floor_usage":[2,6,16,16,16],"damage_taken":[{"damage":10,"enemies":"Jaw Worm","floor":1,"turns":4},{"damage":0,"enemies":"Small Slimes","floor":2,"turns":3},{"damage":0,"enemies":"Cultist","floor":5,"turns":3},{"damage":75,"enemies":"Lagavulin","floor":6,"turns":12},{"damage":0,"enemies":"Large Slime","floor":7,"turns":5},{"damage":10,"enemies":"Looter","floor":11,"turns":3},{"damage":29,"enemies":"The Mushroom Lair","floor":13,"turns":6},{"damage":0,"enemies":"2 Fungi Beasts","floor":14,"turns":3},{"damage":70,"enemies":"Slime Boss","floor":16,"turns":20},{"damage":13,"enemies":"Shell Parasite","floor":18,"turns":8},{"damage":48,"enemies":"Book of Stabbing","floor":24,"turns":8},{"damage":81,"enemies":"Gremlin Leader","floor":29,"turns":9}],"seed_played":"-2501531235503662320","potions_obtained":[{"floor":2,"key":"Fruit Juice"},{"floor":5,"key":"Regen Potion"},{"floor":6,"key":"Dexterity Potion"},{"floor":11,"key":"Poison Potion"},{"floor":14,"key":"Regen Potion"}],"is_trial":false,"path_per_floor":["M","M","?","?","M","E","M","R","T","R","M","$","?","M","R","B",null,"M","$","?","?","?","R","E","R","T","$","R","E"],"character_chosen":"IRONCLAD","items_purchased":["Flame Barrier","True Grit"],"campfire_rested":4,"item_purchase_floors":[12,19],"current_hp_per_floor":[76,85,85,85,85,31,37,37,37,62,58,58,35,41,66,17,85,78,78,78,62,62,62,20,47,47,47,74,0],"gold":52,"neow_bonus":"ONE_RARE_RELIC","is_prod":false,"is_daily":false,"chose_seed":false,"campfire_upgraded":0,"win_rate":0.0,"timestamp":1553453982,"path_taken":["M","M","?","?","?","E","M","R","T","R","M","$","?","M","R","BOSS","M","$","?","?","?","R","E","R","T","?","R","E"],"build_version":"2019-01-23","purchased_purges":2,"victory":false,"max_hp_per_floor":[80,85,85,85,85,85,85,85,85,85,85,85,85,85,85,85,85,85,85,85,90,90,90,90,90,90,90,90,90],"card_choices":[{"not_picked":["Heavy Blade","Sword Boomerang"],"picked":"Shrug It Off","floor":1},{"not_picked":["Wild Strike","Iron Wave"],"picked":"Fiend Fire","floor":2},{"not_picked":["Evolve","Flex","Corruption"],"picked":"SKIP","floor":5},{"not_picked":["Hemokinesis","True Grit"],"picked":"Shrug It Off","floor":6},{"not_picked":["Cleave","Anger"],"picked":"Body Slam","floor":7},{"not_picked":["Pommel Strike","Power Through"],"picked":"Flame Barrier","floor":11},{"not_picked":["Blood for Blood","Burning Pact"],"picked":"Spot Weakness","floor":14},{"not_picked":["Offering","Fiend Fire"],"picked":"Barricade","floor":16},{"not_picked":["Dropkick+1","Wild Strike"],"picked":"Shrug It Off","floor":18},{"not_picked":["Battle Trance","Wild Strike"],"picked":"True Grit","floor":24}],"player_experience":96359,"relics_obtained":[{"floor":6,"key":"Art of War"},{"floor":8,"key":"Red Skull"},{"floor":9,"key":"Tiny Chest"},{"floor":13,"key":"Odd Mushroom"},{"floor":23,"key":"Boot"},{"floor":24,"key":"Charon\u0027s Ashes"},{"floor":26,"key":"Centennial Puzzle"}],"event_choices":[{"damage_healed":0,"gold_gain":0,"player_choice":"Ignored","damage_taken":0,"max_hp_gain":0,"max_hp_loss":0,"event_name":"Liars Game","floor":3,"gold_loss":0},{"cards_removed":["Strike_R"],"damage_healed":0,"gold_gain":0,"player_choice":"Offered Basic","damage_taken":0,"max_hp_gain":0,"max_hp_loss":0,"event_name":"Bonfire Elementals","floor":4,"gold_loss":0},{"damage_healed":0,"gold_gain":0,"player_choice":"Fought Mushrooms","damage_taken":0,"max_hp_gain":0,"max_hp_loss":0,"event_name":"Mushrooms","floor":13,"gold_loss":0},{"damage_healed":0,"gold_gain":0,"player_choice":"Paid Fearfully","damage_taken":0,"max_hp_gain":0,"max_hp_loss":0,"event_name":"Masked Bandits","floor":20,"gold_loss":8},{"damage_healed":0,"gold_gain":0,"player_choice":"Shed Blood","damage_taken":21,"max_hp_gain":5,"max_hp_loss":0,"event_name":"Forgotten Altar","floor":21,"gold_loss":0},{"damage_healed":0,"gold_gain":0,"player_choice":"Ignored","damage_taken":0,"max_hp_gain":0,"max_hp_loss":0,"event_name":"The Mausoleum","floor":22,"gold_loss":0}],"is_beta":false,"boss_relics":[{"not_picked":["Eternal Feather","Empty Cage"],"picked":"Sozu"}],"items_purged_floors":[12,19],"is_endless":false,"potions_floor_spawned":[2,5,6,11,14,24],"killed_by":"Gremlin Leader","ascension_level":0}