{"path_per_floor":["M","M","?","M","?","E","$","E","T","M","E","?","M","M","R","B",null,"M","?","M","$","M","E","R"],"character_chosen":"THE_SILENT","items_purchased":["Poison Potion","Noxious Fumes","Footwork","Regen Potion"],"gold_per_floor":[109,121,196,215,215,249,43,74,74,85,110,110,121,133,133,235,235,250,250,269,44,60,85,85],"floor_reached":25,"campfire_rested":2,"playtime":2591,"current_hp_per_floor":[70,70,59,56,56,27,27,27,27,22,5,28,27,27,49,35,76,62,62,41,41,32,18,40],"items_purged":["Strike_G","Strike_G"],"gold":85,"score":294,"play_id":"a885f957-d2f2-4093-8e28-f6302c8efed3","local_time":"20180322235847","is_prod":false,"is_daily":false,"is_ascension_mode":false,"campfire_upgraded":0,"timestamp":1521759527,"path_taken":["M","M","?","M","?","E","$","E","T","M","E","?","M","?","R","BOSS","M","?","M","$","M","E","R","E"],"build_version":"2018-03-15v3","purchased_purges":2,"victory":false,"master_deck":["Defend_G","Defend_G","Defend_G","Defend_G","Defend_G","Strike_G","Survivor","Neutralize","Poisoned Stab","Deadly Poison","Leg Sweep","Reflex","Glass Knife","Noxious Fumes","Sucker Punch","Flying Knee","Noxious Fumes","Parasite","Outmaneuver","Dash","Envenom","Outmaneuver","Quick Slash","Poisoned Stab","Backflip","Envenom","Poisoned Stab","Poisoned Stab","Footwork","Quick Slash+1","Dagger Spray"],"max_hp_per_floor":[70,70,70,70,70,70,70,70,70,70,70,76,76,76,76,76,76,76,76,76,76,76,76,76],"relics":["Black Star","Pantograph","Gremlin Horn","Darkstone Periapt","Dodecahedron","Snake Skull","Bag of Preparation","Orichalcum","Orrery","Calipers","Unceasing Top"],"card_choices":[{"not_picked":["Calculated Gamble","Flying Knee"],"picked":"Poisoned Stab"},{"not_picked":["Terror","Sucker Punch"],"picked":"Deadly Poison"},{"not_picked":["Outmaneuver","Dagger Spray"],"picked":"Leg Sweep"},{"not_picked":["Blur","Underhanded Strike"],"picked":"Glass Knife"},{"not_picked":["Flying Knee","Dodge and Roll"],"picked":"Sucker Punch"},{"not_picked":["Expertise","Deflect"],"picked":"Flying Knee"},{"not_picked":["Dagger Throw","Poisoned Stab"],"picked":"Noxious Fumes"},{"not_picked":["Dagger Spray","Well Laid Plans"],"picked":"Outmaneuver"},{"not_picked":["Backstab","Blade Dance"],"picked":"Dash"},{"not_picked":["Venomology","A Thousand Cuts"],"picked":"Envenom"},{"not_picked":["Acrobatics","Reflex"],"picked":"Outmaneuver"},{"not_picked":["Eviscerate","Outmaneuver"],"picked":"Quick Slash"},{"not_picked":["Dodge and Roll","Escape Plan"],"picked":"Poisoned Stab"},{"not_picked":["Predator","Outmaneuver"],"picked":"Backflip"},{"not_picked":["Malaise","Caltrops"],"picked":"Envenom"},{"not_picked":["Caltrops","Sucker Punch"],"picked":"Poisoned Stab"},{"not_picked":["Dagger Throw","Acrobatics"],"picked":"Poisoned Stab"},{"not_picked":["Dagger Spray","Dagger Throw"],"picked":"Quick Slash"},{"not_picked":["Underhanded Strike","Quick Slash"],"picked":"Dagger Spray"}],"player_experience":16159,"potions_floor_usage":[23,23],"damage_taken":[{"damage":0.0,"enemies":"Small Slimes","floor":1.0,"turns":5.0},{"damage":0.0,"enemies":"2 Louse","floor":2.0,"turns":3.0},{"damage":3.0,"enemies":"Jaw Worm","floor":4.0,"turns":4.0},{"damage":29.0,"enemies":"3 Sentries","floor":6.0,"turns":11.0},{"damage":0.0,"enemies":"Lagavulin","floor":8.0,"turns":6.0},{"damage":5.0,"enemies":"Blue Slaver","floor":10.0,"turns":3.0},{"damage":17.0,"enemies":"3 Sentries","floor":11.0,"turns":7.0},{"damage":1.0,"enemies":"Red Slaver","floor":13.0,"turns":4.0},{"damage":0.0,"enemies":"Exordium Thugs","floor":14.0,"turns":5.0},{"damage":39.0,"enemies":"Slime Boss","floor":16.0,"turns":10.0},{"damage":14,"enemies":"Shell Parasite","floor":18,"turns":6},{"damage":21,"enemies":"3 Byrds","floor":20,"turns":4},{"damage":9,"enemies":"Snake Plant","floor":22,"turns":4},{"damage":29,"enemies":"Gremlin Leader","floor":23,"turns":7},{"damage":40,"enemies":"Book of Stabbing","floor":25,"turns":5}],"event_choices":[{"event_name":"World of Goop","player_choice":"Gather Gold","floor":3.0,"damage_taken":0.0},{"event_name":"Living Wall","player_choice":"Change","floor":5.0,"damage_taken":0.0},{"event_name":"Mushrooms","player_choice":"Healed and dodged fight","floor":12.0,"damage_taken":0.0},{"event_name":"Purifier","player_choice":"One Purge","floor":19,"damage_taken":0}],"boss_relics":[{"not_picked":["Runic Dome","Velvet Choker"],"picked":"Orrery"}],"potions_floor_spawned":[1,6,8,14,18],"seed_played":"-2161244092648184105","killed_by":"Book of Stabbing","ascension_level":0,"is_trial":false}