{"path_per_floor":["M","?","?","?","?","E","R","M","T","E","?","M","M"],"character_chosen":"DEFECT","items_purchased":[],"gold_per_floor":[114,114,114,114,189,219,219,233,307,342,342,360,374,374],"floor_reached":14,"campfire_rested":0,"playtime":272,"item_purchase_floors":[],"current_hp_per_floor":[68,68,73,73,62,32,32,32,32,25,8,10,12,0],"items_purged":[],"gold":374,"score":127,"play_id":"408c5518-51da-42bb-ae49-7c7e519ebffd","local_time":"20180603204520","is_prod":false,"is_daily":false,"chose_seed":false,"is_ascension_mode":true,"campfire_upgraded":1,"win_rate":0,"timestamp":1528073120,"campfire_choices":[{"data":"Sunder","floor":7,"key":"SMITH"}],"path_taken":["M","?","?","?","?","E","R","?","T","E","?","M","?","E"],"build_version":"2018-05-30v2","seed_source_timestamp":125384653856590,"purchased_purges":0,"victory":false,"master_deck":["Strike_B","Strike_B","Strike_B","Defend_B","Defend_B+1","Defend_B","Defend_B","Zap+1","Dualcast+1","Sunder+1","Defragment"],"max_hp_per_floor":[75,75,80,80,80,80,80,82,82,84,84,86,88,88],"relics":["Cracked Core","Singing Bowl","Mercury Hourglass","Omamori"],"card_choices":[{"not_picked":["Tempest","Lockon"],"picked":"Sunder","floor":1},{"not_picked":["Undo","Turbo"],"picked":"Defragment","floor":6},{"not_picked":["Turbo","Compile Driver","Beam Cell"],"picked":"Singing Bowl","floor":8},{"not_picked":["Reprogram","White Noise","Reinforced Body"],"picked":"Singing Bowl","floor":10},{"not_picked":["White Noise","Beam Cell","Ball Lightning"],"picked":"Singing Bowl","floor":12},{"not_picked":["Gash","Sweeping Beam","Lockon"],"picked":"Singing Bowl","floor":13}],"player_experience":278904,"potions_floor_usage":[6,10,14,14],"damage_taken":[{"damage":0,"enemies":"2 Louse","floor":1,"turns":3},{"damage":30,"enemies":"Lagavulin","floor":6,"turns":6},{"damage":2,"enemies":"Jaw Worm","floor":8,"turns":2},{"damage":9,"enemies":"3 Sentries","floor":10,"turns":4},{"damage":0,"enemies":"Small Slimes","floor":12,"turns":1},{"damage":0,"enemies":"Blue Slaver","floor":13,"turns":2},{"damage":12,"enemies":"Lagavulin","floor":14,"turns":3}],"relics_obtained":[{"floor":6,"key":"Singing Bowl"},{"floor":9,"key":"Mercury Hourglass"},{"floor":10,"key":"Omamori"}],"event_choices":[{"event_name":"Living Wall","player_choice":"Grow","floor":2,"damage_taken":0},{"event_name":"Big Fish","player_choice":"Donut","floor":3,"damage_taken":0},{"event_name":"Bonfire Elementals","player_choice":"BASIC","floor":4,"damage_taken":0},{"event_name":"World of Goop","player_choice":"Gather Gold","floor":5,"damage_taken":0},{"event_name":"Shining Light","player_choice":"Entered Light","floor":11,"damage_taken":0}],"boss_relics":[],"items_purged_floors":[],"potions_floor_spawned":[1,8,10,12],"seed_played":"-2494346112979177812","killed_by":"Lagavulin","ascension_level":6,"potions_obtained":[{"floor":1,"key":"PowerPotion"},{"floor":8,"key":"Swift Potion"},{"floor":10,"key":"Poison Potion"},{"floor":12,"key":"PowerPotion"}],"is_trial":false}