{"gold_per_floor":[113,113,126,76,4,4,15,30,54,67,67,67,67,101,101,196,196,215,231,245,261,138,138,138,157,157,157,157,178,44,69,69,165,165,183,183,516,536,119,119,137,137,137,150,150,150,150,161,161,161],"floor_reached":50,"playtime":3162,"items_purged":["Strike_B","Strike_B","Strike_B"],"score":815,"play_id":"1504f8fc-9137-4593-a6c9-e9ba4f7d1252","local_time":"20180921235708","is_ascension_mode":true,"campfire_choices":[{"data":"Streamline","floor":6,"key":"SMITH"},{"floor":11,"key":"REST"},{"floor":13,"key":"REST"},{"floor":15,"key":"REST"},{"floor":23,"key":"REST"},{"data":"Storm","floor":28,"key":"SMITH"},{"floor":32,"key":"REST"},{"floor":40,"key":"REST"},{"floor":45,"key":"REST"},{"floor":47,"key":"REST"},{"floor":49,"key":"REST"}],"neow_cost":"","seed_source_timestamp":556177564148152,"circlet_count":0,"master_deck":["Defend_B","Defend_B","Defend_B","Defend_B","Zap","Dualcast","AscendersBane","Capacitor","Electrodynamics","Streamline+1","Defragment","Consume","Hologram","Storm+1","Core Surge","Leap","Glacier","Self Repair","Cold Snap","Steam","Auto Shields+1","Static Discharge","White Noise","Buffer","Compile Driver+1","Madness","Madness"],"relics":["Cracked Core","Centennial Puzzle","Happy Flower","Nuclear Battery","Enchiridion","Mercury Hourglass","Ornamental Fan","Fusion Hammer","Vajra","Juzu Bracelet","Bottled Lightning"],"potions_floor_usage":[10,14,14,19,21,29,33,35,38,41,48,50],"damage_taken":[{"damage":0,"enemies":"2 Louse","floor":1,"turns":2},{"damage":0,"enemies":"Cultist","floor":3,"turns":3},{"damage":1,"enemies":"Small Slimes","floor":7,"turns":2},{"damage":9,"enemies":"2 Fungi Beasts","floor":8,"turns":3},{"damage":25,"enemies":"Exordium Wildlife","floor":10,"turns":4},{"damage":30,"enemies":"Lagavulin","floor":14,"turns":5},{"damage":0,"enemies":"Slime Boss","floor":16,"turns":6},{"damage":9,"enemies":"Chosen","floor":18,"turns":4},{"damage":0,"enemies":"Spheric Guardian","floor":19,"turns":3},{"damage":7,"enemies":"Centurion and Healer","floor":20,"turns":6},{"damage":5,"enemies":"Sentry and Sphere","floor":21,"turns":5},{"damage":2,"enemies":"Snecko","floor":25,"turns":7},{"damage":0,"enemies":"Centurion and Healer","floor":29,"turns":5},{"damage":18,"enemies":"Shelled Parasite and Fungi","floor":31,"turns":5},{"damage":55,"enemies":"Automaton","floor":33,"turns":8},{"damage":6,"enemies":"3 Shapes","floor":35,"turns":2},{"damage":0,"enemies":"3 Darklings","floor":38,"turns":3},{"damage":0,"enemies":"4 Shapes","floor":41,"turns":2},{"damage":1,"enemies":"Maw","floor":44,"turns":7},{"damage":17,"enemies":"3 Darklings","floor":48,"turns":4},{"damage":89,"enemies":"Time Eater","floor":50,"turns":12}],"seed_played":"-6917376509996006813","potions_obtained":[{"floor":3,"key":"Fire Potion"},{"floor":7,"key":"Regen Potion"},{"floor":10,"key":"GamblersBrew"},{"floor":16,"key":"PowerPotion"},{"floor":20,"key":"Strength Potion"},{"floor":21,"key":"Explosive Potion"},{"floor":29,"key":"Fruit Juice"},{"floor":33,"key":"EntropicBrew"},{"floor":38,"key":"SneckoOil"},{"floor":41,"key":"Explosive Potion"},{"floor":44,"key":"EssenceOfSteel"}],"is_trial":false,"path_per_floor":["M","?","M","?","$","R","M","M","T","M","R","?","R","E","R","B",null,"M","M","M","M","$","R","?","M","T","T","R","M","$","M","R","B",null,"M","?","?","M","$","R","M","?","T","M","R","?","R","M","R"],"character_chosen":"DEFECT","items_purchased":["Defragment","Steam","Static Discharge","Vajra","Juzu Bracelet"],"campfire_rested":9,"item_purchase_floors":[5,22,30,39,39],"current_hp_per_floor":[68,68,68,68,68,68,67,58,58,45,67,49,71,41,63,63,72,63,63,56,58,58,75,59,64,64,64,64,76,76,65,80,32,68,62,62,62,62,62,80,80,80,80,80,80,70,80,70,80,0],"gold":161,"neow_bonus":"","is_prod":false,"is_daily":false,"chose_seed":false,"campfire_upgraded":2,"win_rate":0,"timestamp":1537567028,"path_taken":["M","?","M","?","$","R","M","?","T","M","R","?","R","E","R","BOSS","M","?","M","M","$","R","?","M","T","?","R","M","$","M","R","BOSS","M","?","?","M","$","R","M","?","T","M","R","?","R","M","R","BOSS"],"build_version":"2018-09-20","purchased_purges":3,"victory":false,"max_hp_per_floor":[75,75,75,75,75,75,75,75,75,75,75,75,75,75,75,75,75,75,75,75,75,75,75,75,75,75,75,75,80,80,80,80,80,80,80,80,80,80,80,80,80,80,80,80,80,80,80,80,80,80],"card_choices":[{"not_picked":["Coolheaded","Chaos"],"picked":"Capacitor","floor":1},{"not_picked":["Turbo","Gash"],"picked":"Streamline","floor":3},{"not_picked":["Turbo","Cold Snap","Beam Cell"],"picked":"SKIP","floor":7},{"not_picked":["Cold Snap","Go for the Eyes"],"picked":"Consume","floor":8},{"not_picked":["Darkness","Chaos"],"picked":"Hologram","floor":10},{"not_picked":["Sunder","Cold Snap"],"picked":"Storm","floor":14},{"not_picked":["Biased Cognition","Thunder Strike"],"picked":"Core Surge","floor":16},{"not_picked":["Coolheaded","Barrage"],"picked":"Leap","floor":18},{"not_picked":["Cold Snap","Undo+1"],"picked":"Glacier","floor":19},{"not_picked":["Barrage","Amplify"],"picked":"Self Repair","floor":20},{"not_picked":["Rebound","Hologram"],"picked":"Cold Snap","floor":21},{"not_picked":["Streamline+1","Compile Driver"],"picked":"Auto Shields+1","floor":25},{"not_picked":["Rebound","Beam Cell","Coolheaded"],"picked":"SKIP","floor":29},{"not_picked":["Consume","Static Discharge"],"picked":"White Noise","floor":31},{"not_picked":["Reboot","Amplify"],"picked":"Buffer","floor":33},{"not_picked":["Cold Snap","Coolheaded","Chaos"],"picked":"SKIP","floor":35},{"not_picked":["Ball Lightning","Turbo+1","Scrape"],"picked":"SKIP","floor":38},{"not_picked":["Beam Cell+1","Streamline+1","Conserve Battery"],"picked":"SKIP","floor":41},{"not_picked":["Heatsinks","Coolheaded"],"picked":"Compile Driver+1","floor":44},{"not_picked":["Sweeping Beam+1","Go for the Eyes","Auto Shields"],"picked":"SKIP","floor":48}],"player_experience":496596,"relics_obtained":[{"floor":9,"key":"Centennial Puzzle"},{"floor":14,"key":"Happy Flower"},{"floor":24,"key":"Enchiridion"},{"floor":26,"key":"Mercury Hourglass"},{"floor":27,"key":"Ornamental Fan"},{"floor":43,"key":"Bottled Lightning"}],"event_choices":[{"event_name":"Match and Keep!","player_choice":"1 cards matched","floor":2,"damage_taken":0},{"event_name":"The Cleric","player_choice":"Card Removal","floor":4,"damage_taken":0},{"event_name":"Golden Idol","player_choice":"Take Damage","floor":12,"damage_taken":0},{"event_name":"Cursed Tome","player_choice":"Obtained Book","floor":24,"damage_taken":0},{"event_name":"Tomb of Lord Red Mask","player_choice":"Ignored","floor":36,"damage_taken":0},{"event_name":"The Moai Head","player_choice":"Gave Idol","floor":37,"damage_taken":0},{"event_name":"Mysterious Sphere","player_choice":"Ignore","floor":42,"damage_taken":0},{"event_name":"Winding Halls","player_choice":"Embrace Madness","floor":46,"damage_taken":0}],"is_beta":false,"boss_relics":[{"not_picked":["Snecko Eye","Runic Pyramid"],"picked":"Nuclear Battery"},{"not_picked":["Black Star","Runic Dome"],"picked":"Fusion Hammer"}],"items_purged_floors":[22,30,39],"is_endless":false,"potions_floor_spawned":[3,7,10,16,20,21,29,33,35,38,41,44],"killed_by":"Time Eater","ascension_level":13}