{"gold_per_floor":[110,35,35,56,16,16,56,69,95,95,20,20,41,41,41,41],"floor_reached":16,"playtime":582,"items_purged":["Doubt"],"score":191,"play_id":"94337444-7baa-4b24-807e-17312d235e86","local_time":"20180925172650","is_ascension_mode":true,"campfire_choices":[{"data":"Defragment","floor":6,"key":"SMITH"},{"data":"Self Repair","floor":10,"key":"SMITH"},{"data":"Multi-Cast","floor":12,"key":"SMITH"},{"data":"Zap","floor":15,"key":"SMITH"}],"neow_cost":"CURSE","seed_source_timestamp":880947036019597,"circlet_count":0,"master_deck":["Strike_B","Strike_B","Strike_B","Defend_B","Defend_B","Defend_B","Defend_B","Zap+1","Dualcast","AscendersBane","Beam Cell","Defragment+1","Multi-Cast+1","Self Repair+1","Ball Lightning"],"relics":["Cracked Core","Incense Burner","Golden Idol","PreservedInsect","Strawberry"],"potions_floor_usage":[7,16],"damage_taken":[{"damage":1,"enemies":"2 Louse","floor":1,"turns":2},{"damage":7,"enemies":"Small Slimes","floor":4,"turns":3},{"damage":11,"enemies":"Gremlin Nob","floor":7,"turns":3},{"damage":1,"enemies":"Cultist","floor":8,"turns":3},{"damage":1,"enemies":"3 Louse","floor":13,"turns":3},{"damage":80,"enemies":"Slime Boss","floor":16,"turns":9}],"seed_played":"-6785185066593724645","potions_obtained":[{"floor":4,"key":"Poison Potion"},{"floor":7,"key":"FairyPotion"},{"floor":8,"key":"AttackPotion"}],"is_trial":false,"path_per_floor":["M","$","?","M","?","R","E","M","T","R","?","R","M","?","R"],"character_chosen":"DEFECT","items_purchased":[],"campfire_rested":0,"item_purchase_floors":[],"current_hp_per_floor":[63,63,63,56,56,56,45,44,51,51,51,51,60,65,65,0],"gold":41,"neow_bonus":"ONE_RARE_RELIC","is_prod":false,"is_daily":false,"chose_seed":false,"campfire_upgraded":4,"win_rate":0,"timestamp":1537889210,"path_taken":["M","$","?","M","?","R","E","M","T","R","?","R","M","?","R","BOSS"],"build_version":"2018-09-20","purchased_purges":1,"victory":false,"max_hp_per_floor":[71,71,64,64,64,64,64,64,71,71,71,71,71,76,76,76],"card_choices":[{"not_picked":["Hello World","Conserve Battery"],"picked":"Beam Cell","floor":1},{"not_picked":["FTL","Hologram"],"picked":"Defragment","floor":4},{"not_picked":["Undo","Auto Shields"],"picked":"Multi-Cast","floor":7},{"not_picked":["Storm","Leap"],"picked":"Self Repair","floor":8},{"not_picked":["Doom and Gloom","Chaos"],"picked":"Ball Lightning","floor":13}],"player_experience":684602,"relics_obtained":[{"floor":7,"key":"PreservedInsect"},{"floor":9,"key":"Strawberry"}],"event_choices":[{"event_name":"Golden Idol","player_choice":"Lose Max HP","floor":3,"damage_taken":0},{"event_name":"World of Goop","player_choice":"Left","floor":5,"damage_taken":0},{"event_name":"The Cleric","player_choice":"Card Removal","floor":11,"damage_taken":0},{"event_name":"Big Fish","player_choice":"Donut","floor":14,"damage_taken":0}],"is_beta":false,"boss_relics":[],"items_purged_floors":[2],"is_endless":false,"potions_floor_spawned":[4,7,8],"killed_by":"Slime Boss","ascension_level":19}