{"path_per_floor":["M","$","?","M","M","R","M","M","T","?","M","$","R","M","R","B",null,"M","M","?","?","$","R","E","R","T","R","?","M","M","$","R","B",null,"M","?","?","M","$","R","?","R","T","M","E","M","?","M","R"],"character_chosen":"THE_SILENT","items_purchased":["Accuracy","Mummified Hand","Infinite Blades","Footwork"],"gold_per_floor":[365,76,76,87,106,106,124,136,136,136,147,66,66,83,83,184,184,198,213,113,113,38,38,71,71,96,96,96,106,122,48,48,152,152,169,169,169,189,89,89,89,89,137,153,178,190,0,20,20],"floor_reached":50,"campfire_rested":5,"playtime":4696,"current_hp_per_floor":[34,34,27,27,27,48,39,39,39,39,34,34,34,26,47,35,70,40,25,25,25,25,46,24,45,45,45,45,37,42,42,42,25,49,49,39,39,23,23,23,23,23,23,45,26,26,26,31,45],"items_purged":["Pain","Doubt"],"gold":20,"play_id":"3c017f9f-cfba-4c47-971d-2c2e48d49eb4","is_prod":false,"is_daily":false,"campfire_rituals":0,"campfire_upgraded":5,"is_hardmode":false,"path_taken":["M","$","?","M","M","R","M","M","T","?","M","?","R","?","R","BOSS","M","M","?","?","$","R","E","R","T","R","?","?","M","?","R","BOSS","M","?","?","M","$","R","?","R","T","?","E","?","?","M","R","BOSS"],"build_version":"2018-01-18-PROD4","purchased_purges":2,"victory":false,"master_deck":["Defend_G","Defend_G","Defend_G","Defend_G","Survivor","Neutralize","Infinite Blades","Accuracy","Caltrops","Quick Slash","Escape Plan","Dodge and Roll","Mind Blast","Infinite Blades","Terror","Tools of the Trade","Escape Plan","Backflip","J.A.X.","Writhe","Blur","Bite_G","Bite_G","Bite_G","Bite_G","Bite_G","Cloak And Dagger","Dagger Throw","Footwork","Bullet Time","Decay","Clumsy","Noxious Fumes","Madness","Madness","Backflip","Escape Plan","Terror","Dodge and Roll"],"max_hp_per_floor":[70,70,70,70,70,70,70,70,70,70,70,70,70,70,70,70,70,70,70,70,70,70,70,70,70,70,70,49,49,49,49,49,49,49,49,49,49,49,49,49,49,49,49,49,49,49,49,49,49],"relics":["Ring of the Snake","Mummified Hand","Du-Vu Doll","Question Card","Bag of Marbles","Pen Nib","Bag of Preparation","Calling Bell","Blood Vial","Bird Faced Urn","Omamori","Orichalcum","Bottled Flame","Red Mask"],"campfire_meditates":0,"card_choices":[{"not_picked":["Calculated Gamble","Bane"],"picked":"Infinite Blades"},{"not_picked":["Escape Plan","Bouncing Flask"],"picked":"Caltrops"},{"not_picked":["Deflect","Leg Sweep"],"picked":"Quick Slash"},{"not_picked":["Choke","Dagger Throw"],"picked":"Escape Plan"},{"not_picked":["Backflip","Dash"],"picked":"Dodge and Roll"},{"not_picked":["Deadly Poison","Acrobatics"],"picked":"Terror"},{"not_picked":["Wraith Form","Storm of Steel"],"picked":"Tools of the Trade"},{"not_picked":["Prepared","Deflect","Terror"],"picked":"Escape Plan"},{"not_picked":["Acrobatics","PiercingWail","Noxious Fumes"],"picked":"Backflip"},{"not_picked":["Endless Agony","Riddle With Holes","Catalyst"],"picked":"Blur"},{"not_picked":["Underhanded Strike","After Image","Skewer"],"picked":"Cloak And Dagger"},{"not_picked":["Bane","Outmaneuver","Slice"],"picked":"Dagger Throw"},{"not_picked":["Adrenaline","Corpse Explosion","Unload"],"picked":"Bullet Time"},{"not_picked":["Skewer","Bane","Catalyst"],"picked":"Noxious Fumes"},{"not_picked":["Flying Knee","Endless Agony","Cloak And Dagger"],"picked":"Backflip"},{"not_picked":["Blur","Dodge and Roll","Footwork"],"picked":"Escape Plan"},{"not_picked":["Unload","Backflip","Quick Slash"],"picked":"Terror"},{"not_picked":["Slice","Quick Slash","Reflex"],"picked":"Dodge and Roll"}],"player_experience":96574,"potions_floor_usage":[50,50],"damage_taken":[{"damage":1.0,"enemies":"Cultist","floor":1.0,"turns":4.0},{"damage":0.0,"enemies":"2 Louse","floor":4.0,"turns":4.0},{"damage":0.0,"enemies":"Blue Slaver","floor":5.0,"turns":4.0},{"damage":9.0,"enemies":"3 Louse","floor":7.0,"turns":3.0},{"damage":0.0,"enemies":"Red Slaver","floor":8.0,"turns":4.0},{"damage":5.0,"enemies":"Large Slime","floor":11.0,"turns":5.0},{"damage":8.0,"enemies":"Exordium Wildlife","floor":14.0,"turns":3.0},{"damage":12.0,"enemies":"The Guardian","floor":16.0,"turns":8.0},{"damage":30.0,"enemies":"2 Thieves","floor":18.0,"turns":3.0},{"damage":15.0,"enemies":"3 Byrds","floor":19.0,"turns":5.0},{"damage":22.0,"enemies":"Book of Stabbing","floor":24.0,"turns":5.0},{"damage":14.0,"enemies":"Snecko","floor":29.0,"turns":5.0},{"damage":3.0,"enemies":"Sentry and Sphere","floor":30.0,"turns":3.0},{"damage":33.0,"enemies":"Collector","floor":33.0,"turns":8.0},{"damage":3.0,"enemies":"Orb Walker","floor":35.0,"turns":2.0},{"damage":32.0,"enemies":"3 Shapes","floor":38.0,"turns":5.0},{"damage":2.0,"enemies":"3 Darklings","floor":44.0,"turns":5.0},{"damage":35.0,"enemies":"Nemesis","floor":45.0,"turns":7.0},{"damage":26,"enemies":"Maw","floor":46,"turns":7},{"damage":17,"enemies":"Sphere and 2 Shapes","floor":48,"turns":4},{"damage":66,"enemies":"Awakened One","floor":50,"turns":3}],"event_choices":[{"event_name":"Golden Wing","player_choice":"Card Removal","floor":3.0,"damage_taken":0.0},{"event_name":"Match and Keep!","player_choice":"2 cards matched","floor":10.0,"damage_taken":0.0},{"event_name":"Drug Dealer","player_choice":"Got JAXXED","floor":20.0,"damage_taken":0.0},{"event_name":"The Mausoleum","player_choice":"Yes","floor":21.0,"damage_taken":0.0},{"event_name":"Vampires","player_choice":"Became a vampire","floor":28.0,"damage_taken":0.0},{"event_name":"Winding Halls","player_choice":"Embrace Madness","floor":36.0,"damage_taken":0.0},{"event_name":"Mysterious Sphere","player_choice":"Ignore","floor":37.0,"damage_taken":0.0},{"event_name":"Wheel of Change","player_choice":"Card Removal","floor":41.0,"damage_taken":0.0},{"event_name":"Tomb of Lord Red Mask","player_choice":"Paid","floor":47,"damage_taken":0}],"boss_relics":[],"potions_floor_spawned":[1,5,8,19,24,29,44,45,46],"seed_played":"-6466791634178878352","killed_by":"Awakened One","is_trial":false}