{"gold_per_floor":[363,363,381,41,57,57,83,99,154,167,92,108,108,158,158,235,235,235,190,190,5,5,5,5,5,5,5,5,5,5,5],"floor_reached":31,"playtime":1610,"items_purged":["Strike_G","Strike_G"],"score":466,"play_id":"50581e55-d329-41ba-84f9-a65419a6ec94","local_time":"20181209201654","is_ascension_mode":true,"campfire_choices":[{"floor":6,"key":"REST"},{"floor":13,"key":"REST"},{"floor":15,"key":"REST"},{"floor":25,"key":"REST"},{"floor":28,"key":"REST"}],"neow_cost":"CURSE","seed_source_timestamp":169047010420603,"circlet_count":0,"master_deck":["AscendersBane","Defend_G","Defend_G","Defend_G","Defend_G","Defend_G","Strike_G","Strike_G","Survivor","Neutralize","Poisoned Stab","Dagger Spray","Blade Dance","A Thousand Cuts","Heel Hook","Adrenaline","Cloak And Dagger","Blade Dance","Adrenaline","Infinite Blades","Cloak And Dagger+1"],"relics":["Ring of the Snake","Shuriken","Omamori","Tiny Chest","Ectoplasm","Smiling Mask","NlothsMask"],"potions_floor_usage":[16,16,19,23,31,31],"damage_taken":[{"damage":0,"enemies":"Small Slimes","floor":1,"turns":5},{"damage":8,"enemies":"Jaw Worm","floor":3,"turns":6},{"damage":0,"enemies":"Cultist","floor":5,"turns":3},{"damage":32,"enemies":"Lagavulin","floor":7,"turns":6},{"damage":16,"enemies":"Exordium Wildlife","floor":8,"turns":5},{"damage":0,"enemies":"Lots of Slimes","floor":10,"turns":2},{"damage":4,"enemies":"Blue Slaver","floor":12,"turns":3},{"damage":47,"enemies":"Hexaghost","floor":16,"turns":10},{"damage":2,"enemies":"Chosen","floor":18,"turns":4},{"damage":14,"enemies":"2 Thieves","floor":19,"turns":4},{"damage":6,"enemies":"Cultist and Chosen","floor":22,"turns":4},{"damage":9,"enemies":"Gremlin Leader","floor":23,"turns":5},{"damage":7,"enemies":"Centurion and Healer","floor":27,"turns":4},{"damage":20,"enemies":"Snecko","floor":29,"turns":4},{"damage":29,"enemies":"Snake Plant","floor":30,"turns":5},{"damage":5,"enemies":"Slavers","floor":31,"turns":2}],"seed_played":"-5473403564274691691","potions_obtained":[{"floor":1,"key":"LiquidBronze"},{"floor":5,"key":"Swift Potion"},{"floor":16,"key":"Fire Potion"},{"floor":18,"key":"GhostInAJar"},{"floor":19,"key":"SpeedPotion"},{"floor":27,"key":"Dexterity Potion"}],"is_trial":false,"path_per_floor":["M","?","M","$","M","R","E","M","T","M","?","M","R","?","R","B",null,"M","M","?","$","M","E","?","R","T","M","R","M","M","E"],"character_chosen":"THE_SILENT","items_purchased":["Shuriken","Infinite Blades"],"campfire_rested":5,"item_purchase_floors":[4,21],"current_hp_per_floor":[59,52,44,44,44,63,31,15,15,15,15,11,30,30,49,2,50,48,34,34,34,28,19,19,38,38,31,50,30,1,0],"gold":5,"neow_bonus":"TWO_FIFTY_GOLD","is_prod":false,"is_daily":false,"chose_seed":false,"campfire_upgraded":0,"win_rate":0,"timestamp":1544415414,"path_taken":["M","?","M","$","M","R","E","M","T","M","?","?","R","?","R","BOSS","M","?","?","$","?","E","?","R","T","M","R","M","M","E"],"build_version":"2018-12-06","purchased_purges":2,"victory":false,"max_hp_per_floor":[66,66,66,66,66,66,66,66,66,66,66,66,66,66,66,66,66,66,66,66,66,66,66,66,66,66,66,66,66,66,66],"card_choices":[{"not_picked":["Prepared","Caltrops"],"picked":"Poisoned Stab","floor":1},{"not_picked":["Prepared","Dagger Throw"],"picked":"Dagger Spray","floor":3},{"not_picked":["Choke","Prepared","Quick Slash"],"picked":"SKIP","floor":5},{"not_picked":["Noxious Fumes","Leg Sweep"],"picked":"Blade Dance","floor":7},{"not_picked":["Prepared","Poisoned Stab"],"picked":"A Thousand Cuts","floor":8},{"not_picked":["Heel Hook","Poisoned Stab","Acrobatics"],"picked":"SKIP","floor":10},{"not_picked":["Poisoned Stab","Acrobatics"],"picked":"Heel Hook","floor":10},{"not_picked":["Quick Slash","Underhanded Strike","Slice"],"picked":"SKIP","floor":12},{"not_picked":["Doppelganger","Envenom"],"picked":"Adrenaline","floor":16},{"not_picked":["Blade Dance","Deadly Poison"],"picked":"Cloak And Dagger","floor":18},{"not_picked":["Poisoned Stab","Masterful Stab"],"picked":"Blade Dance","floor":19},{"not_picked":["Blade Dance","Leg Sweep+1"],"picked":"Cloak And Dagger+1","floor":22},{"not_picked":["Caltrops","Blur","Dagger Spray"],"picked":"SKIP","floor":23},{"not_picked":["Dagger Throw","Noxious Fumes","Quick Slash"],"picked":"SKIP","floor":27},{"not_picked":["Sucker Punch","Reflex","Phantasmal Killer"],"picked":"SKIP","floor":29},{"not_picked":["Deflect","Quick Slash","Choke"],"picked":"SKIP","floor":30}],"player_experience":576751,"relics_obtained":[{"floor":7,"key":"Omamori"},{"floor":9,"key":"Tiny Chest"},{"floor":23,"key":"Smiling Mask"}],"event_choices":[{"cards_removed":["Injury"],"damage_healed":0,"gold_gain":0,"player_choice":"Card Removal","damage_taken":7,"max_hp_gain":0,"max_hp_loss":0,"event_name":"Golden Wing","floor":2,"gold_loss":0},{"cards_removed":["Strike_G"],"damage_healed":0,"gold_gain":0,"player_choice":"Card Removal","damage_taken":0,"max_hp_gain":0,"max_hp_loss":0,"event_name":"The Cleric","floor":11,"gold_loss":75},{"damage_healed":0,"gold_gain":50,"player_choice":"Pray","damage_taken":0,"max_hp_gain":0,"max_hp_loss":0,"event_name":"Golden Shrine","floor":14,"gold_loss":0},{"damage_healed":0,"gold_gain":0,"player_choice":"Copied","damage_taken":0,"max_hp_gain":0,"max_hp_loss":0,"event_name":"Duplicator","floor":20,"gold_loss":0,"cards_obtained":["Adrenaline"]},{"damage_healed":0,"gold_gain":0,"player_choice":"Trade","damage_taken":0,"relics_obtained":["NlothsMask"],"max_hp_gain":0,"max_hp_loss":0,"event_name":"FaceTrader","floor":24,"gold_loss":0}],"is_beta":false,"boss_relics":[{"not_picked":["Busted Crown","Coffee Dripper"],"picked":"Ectoplasm"}],"items_purged_floors":[4,21],"is_endless":false,"potions_floor_spawned":[1,5,12,16,18,19,27],"killed_by":"Slavers","ascension_level":16}