{"gold_per_floor":[113,113,129,140,157,182],"floor_reached":6,"playtime":591,"items_purged":[],"score":146,"play_id":"c4192f4c-7ee6-4d68-a097-7d94b0d0f49b","local_time":"20180906045530","daily_mods":["Draft","Vintage"],"is_ascension_mode":true,"campfire_choices":[],"neow_cost":"","seed_source_timestamp":0,"circlet_count":0,"master_deck":["AscendersBane","Redo","Defragment","Coolheaded","Chill","Redo","Coolheaded","Rebound","Beam Cell","Sweeping Beam","Storm","White Noise","Redo","Chill","Capacitor","Leap","Loop+1"],"relics":["Unceasing Top","Dream Catcher","Shuriken","Strawberry","Frozen Egg 2","Pantograph"],"potions_floor_usage":[],"damage_taken":[{"damage":0,"enemies":"Small Slimes","floor":1,"turns":4},{"damage":0,"enemies":"Cultist","floor":3,"turns":5},{"damage":0,"enemies":"2 Louse","floor":4,"turns":3},{"damage":6,"enemies":"Large Slime","floor":5,"turns":6},{"damage":0,"enemies":"Lagavulin","floor":6,"turns":7}],"seed_played":"3072184099758136421","potions_obtained":[{"floor":6,"key":"Strength Potion"}],"is_trial":true,"path_per_floor":["M","?","M","M","M"],"character_chosen":"DEFECT","items_purchased":[],"campfire_rested":0,"item_purchase_floors":[],"current_hp_per_floor":[64,64,64,71,65,65],"gold":182,"neow_bonus":"","is_prod":false,"is_daily":false,"chose_seed":false,"campfire_upgraded":0,"win_rate":0,"timestamp":1536202530,"path_taken":["M","?","M","M","M","E"],"build_version":"2018-08-30","purchased_purges":0,"victory":false,"max_hp_per_floor":[71,71,71,78,78,78],"card_choices":[{"not_picked":["Ball Lightning","Turbo"],"picked":"Redo","floor":0},{"not_picked":["Redo","Reinforced Body"],"picked":"Defragment","floor":0},{"not_picked":["Stack","Gash"],"picked":"Coolheaded","floor":0},{"not_picked":["Leap","Redo"],"picked":"Chill","floor":0},{"not_picked":["Doom and Gloom","Leap"],"picked":"Redo","floor":0},{"not_picked":["Go for the Eyes","Barrage"],"picked":"Coolheaded","floor":0},{"not_picked":["Genetic Algorithm","Compile Driver"],"picked":"Rebound","floor":0},{"not_picked":["Leap","Barrage"],"picked":"Beam Cell","floor":0},{"not_picked":["Reinforced Body","Barrage"],"picked":"Doom and Gloom","floor":0},{"not_picked":["Aggregate","Gash"],"picked":"Sweeping Beam","floor":0},{"not_picked":["Hologram","Gash"],"picked":"Storm","floor":0},{"not_picked":["Stack","Turbo"],"picked":"White Noise","floor":0},{"not_picked":["Rebound","Compile Driver"],"picked":"Redo","floor":0},{"not_picked":["Beam Cell","Gash"],"picked":"Chill","floor":0},{"not_picked":["Beam Cell","Redo"],"picked":"Capacitor","floor":0},{"not_picked":["Sweeping Beam","Gash"],"picked":"Loop+1","floor":6}],"player_experience":125320,"relics_obtained":[{"floor":1,"key":"Dream Catcher"},{"floor":3,"key":"Shuriken"},{"floor":4,"key":"Strawberry"},{"floor":5,"key":"Frozen Egg 2"},{"floor":6,"key":"Pantograph"}],"event_choices":[{"event_name":"Transmorgrifier","player_choice":"Transform","floor":2,"damage_taken":0}],"is_beta":false,"boss_relics":[],"items_purged_floors":[],"is_endless":false,"potions_floor_spawned":[6],"killed_by":"Lagavulin","ascension_level":20}