{"gold_per_floor":[117,117,133,58,133,162,162,188,188,214,214,2,12,22,22,127,127,146,421,434,434],"floor_reached":21,"playtime":907,"items_purged":["Regret"],"score":227,"play_id":"df6f3413-e60e-4248-82e6-241341ca6024","local_time":"20180906201812","is_ascension_mode":true,"campfire_choices":[{"floor":7,"key":"REST"},{"floor":11,"key":"REST"},{"floor":15,"key":"REST"}],"neow_cost":"NONE","seed_source_timestamp":536093610751639,"circlet_count":0,"master_deck":["Strike_B","Strike_B","Strike_B","Strike_B","Defend_B","Defend_B","Defend_B","Defend_B","Zap","Dualcast","Multi-Cast","Gash","Darkness","Beam Cell+1","Chaos","All For One+1","Metamorphosis","Rebound+1","Cold Snap+1","Rainbow","Go for the Eyes+1","Regret","Static Discharge"],"relics":["Cracked Core","Incense Burner","Molten Egg 2","Ice Cream","Kunai","Vajra","Coffee Dripper"],"potions_floor_usage":[8,10,16,16,21],"damage_taken":[{"damage":4,"enemies":"Jaw Worm","floor":1,"turns":6},{"damage":6,"enemies":"Small Slimes","floor":3,"turns":3},{"damage":26,"enemies":"3 Sentries","floor":6,"turns":7},{"damage":15,"enemies":"Gremlin Nob","floor":8,"turns":4},{"damage":18,"enemies":"3 Sentries","floor":10,"turns":6},{"damage":6,"enemies":"Cultist","floor":13,"turns":3},{"damage":1,"enemies":"Red Slaver","floor":14,"turns":2},{"damage":30,"enemies":"Hexaghost","floor":16,"turns":6},{"damage":10,"enemies":"Chosen","floor":18,"turns":3},{"damage":41,"enemies":"2 Thieves","floor":20,"turns":4},{"damage":27,"enemies":"Snake Plant","floor":21,"turns":2}],"seed_played":"2472698083474407607","potions_obtained":[{"floor":1,"key":"Swift Potion"},{"floor":8,"key":"Dexterity Potion"},{"floor":10,"key":"FearPotion"},{"floor":14,"key":"LiquidBronze"},{"floor":18,"key":"Ancient Potion"}],"is_trial":false,"path_per_floor":["M","?","M","$","?","E","R","E","T","E","R","$","M","M","R","B",null,"M","?","M"],"character_chosen":"DEFECT","items_purchased":["Metamorphosis"],"campfire_rested":3,"item_purchase_floors":[12],"current_hp_per_floor":[71,71,65,65,54,28,50,35,35,17,39,39,33,32,54,24,75,65,65,24,0],"gold":434,"neow_bonus":"ONE_RANDOM_RARE_CARD","is_prod":false,"is_daily":false,"chose_seed":false,"campfire_upgraded":0,"win_rate":0,"timestamp":1536257892,"path_taken":["M","?","?","?","?","E","R","E","T","E","R","$","M","M","R","BOSS","M","?","M","M"],"build_version":"2018-08-30","purchased_purges":1,"victory":false,"max_hp_per_floor":[75,75,75,75,75,75,75,75,75,75,75,75,75,75,75,75,75,75,75,75,75],"card_choices":[{"not_picked":["FTL","Reprogram"],"picked":"Gash","floor":1},{"not_picked":["Streamline","Sunder"],"picked":"Darkness","floor":3},{"not_picked":["Chill","Rip and Tear"],"picked":"Beam Cell","floor":6},{"not_picked":["Steam","Leap"],"picked":"Chaos","floor":8},{"not_picked":["White Noise","Blizzard+1"],"picked":"All For One+1","floor":10},{"not_picked":["Cold Snap+1","Redo"],"picked":"Rebound+1","floor":13},{"not_picked":["Turbo","Consume"],"picked":"Cold Snap+1","floor":14},{"not_picked":["Seek","Meteor Strike+1"],"picked":"Rainbow","floor":16},{"not_picked":["Heatsinks","Barrage+1"],"picked":"Go for the Eyes+1","floor":18},{"not_picked":["Rebound+1","Leap"],"picked":"Static Discharge","floor":20}],"player_experience":135968,"relics_obtained":[{"floor":6,"key":"Molten Egg 2"},{"floor":8,"key":"Ice Cream"},{"floor":9,"key":"Kunai"},{"floor":10,"key":"Vajra"}],"event_choices":[{"event_name":"Big Fish","player_choice":"Box","floor":2,"damage_taken":0},{"event_name":"World of Goop","player_choice":"Gather Gold","floor":5,"damage_taken":0},{"event_name":"Golden Shrine","player_choice":"Desecrate","floor":19,"damage_taken":0}],"is_beta":false,"boss_relics":[{"not_picked":["Snecko Eye","Runic Pyramid"],"picked":"Coffee Dripper"}],"items_purged_floors":[4],"is_endless":false,"potions_floor_spawned":[1,8,10,14,18],"killed_by":"Snake Plant","ascension_level":3}