{"gold_per_floor":[368,378,395,395,13,13,13,13,39,66,66,96,96,0,0,98,98,111,126,225,243,518,518,538,551,586,586,605,59,59,75,75,170,220,239,239,239,19,19,19,52,52,52,70,70,70,70],"floor_reached":50,"playtime":2588,"items_purged":["Clumsy","Regret"],"score":499,"play_id":"19cea491-f2cc-478c-a86a-f10a33734c46","local_time":"20190215224322","is_ascension_mode":false,"campfire_choices":[{"data":"Slimebound:DivideAndConquer","floor":6,"key":"SMITH"},{"data":"Slimebound:Split","floor":8,"key":"SMITH"},{"floor":11,"key":"REST"},{"data":"Slimebound:Equalize","floor":13,"key":"SMITH"},{"data":"Slimebound:LivingWall","floor":15,"key":"SMITH"},{"floor":23,"key":"REST"},{"data":"Slimebound:AcidTongue","floor":27,"key":"SMITH"},{"data":"Slimebound:SelfFormingGoo","floor":32,"key":"SMITH"},{"floor":44,"key":"RECALL"},{"data":"Slimebound:LevelUp","floor":47,"key":"SMITH"},{"data":"Slimebound:ServeAndProtect","floor":49,"key":"SMITH"}],"neow_cost":"PERCENT_DAMAGE","seed_source_timestamp":125337899172870,"circlet_count":0,"master_deck":["Slimebound:Strike_Slimebound","Slimebound:Strike_Slimebound","Slimebound:Strike_Slimebound","Slimebound:Defend_Slimebound","Slimebound:Defend_Slimebound","Slimebound:Defend_Slimebound","Slimebound:Defend_Slimebound","Slimebound:Split+1","Slimebound:CorrosiveSpit","Slimebound:DivideAndConquer+1","Slimebound:Equalize+1","Slimebound:LivingWall+1","Slimebound:Equalize+1","PlatinumSkin","Slimebound:AcidTongue+1","Slimebound:DivideAndConquer","Slimebound:ServeAndProtect+1","Slimebound:LeechEnergy","Slimebound:SelfFormingGoo+1","Slimebound:LevelUp+1","The Bomb"],"relics":["Slimebound:AbsorbEndCombat","BlackRope","hubris:Teleporter","strawberrySpire:ElefentMask","Busted Crown","Shuriken","Ice Cream","Bag of Marbles","Tiny House","hubris:Icosahedron","SnailShell","strawberrySpire:Icefruit","strawberrySpire:BonfireDress"],"potions_floor_usage":[10,16,26,33,33,33,35,41,50],"damage_taken":[{"damage":6,"enemies":"Cultist","floor":1,"turns":4},{"damage":13,"enemies":"2 Louse","floor":2,"turns":3},{"damage":14,"enemies":"Jaw Worm","floor":3,"turns":4},{"damage":42,"enemies":"Gremlin Nob","floor":10,"turns":4},{"damage":36,"enemies":"3 Sentries","floor":12,"turns":7},{"damage":46,"enemies":"Slime Boss","floor":16,"turns":13},{"damage":38,"enemies":"3 Byrds","floor":18,"turns":5},{"damage":32,"enemies":"Spheric Guardian","floor":19,"turns":5},{"damage":60,"enemies":"Snecko","floor":21,"turns":7},{"damage":39,"enemies":"Centurion and Healer","floor":24,"turns":7},{"damage":21,"enemies":"Chosen and Byrds","floor":25,"turns":6},{"damage":23,"enemies":"Sentry and Sphere","floor":26,"turns":7},{"damage":48,"enemies":"Sentry and Sphere","floor":28,"turns":7},{"damage":33,"enemies":"Centurion and Healer","floor":31,"turns":7},{"damage":77,"enemies":"Champ","floor":33,"turns":11},{"damage":54,"enemies":"3 Darklings","floor":35,"turns":12},{"damage":66,"enemies":"Giant Head","floor":41,"turns":8},{"damage":29,"enemies":"Orb Walker","floor":43,"turns":8},{"damage":12,"enemies":"Orb Walker","floor":46,"turns":3},{"damage":105,"enemies":"Donu and Deca","floor":50,"turns":8}],"seed_played":"1958014422623916135","potions_obtained":[{"floor":3,"key":"AttackPotion"},{"floor":12,"key":"Poison Potion"},{"floor":16,"key":"FearPotion"},{"floor":18,"key":"Strength Potion"},{"floor":24,"key":"FearPotion"},{"floor":28,"key":"SpeedPotion"},{"floor":31,"key":"Poison Potion"},{"floor":34,"key":"Fruit Juice"},{"floor":46,"key":"Slimebound:SpawnSlimePotion"}],"is_trial":false,"path_per_floor":["M","M","M","?","$","R","?","R","T","E","R","E","R","$","R","B",null,"M","M","?","M","?","R","M","M","MIM","R","M","$","?","M","R","B",null,"M","?","$","$","R","E","MIM","R","?","M","R","R","B"],"character_chosen":"SLIMEBOUND","items_purchased":["BlackRope","PlatinumSkin","Ice Cream","Bag of Marbles","SnailShell","Slimebound:LevelUp"],"campfire_rested":2,"item_purchase_floors":[5,14,29,29,39,39],"current_hp_per_floor":[53,43,42,42,42,42,70,70,70,46,67,49,49,49,49,36,70,59,49,49,10,10,31,29,49,60,60,39,39,39,44,44,16,75,77,77,77,77,77,40,51,51,51,61,61,61,0],"gold":70,"neow_bonus":"TWO_FIFTY_GOLD","is_prod":false,"is_daily":false,"chose_seed":false,"campfire_upgraded":8,"win_rate":0,"timestamp":1550288602,"path_taken":["M","?","M","?","$","R","?","R","T","E","R","E","R","$","R","BOSS","M","?","?","M","?","R","?","M","MIM","R","M","$","?","M","R","BOSS","M","?","?","$","R","E","MIM","R","?","M","R","R","BOSS"],"build_version":"2019-01-23","purchased_purges":2,"victory":false,"max_hp_per_floor":[70,70,70,70,70,70,70,70,70,70,70,70,70,70,70,70,70,70,70,70,70,70,70,70,70,70,70,70,70,70,70,70,70,75,80,80,80,80,80,80,80,80,80,80,80,80,80],"card_choices":[{"not_picked":["Slimebound:SamplingLick","Slimebound:QuickStudy"],"picked":"Slimebound:SlimeTap","floor":1},{"not_picked":["Slimebound:LeechEnergy","Slimebound:GoopTackle"],"picked":"Slimebound:DivideAndConquer","floor":2},{"not_picked":["Slimebound:GoopTackle","Slimebound:FirmFortitude"],"picked":"Slimebound:Equalize","floor":3},{"not_picked":["Slimebound:VenomTackle","Slimebound:TongueLash"],"picked":"Slimebound:LivingWall","floor":10},{"not_picked":["Slimebound:SplitBruiser","Slimebound:SamplingLick"],"picked":"Slimebound:Equalize","floor":12},{"not_picked":["Slimebound:WasteNot","Slimebound:Overexert"],"picked":"Slimebound:AcidTongue","floor":16},{"not_picked":["Slimebound:HauntingLick"],"picked":"SKIP","floor":18},{"not_picked":[],"picked":"Slimebound:DivideAndConquer","floor":19},{"not_picked":["Slimebound:ViciousTackle"],"picked":"SKIP","floor":21},{"not_picked":[],"picked":"Slimebound:ServeAndProtect","floor":24},{"not_picked":["Slimebound:SplitBruiser"],"picked":"SKIP","floor":25},{"not_picked":[],"picked":"Slimebound:LeechEnergy","floor":26},{"not_picked":[],"picked":"Slimebound:SelfFormingGoo","floor":28},{"not_picked":["Slimebound:Grow"],"picked":"SKIP","floor":31},{"not_picked":["Slimebound:VenomTackle"],"picked":"SKIP","floor":35},{"not_picked":[],"picked":"The Bomb","floor":45},{"not_picked":["Slimebound:ComboTackle+1"],"picked":"SKIP","floor":46}],"player_experience":704863,"relics_obtained":[{"floor":10,"key":"hubris:Teleporter"},{"floor":12,"key":"strawberrySpire:ElefentMask"},{"floor":26,"key":"Shuriken"},{"floor":40,"key":"strawberrySpire:Icefruit"},{"floor":43,"key":"strawberrySpire:BonfireDress"}],"event_choices":[{"cards_removed":["Slimebound:SlimeTap"],"damage_healed":28,"gold_gain":0,"player_choice":"Offered Uncommon","damage_taken":0,"max_hp_gain":0,"max_hp_loss":0,"event_name":"Bonfire Elementals","floor":7,"gold_loss":0},{"damage_healed":0,"gold_gain":99,"player_choice":"Stole From Cult","damage_taken":0,"max_hp_gain":0,"max_hp_loss":0,"event_name":"Nest","floor":20,"gold_loss":0},{"damage_healed":0,"gold_gain":275,"player_choice":"Desecrate","damage_taken":0,"max_hp_gain":0,"max_hp_loss":0,"event_name":"Golden Shrine","floor":22,"gold_loss":0,"cards_obtained":["Regret"]},{"cards_removed":["Slimebound:Tackle"],"damage_healed":0,"gold_gain":0,"player_choice":"Card Removal","damage_taken":0,"max_hp_gain":0,"max_hp_loss":0,"event_name":"Wheel of Change","floor":30,"gold_loss":0},{"damage_healed":0,"gold_gain":0,"player_choice":"Memory 1","damage_taken":0,"max_hp_gain":0,"max_hp_loss":0,"event_name":"SensoryStone","floor":45,"gold_loss":0}],"is_beta":false,"boss_relics":[{"not_picked":["Ectoplasm","hubris:ScarierMask"],"picked":"Busted Crown"},{"not_picked":["Cursed Key","Empty Cage"],"picked":"Tiny House"}],"items_purged_floors":[5,29],"is_endless":false,"potions_floor_spawned":[3,12,16,18,24,28,31,46],"killed_by":"Donu and Deca","ascension_level":0}