{"gold_per_floor":[114,114,130,130,150,150,166,212,261,16,16,34,34,45,45,121,121,131,149,149,169,169,169,201,201,201,218,235,40,57,74,74,74],"floor_reached":33,"playtime":2090,"items_purged":[],"score":456,"play_id":"8a0e62b7-3d4a-4a79-a49f-fd0eb0a98dcd","local_time":"20180920135741","is_ascension_mode":true,"campfire_choices":[{"data":"Dualcast","floor":6,"key":"SMITH"},{"data":"Zap","floor":11,"key":"SMITH"},{"data":"Conserve Battery","floor":13,"key":"SMITH"},{"data":"Auto Shields","floor":15,"key":"SMITH"},{"data":"Electrodynamics","floor":23,"key":"SMITH"},{"floor":25,"key":"REST"},{"floor":32,"key":"REST"}],"neow_cost":"NONE","seed_source_timestamp":434882248945282,"circlet_count":0,"master_deck":["Strike_B","Strike_B","Strike_B","Strike_B","Defend_B","Defend_B","Defend_B","Zap+1","Dualcast+1","AscendersBane","Conserve Battery+1","Auto Shields+1","Cold Snap","Hologram+1","Electrodynamics+1","BootSequence","Reinforced Body","Apotheosis"],"relics":["Cracked Core","Blood Vial","Bag of Preparation","Bag of Marbles","Lantern","Singing Bowl","Sozu","Mango","Gambling Chip"],"potions_floor_usage":[12,16,24],"damage_taken":[{"damage":1,"enemies":"Jaw Worm","floor":1,"turns":4},{"damage":4,"enemies":"Small Slimes","floor":3,"turns":3},{"damage":0,"enemies":"2 Louse","floor":5,"turns":3},{"damage":2,"enemies":"Exordium Wildlife","floor":7,"turns":3},{"damage":1,"enemies":"Blue Slaver","floor":12,"turns":3},{"damage":0,"enemies":"Red Slaver","floor":14,"turns":3},{"damage":40,"enemies":"Hexaghost","floor":16,"turns":11},{"damage":3,"enemies":"3 Byrds","floor":18,"turns":6},{"damage":17,"enemies":"Spheric Guardian","floor":19,"turns":4},{"damage":3,"enemies":"Snecko","floor":21,"turns":6},{"damage":33,"enemies":"Book of Stabbing","floor":24,"turns":7},{"damage":0,"enemies":"Cultist and Chosen","floor":27,"turns":4},{"damage":13,"enemies":"Centurion and Healer","floor":28,"turns":7},{"damage":16,"enemies":"Snake Plant","floor":30,"turns":5},{"damage":0,"enemies":"Snecko","floor":31,"turns":6},{"damage":107,"enemies":"Champ","floor":33,"turns":21}],"seed_played":"7150308312444248488","potions_obtained":[{"floor":3,"key":"GamblersBrew"},{"floor":7,"key":"LiquidBronze"},{"floor":16,"key":"Poison Potion"}],"is_trial":false,"path_per_floor":["M","?","M","?","M","R","M","T","T","$","R","M","R","M","R","B",null,"M","M","?","M","?","R","E","R","T","M","M","$","M","M","R"],"character_chosen":"DEFECT","items_purchased":["Singing Bowl","Apotheosis"],"campfire_rested":2,"item_purchase_floors":[10,29],"current_hp_per_floor":[69,69,67,55,57,57,57,57,57,57,57,60,60,62,62,26,66,65,50,76,75,75,75,60,88,88,90,81,81,69,73,101,0],"gold":74,"neow_bonus":"RANDOM_COMMON_RELIC","is_prod":false,"is_daily":false,"chose_seed":false,"campfire_upgraded":5,"win_rate":0,"timestamp":1537444661,"path_taken":["M","?","M","?","?","R","?","?","T","?","R","M","R","M","R","BOSS","M","M","?","M","?","R","E","R","T","M","M","?","M","?","R","BOSS"],"build_version":"2018-09-06","purchased_purges":0,"victory":false,"max_hp_per_floor":[75,75,75,75,75,75,75,75,75,75,75,77,77,77,77,79,79,79,79,79,79,79,79,95,95,95,95,97,97,99,101,101,101],"card_choices":[{"not_picked":["Turbo","Streamline"],"picked":"Conserve Battery","floor":1},{"not_picked":["Beam Cell","Cold Snap"],"picked":"Auto Shields","floor":3},{"not_picked":["Turbo","Stack","Steam Power"],"picked":"SKIP","floor":5},{"not_picked":["Barrage","Leap","Blizzard"],"picked":"SKIP","floor":7},{"not_picked":["Leap","Compile Driver","Gash"],"picked":"Singing Bowl","floor":12},{"not_picked":["Turbo","Barrage"],"picked":"Cold Snap","floor":14},{"not_picked":["Biased Cognition","Thunder Strike","Reboot"],"picked":"Singing Bowl","floor":16},{"not_picked":["Barrage","Gash"],"picked":"Hologram+1","floor":18},{"not_picked":["Ball Lightning","Defragment"],"picked":"Electrodynamics","floor":19},{"not_picked":["Streamline","Compile Driver+1"],"picked":"BootSequence","floor":21},{"not_picked":["Storm","Heatsinks+1","Barrage+1"],"picked":"Singing Bowl","floor":24},{"not_picked":["Steam","Self Repair"],"picked":"Reinforced Body","floor":27},{"not_picked":["Stack","Aggregate","Rip and Tear"],"picked":"Singing Bowl","floor":28},{"not_picked":["Cold Snap","Chill","Coolheaded"],"picked":"Singing Bowl","floor":30},{"not_picked":["Leap","Sweeping Beam+1","Recycle+1"],"picked":"Singing Bowl","floor":31}],"player_experience":460466,"relics_obtained":[{"floor":8,"key":"Bag of Marbles"},{"floor":9,"key":"Lantern"},{"floor":24,"key":"Mango"},{"floor":26,"key":"Gambling Chip"}],"event_choices":[{"event_name":"Liars Game","player_choice":"disagreed","floor":2,"damage_taken":0},{"event_name":"Scrap Ooze","player_choice":"success","floor":4,"damage_taken":12},{"event_name":"The Library","player_choice":"Heal","floor":20,"damage_taken":0},{"event_name":"Back to Basics","player_choice":"Elegance","floor":22,"damage_taken":0}],"is_beta":false,"boss_relics":[{"not_picked":["Busted Crown","Coffee Dripper"],"picked":"Sozu"}],"items_purged_floors":[],"is_endless":false,"potions_floor_spawned":[3,7,16,24,27,30,31],"killed_by":"Champ","ascension_level":13}