{"gold_per_floor":[119,69,69,83,83,83,94,113,137,137,150,175,206,224,224,320,320,338,358,375,375,375],"floor_reached":22,"playtime":857,"items_purged":[],"score":238,"play_id":"edef2781-29f6-46ee-9a49-1575bcab5fd8","local_time":"20190215230810","is_ascension_mode":false,"campfire_choices":[{"data":"Slimebound:BestDefense","floor":10,"key":"SMITH"},{"floor":15,"key":"REST"}],"neow_cost":"NONE","seed_source_timestamp":128555488249046,"circlet_count":0,"master_deck":["Slimebound:Strike_Slimebound","Slimebound:Strike_Slimebound","Slimebound:Strike_Slimebound","Slimebound:Tackle","Slimebound:Defend_Slimebound","Slimebound:Defend_Slimebound","Slimebound:Defend_Slimebound","Slimebound:Defend_Slimebound","Slimebound:Split","Slimebound:BestDefense+1","Pain","Slimebound:GrowthPunch","Clumsy","Slimebound:VenomTackle","Slimebound:GrowthPunch","Slimebound:SamplingLick","Slimebound:SuperSplit","Slimebound:SuperSplit","Slimebound:SplitBruiser+1","Slimebound:SplitLeeching","Slimebound:CheckThePlaybook","Slimebound:Icky"],"relics":["Slimebound:AbsorbEndCombat","WarpedTongs","strawberrySpire:Fadefruit","SnailShell","hubris:DeckOfHolding","Snecko Eye"],"potions_floor_usage":[11,13,16],"damage_taken":[{"damage":17,"enemies":"Jaw Worm","floor":1,"turns":4},{"damage":13,"enemies":"2 Louse","floor":4,"turns":4},{"damage":10,"enemies":"Cultist","floor":7,"turns":3},{"damage":13,"enemies":"Looter","floor":8,"turns":2},{"damage":29,"enemies":"Exordium Wildlife","floor":11,"turns":4},{"damage":40,"enemies":"3 Sentries","floor":13,"turns":5},{"damage":5,"enemies":"3 Louse","floor":14,"turns":5},{"damage":23,"enemies":"Hexaghost","floor":16,"turns":10},{"damage":37,"enemies":"Spheric Guardian","floor":18,"turns":4},{"damage":40,"enemies":"Shell Parasite","floor":19,"turns":7},{"damage":42,"enemies":"Cultist and Chosen","floor":20,"turns":5},{"damage":44,"enemies":"Centurion and Healer","floor":22,"turns":3}],"seed_played":"5360370555739973635","potions_obtained":[{"floor":7,"key":"LiquidBronze"},{"floor":8,"key":"Explosive Potion"},{"floor":13,"key":"SpeedPotion"},{"floor":14,"key":"EssenceOfSteel"},{"floor":19,"key":"EssenceOfSteel"},{"floor":20,"key":"Swift Potion"}],"is_trial":false,"path_per_floor":["M","?","?","M","?","R","M","M","T","R","M","T","E","M","R","B",null,"M","M","M","?","M"],"character_chosen":"SLIMEBOUND","items_purchased":[],"campfire_rested":1,"item_purchase_floors":[],"current_hp_per_floor":[70,70,70,69,69,69,69,61,61,61,42,42,8,8,31,25,77,55,40,34,34,0],"gold":375,"neow_bonus":"TEN_PERCENT_HP_BONUS","is_prod":false,"is_daily":false,"chose_seed":false,"campfire_upgraded":1,"win_rate":0,"timestamp":1550290090,"path_taken":["M","?","?","?","?","R","M","M","T","R","M","?","E","M","R","BOSS","M","M","M","?","M"],"build_version":"2019-01-23","purchased_purges":0,"victory":false,"max_hp_per_floor":[77,77,77,77,77,77,77,77,77,77,77,77,77,77,77,77,77,77,77,77,77,77],"card_choices":[{"not_picked":["Slimebound:AcidGelatin","Slimebound:HauntingLick"],"picked":"Slimebound:BestDefense","floor":1},{"not_picked":["Slimebound:LeechingTouch","Slimebound:DivideAndConquer"],"picked":"Slimebound:GrowthPunch","floor":4},{"not_picked":["Slimebound:Lick","Slimebound:GoopSpray"],"picked":"Slimebound:VenomTackle","floor":7},{"not_picked":["Slimebound:LeechEnergy","Slimebound:PressTheAttack"],"picked":"Slimebound:GrowthPunch","floor":8},{"not_picked":["Slimebound:Lick","Slimebound:GoopSpray","Slimebound:SamplingLick"],"picked":"SKIP","floor":11},{"not_picked":["Slimebound:DivideAndConquer","Slimebound:SlimeTap"],"picked":"Slimebound:SamplingLick","floor":13},{"not_picked":["Slimebound:LeadByExample","Slimebound:ItLooksTasty"],"picked":"Slimebound:SuperSplit","floor":14},{"not_picked":["Slimebound:MassFeed","Slimebound:AcidTongue"],"picked":"Slimebound:SuperSplit","floor":16},{"not_picked":["Slimebound:SplitAcid","Slimebound:DisruptingSlam","Slimebound:GoopTackle"],"picked":"SKIP","floor":18},{"not_picked":["Slimebound:PressTheAttack+1","Slimebound:GoopSpray"],"picked":"Slimebound:SplitBruiser+1","floor":19},{"not_picked":["Slimebound:Replication","Slimebound:FlameTackle"],"picked":"Slimebound:SplitLeeching","floor":20}],"player_experience":707834,"relics_obtained":[{"floor":6,"key":"strawberrySpire:Fadefruit"},{"floor":12,"key":"SnailShell"},{"floor":13,"key":"hubris:DeckOfHolding"}],"event_choices":[{"cards_removed":["Slimebound:CorrosiveSpit"],"damage_healed":0,"gold_gain":0,"player_choice":"Card Removal","damage_taken":0,"max_hp_gain":0,"max_hp_loss":0,"event_name":"The Cleric","floor":2,"gold_loss":50},{"damage_healed":0,"gold_gain":0,"player_choice":"Rummage","damage_taken":0,"relics_obtained":["WarpedTongs"],"max_hp_gain":0,"max_hp_loss":0,"event_name":"Accursed Blacksmith","floor":3,"gold_loss":0,"cards_obtained":["Pain"]}],"is_beta":false,"boss_relics":[{"not_picked":["Busted Crown","Ectoplasm"],"picked":"Snecko Eye"}],"items_purged_floors":[],"is_endless":false,"potions_floor_spawned":[7,8,13,14,19,20],"killed_by":"Centurion and Healer","ascension_level":0}