{"gold_per_floor":[317,337,337,337,349,349,363,363,363,363,383,393,29,48,48,125,175,195,213,225,225],"floor_reached":21,"playtime":1031,"items_purged":["Strike_B"],"score":289,"play_id":"9563e803-8da5-4318-99b0-090bfe4cc7ab","local_time":"20180922032941","is_ascension_mode":true,"campfire_choices":[{"floor":6,"key":"REST"},{"data":"Streamline","floor":8,"key":"SMITH"},{"data":"Streamline","floor":15,"key":"SMITH"}],"neow_cost":"NO_GOLD","seed_source_timestamp":571061350256796,"circlet_count":0,"master_deck":["Strike_B+1","Strike_B","Strike_B+1","Defend_B+1","Defend_B","Defend_B+1","Defend_B+1","Zap","Dualcast","AscendersBane","BootSequence","Streamline+1","Compile Driver","Streamline+1","Gash+1","Rebound+1","Hyperbeam+1","Gash+1","Gash+1","Sunder+1","Double Energy+1"],"relics":["Cracked Core","Old Coin","Dodecahedron","War Paint","Molten Egg 2","Tiny House"],"potions_floor_usage":[7,16,18,19,19,20],"damage_taken":[{"damage":2,"enemies":"Jaw Worm","floor":1,"turns":4},{"damage":3,"enemies":"Small Slimes","floor":2,"turns":3},{"damage":0,"enemies":"2 Louse","floor":5,"turns":2},{"damage":0,"enemies":"Looter","floor":7,"turns":3},{"damage":0,"enemies":"2 Fungi Beasts","floor":11,"turns":3},{"damage":0,"enemies":"Blue Slaver","floor":12,"turns":3},{"damage":1,"enemies":"Looter","floor":14,"turns":3},{"damage":62,"enemies":"Hexaghost","floor":16,"turns":8},{"damage":16,"enemies":"Spheric Guardian","floor":18,"turns":4},{"damage":15,"enemies":"3 Byrds","floor":19,"turns":3},{"damage":12,"enemies":"Snecko","floor":20,"turns":5},{"damage":27,"enemies":"Colosseum Slavers","floor":21,"turns":4}],"seed_played":"4171197357222414810","potions_obtained":[{"floor":1,"key":"LiquidBronze"},{"floor":5,"key":"Energy Potion"},{"floor":17,"key":"EntropicBrew"},{"floor":19,"key":"GamblersBrew"}],"is_trial":false,"path_per_floor":["M","M","?","?","M","R","M","R","T","T","M","M","$","M","R","B",null,"M","M","M"],"character_chosen":"DEFECT","items_purchased":["Molten Egg 2","Gash+1"],"campfire_rested":1,"item_purchase_floors":[13,13],"current_hp_per_floor":[66,63,48,48,48,70,70,70,70,70,70,70,70,69,69,7,63,47,32,20,0],"gold":225,"neow_bonus":"ONE_RARE_RELIC","is_prod":false,"is_daily":false,"chose_seed":false,"campfire_upgraded":2,"win_rate":0,"timestamp":1537579781,"path_taken":["M","M","?","?","M","R","M","R","T","?","M","M","$","M","R","BOSS","M","M","M","?"],"build_version":"2018-09-20","purchased_purges":1,"victory":false,"max_hp_per_floor":[75,75,75,75,75,75,75,75,75,75,75,75,75,75,75,75,80,80,80,80,80],"card_choices":[{"not_picked":["Blizzard","Heatsinks"],"picked":"BootSequence","floor":1},{"not_picked":["Sweeping Beam","Fusion","Stack"],"picked":"SKIP","floor":2},{"not_picked":["Hologram","Reprogram"],"picked":"Streamline","floor":5},{"not_picked":["Turbo","Leap"],"picked":"Compile Driver","floor":7},{"not_picked":["Redo","Turbo","Scrape"],"picked":"SKIP","floor":11},{"not_picked":["Steam","Sweeping Beam"],"picked":"Streamline","floor":12},{"not_picked":["Leap","Cold Snap+1"],"picked":"Rebound+1","floor":14},{"not_picked":["Multi-Cast","Biased Cognition"],"picked":"Hyperbeam+1","floor":16},{"not_picked":["Conserve Battery","Streamline+1"],"picked":"Gash+1","floor":17},{"not_picked":["Turbo","Skim"],"picked":"Gash+1","floor":18},{"not_picked":["Reprogram","Undo"],"picked":"Sunder+1","floor":19},{"not_picked":["Turbo","Sweeping Beam+1"],"picked":"Double Energy+1","floor":20}],"player_experience":510875,"relics_obtained":[{"floor":9,"key":"Dodecahedron"},{"floor":10,"key":"War Paint"}],"event_choices":[{"event_name":"Shining Light","player_choice":"Entered Light","floor":3,"damage_taken":0},{"event_name":"Liars Game","player_choice":"disagreed","floor":4,"damage_taken":0},{"event_name":"Colosseum","player_choice":"Fight","floor":21,"damage_taken":0}],"is_beta":false,"boss_relics":[{"not_picked":["Runic Pyramid","Orrery"],"picked":"Tiny House"}],"items_purged_floors":[13],"is_endless":false,"potions_floor_spawned":[1,5,19],"killed_by":"Colosseum Slavers","ascension_level":13}