{"gold_per_floor":[112,171,171,196,196,196,221,221,244,258,298,312,312,333,333,453,453,472,492,512,141,154,154,170,170,170,234,66,66,104,104,104,227,227,245,245,327,341,356,356,381,421,421,421,442,456,469,492,492,492],"floor_reached":50,"playtime":1778,"items_purged":["Strike_R","Strike_R"],"score":593,"play_id":"f94ec4a2-66af-409f-acd2-2d10bf46053a","local_time":"20181117191326","is_ascension_mode":false,"campfire_choices":[{"data":"Bash","floor":6,"key":"SMITH"},{"data":"Immolate","floor":8,"key":"SMITH"},{"data":"Double Tap","floor":15,"key":"SMITH"},{"data":"Pummel","floor":23,"key":"SMITH"},{"data":"Inflame","floor":29,"key":"SMITH"},{"data":"Feed","floor":32,"key":"SMITH"},{"floor":40,"key":"REST"},{"floor":44,"key":"REST"},{"floor":49,"key":"REST"}],"neow_cost":"PERCENT_DAMAGE","seed_source_timestamp":180614860550598,"circlet_count":0,"master_deck":["Strike_R","Strike_R","Defend_R","Defend_R","Defend_R","Defend_R","Bash+1","Immolate+1","Injury","Headbutt","Double Tap+1","Pummel+1","Battle Trance+1","Sword Boomerang+1","Feed+1","Inflame+1","Limit Break","Pommel Strike+1","Shrug It Off+1","Inflame+1","Shrug It Off+1"],"relics":["Burning Blood","Golden Idol","Boot","Potion Belt","Mark of Pain","Bronze Scales","Omamori","Turnip","Tiny Chest","Pen Nib","Black Star","Frozen Egg 2","Girya","Charon\u0027s Ashes","PreservedInsect"],"potions_floor_usage":[11,16,16,19,22,33,39,42,46,47,50,50,50],"damage_taken":[{"damage":7,"enemies":"Jaw Worm","floor":1,"turns":4},{"damage":0,"enemies":"2 Louse","floor":4,"turns":2},{"damage":5,"enemies":"Cultist","floor":7,"turns":4},{"damage":4,"enemies":"Large Slime","floor":10,"turns":4},{"damage":0,"enemies":"3 Sentries","floor":11,"turns":3},{"damage":0,"enemies":"2 Fungi Beasts","floor":12,"turns":1},{"damage":2,"enemies":"Blue Slaver","floor":14,"turns":2},{"damage":58,"enemies":"The Guardian","floor":16,"turns":11},{"damage":0,"enemies":"3 Byrds","floor":18,"turns":3},{"damage":10,"enemies":"Spheric Guardian","floor":19,"turns":3},{"damage":0,"enemies":"Snecko","floor":20,"turns":2},{"damage":16,"enemies":"Snake Plant","floor":22,"turns":2},{"damage":10,"enemies":"Cultist and Chosen","floor":24,"turns":3},{"damage":0,"enemies":"Gremlin Leader","floor":27,"turns":3},{"damage":32,"enemies":"Slavers","floor":30,"turns":2},{"damage":22,"enemies":"Collector","floor":33,"turns":4},{"damage":15,"enemies":"Orb Walker","floor":35,"turns":2},{"damage":19,"enemies":"3 Shapes","floor":38,"turns":2},{"damage":18,"enemies":"Sphere and 2 Shapes","floor":39,"turns":3},{"damage":0,"enemies":"Jaw Worm Horde","floor":41,"turns":2},{"damage":84,"enemies":"Nemesis","floor":42,"turns":5},{"damage":21,"enemies":"Spire Growth","floor":45,"turns":3},{"damage":10,"enemies":"3 Darklings","floor":46,"turns":3},{"damage":0,"enemies":"Transient","floor":47,"turns":5},{"damage":9,"enemies":"Jaw Worm Horde","floor":48,"turns":2},{"damage":61,"enemies":"Time Eater","floor":50,"turns":4}],"seed_played":"6032060545181563395","potions_obtained":[{"floor":4,"key":"SteroidPotion"},{"floor":7,"key":"Energy Potion"},{"floor":11,"key":"Weak Potion"},{"floor":14,"key":"Poison Potion"},{"floor":16,"key":"FearPotion"},{"floor":19,"key":"EssenceOfSteel"},{"floor":22,"key":"Fire Potion"},{"floor":27,"key":"SkillPotion"},{"floor":33,"key":"PowerPotion"},{"floor":35,"key":"FearPotion"},{"floor":39,"key":"Strength Potion"},{"floor":41,"key":"Swift Potion"},{"floor":45,"key":"AttackPotion"}],"is_trial":false,"path_per_floor":["M","?","?","M","?","R","M","R","T","M","E","M","?","M","R","B",null,"M","M","M","$","M","R","M","?","T","E","$","R","E","?","R","B",null,"M","?","T","M","M","R","M","E","T","R","M","M","M","M","R","B"],"character_chosen":"IRONCLAD","items_purchased":["Feed","Bronze Scales","Inflame"],"campfire_rested":3,"item_purchase_floors":[21,21,28],"current_hp_per_floor":[55,55,55,61,61,61,62,62,62,64,70,76,76,80,80,28,80,80,76,80,80,70,70,69,69,69,75,75,75,49,76,76,64,87,82,82,82,69,61,89,95,17,17,45,30,26,32,29,57,0],"gold":492,"neow_bonus":"THREE_RARE_CARDS","is_prod":false,"is_daily":false,"chose_seed":false,"campfire_upgraded":6,"win_rate":0,"timestamp":1542510806,"path_taken":["M","?","?","?","?","R","M","R","T","M","E","M","?","M","R","BOSS","M","M","M","$","?","R","M","?","T","E","$","R","E","?","R","BOSS","M","?","?","M","M","R","M","E","T","R","M","?","?","M","R","BOSS"],"build_version":"2018-11-15","purchased_purges":2,"victory":false,"max_hp_per_floor":[80,80,80,80,80,80,80,80,80,80,80,80,80,80,80,80,80,80,80,80,80,80,80,83,83,83,83,83,83,83,83,83,87,87,91,91,91,91,95,95,95,95,95,95,95,95,95,95,95,95],"card_choices":[{"not_picked":["Brutality","Limit Break"],"picked":"Immolate","floor":0},{"not_picked":["True Grit","Carnage","Hemokinesis"],"picked":"SKIP","floor":1},{"not_picked":["Warcry","Flex"],"picked":"Headbutt","floor":4},{"not_picked":["Warcry","Heavy Blade","Perfected Strike"],"picked":"SKIP","floor":7},{"not_picked":["Havoc","Perfected Strike"],"picked":"Double Tap","floor":10},{"not_picked":["Heavy Blade","Corruption","Power Through"],"picked":"SKIP","floor":11},{"not_picked":["Bloodletting","Power Through","Evolve"],"picked":"SKIP","floor":12},{"not_picked":["Power Through","Flex","Wild Strike"],"picked":"SKIP","floor":14},{"not_picked":["Second Wind","Warcry"],"picked":"Battle Trance+1","floor":18},{"not_picked":["Hemokinesis+1","Flex","True Grit"],"picked":"SKIP","floor":19},{"not_picked":["Clothesline","Heavy Blade+1"],"picked":"Sword Boomerang+1","floor":20},{"not_picked":["Warcry","Anger","Headbutt+1"],"picked":"SKIP","floor":22},{"not_picked":["Perfected Strike","Havoc+1","Heavy Blade+1"],"picked":"SKIP","floor":24},{"not_picked":["Barricade","Burning Pact","Cleave"],"picked":"SKIP","floor":27},{"not_picked":["Wild Strike","Heavy Blade+1","Perfected Strike"],"picked":"SKIP","floor":30},{"not_picked":["Double Tap","Demon Form"],"picked":"Limit Break","floor":33},{"not_picked":["Thunderclap+1","Havoc"],"picked":"Pommel Strike+1","floor":35},{"not_picked":["Body Slam","Exhume","Pommel Strike+1"],"picked":"SKIP","floor":38},{"not_picked":["Flex+1","Entrench","Sword Boomerang+1"],"picked":"SKIP","floor":39},{"not_picked":["Twin Strike","Second Wind"],"picked":"Shrug It Off+1","floor":41},{"not_picked":["Havoc+1","Disarm+1","Clash"],"picked":"SKIP","floor":42},{"not_picked":["Bloodletting","Sword Boomerang"],"picked":"Inflame+1","floor":45},{"not_picked":["Body Slam+1","Clothesline","True Grit+1"],"picked":"SKIP","floor":46},{"not_picked":["Thunderclap+1","Berserk+1","Clash"],"picked":"SKIP","floor":47},{"not_picked":["Reckless Charge","True Grit"],"picked":"Shrug It Off+1","floor":48}],"player_experience":542443,"relics_obtained":[{"floor":9,"key":"Boot"},{"floor":11,"key":"Potion Belt"},{"floor":26,"key":"Turnip"},{"floor":27,"key":"Tiny Chest"},{"floor":30,"key":"Pen Nib"},{"floor":37,"key":"Frozen Egg 2"},{"floor":42,"key":"Girya"},{"floor":42,"key":"Charon\u0027s Ashes"},{"floor":43,"key":"PreservedInsect"}],"event_choices":[{"damage_healed":0,"gold_gain":59,"player_choice":"Gained Gold","damage_taken":0,"max_hp_gain":0,"max_hp_loss":0,"event_name":"Golden Wing","floor":2,"gold_loss":0},{"damage_healed":0,"gold_gain":0,"player_choice":"Take Wound","damage_taken":0,"relics_obtained":["Golden Idol"],"max_hp_gain":0,"max_hp_loss":0,"event_name":"Golden Idol","floor":3,"gold_loss":0,"cards_obtained":["Injury"]},{"damage_healed":0,"gold_gain":0,"player_choice":"Ignored","damage_taken":0,"max_hp_gain":0,"max_hp_loss":0,"event_name":"Liars Game","floor":5,"gold_loss":0},{"damage_healed":0,"gold_gain":0,"cards_transformed":["Strike_R"],"player_choice":"Transformed","damage_taken":0,"max_hp_gain":0,"max_hp_loss":0,"event_name":"Transmorgrifier","floor":13,"gold_loss":0,"cards_obtained":["Pummel"]},{"damage_healed":0,"gold_gain":0,"player_choice":"Opened","damage_taken":0,"relics_obtained":["Omamori"],"max_hp_gain":0,"max_hp_loss":0,"event_name":"The Mausoleum","floor":25,"gold_loss":0},{"damage_healed":27,"gold_gain":0,"player_choice":"Heal","damage_taken":0,"max_hp_gain":0,"max_hp_loss":0,"event_name":"The Library","floor":31,"gold_loss":0},{"damage_healed":0,"gold_gain":0,"player_choice":"Ignored","damage_taken":0,"max_hp_gain":0,"max_hp_loss":0,"event_name":"Tomb of Lord Red Mask","floor":36,"gold_loss":0}],"is_beta":false,"boss_relics":[{"not_picked":["Velvet Choker","Runic Cube"],"picked":"Mark of Pain"},{"not_picked":["Snecko Eye","Orrery"],"picked":"Black Star"}],"items_purged_floors":[21,28],"is_endless":false,"potions_floor_spawned":[4,7,11,14,16,19,22,27,33,35,39,41,45],"killed_by":"Time Eater","ascension_level":0}