{"path_per_floor":["M","M","$","?","M","E","$","R","T","E","R","M","?","M","R","B",null,"M","?","M","M","M","R","E","R","T","$","R","M","?","E","R","B",null,"M","?","?","?","$","E","R","E","T","M","M","E","R","M","R","B"],"character_chosen":"DEFECT","items_purchased":["Defragment","Coolheaded","Capacitor"],"gold_per_floor":[17,34,34,109,127,155,83,83,83,111,111,122,122,137,137,237,237,237,237,237,237,237,237,237,237,237,119,119,119,119,119,119,119,119,119,119,119,0,0,0,0,0,0,0,0,0,0,0,0,0],"floor_reached":51,"campfire_rested":3,"playtime":2946,"item_purchase_floors":[7,27,27],"current_hp_per_floor":[88,88,88,77,72,71,71,71,71,47,47,47,47,40,66,68,89,89,89,80,77,59,59,30,56,56,56,56,64,47,37,65,57,94,94,94,94,94,94,94,94,85,85,104,104,102,102,86,86,78],"items_purged":[],"gold":0,"score":936,"play_id":"feb6e801-f53f-43a3-ad5d-332953b5998c","local_time":"20180529195322","is_prod":false,"is_daily":false,"chose_seed":false,"is_ascension_mode":true,"campfire_upgraded":7,"win_rate":0,"timestamp":1527648802,"campfire_choices":[{"data":"Defragment","floor":8,"key":"SMITH"},{"data":"Zap","floor":11,"key":"SMITH"},{"floor":15,"key":"REST"},{"data":"Machine Learning","floor":23,"key":"SMITH"},{"floor":25,"key":"REST"},{"data":"Chaos","floor":28,"key":"SMITH"},{"floor":32,"key":"REST"},{"data":"Rainbow","floor":41,"key":"SMITH"},{"data":"Capacitor","floor":47,"key":"SMITH"},{"data":"Capacitor","floor":49,"key":"SMITH"}],"path_taken":["M","M","?","?","M","E","$","R","T","E","R","?","?","M","R","BOSS","M","?","M","M","M","R","E","R","T","$","R","M","?","E","R","BOSS","M","?","?","?","$","E","R","E","T","?","M","E","R","M","R","BOSS"],"build_version":"2018-05-28","seed_source_timestamp":91983189484881,"purchased_purges":0,"victory":true,"master_deck":["Strike_B","Strike_B","Strike_B","Strike_B","Defend_B","Defend_B","Defend_B","Defend_B","Zap+1","Dualcast","Leap","Glacier","Coolheaded","Defragment+1","Cold Snap","Ball Lightning","Normality","Core Surge","Machine Learning+1","Chaos+1","Leap","Ball Lightning","Capacitor+1","Self Repair+1","Coolheaded","Capacitor+1","Ball Lightning+1","Rainbow+1","Defragment+1","Blind","Sweeping Beam","Stack","Writhe","White Noise","Barrage+1"],"max_hp_per_floor":[89,89,89,89,89,89,89,89,89,89,89,89,89,89,89,89,89,89,89,89,89,89,89,89,89,89,89,89,89,94,94,94,94,94,94,94,94,94,94,94,94,104,104,104,104,104,104,104,104,104],"relics":["Cracked Core","Ginger","Du-Vu Doll","Bird Faced Urn","Happy Flower","Ectoplasm","Smiling Mask","Question Card","Tiny Chest","Cursed Key","Red Mask","Frozen Egg 2","Pear","Lantern","Art of War"],"card_choices":[{"not_picked":["Rip and Tear","Rebound"],"picked":"Leap","floor":1},{"not_picked":["Sweeping Beam","Barrage"],"picked":"Glacier","floor":2},{"not_picked":["Redo","Stack"],"picked":"Coolheaded","floor":5},{"not_picked":["Fusion","Steam"],"picked":"Streamline","floor":6},{"not_picked":["Compile Driver","Coolheaded"],"picked":"Cold Snap","floor":10},{"not_picked":["Force Field","Go for the Eyes"],"picked":"Ball Lightning","floor":12},{"not_picked":["Go for the Eyes","Rebound"],"picked":"Core Surge","floor":14},{"not_picked":["Multi-Cast","Buffer"],"picked":"Machine Learning","floor":16},{"not_picked":["Sweeping Beam","Rip and Tear+1"],"picked":"Chaos","floor":18},{"not_picked":["Streamline","Cold Snap"],"picked":"Leap","floor":20},{"not_picked":["Streamline","Auto Shields"],"picked":"Ball Lightning","floor":21},{"not_picked":["Rebound","Chill"],"picked":"Capacitor","floor":22},{"not_picked":["Leap+1","Coolheaded"],"picked":"Self Repair+1","floor":24},{"not_picked":["Steam","Biased Cognition","Sweeping Beam","Turbo"],"picked":"SKIP","floor":29},{"not_picked":["Rebound","Beam Cell+1","Redo"],"picked":"Ball Lightning+1","floor":31},{"not_picked":["Seek","Creative AI","Thunder Strike"],"picked":"Rainbow","floor":33},{"not_picked":["Coolheaded+1","Auto Shields","Chill"],"picked":"Defragment+1","floor":35},{"not_picked":["Panacea","Dark Shackles","Trip"],"picked":"Blind","floor":37},{"not_picked":["Rebound+1","Go for the Eyes+1","Skim+1"],"picked":"Sweeping Beam","floor":40},{"not_picked":["Genetic Algorithm","Darkness","Ball Lightning+1"],"picked":"Stack","floor":42},{"not_picked":["Sunder+1","Redo+1","BootSequence"],"picked":"White Noise","floor":44},{"not_picked":["Leap+1","Coolheaded+1","Rebound+1"],"picked":"Barrage+1","floor":45},{"not_picked":["Fusion","Static Discharge+1","Double Energy+1","Steam+1"],"picked":"SKIP","floor":46},{"not_picked":["Genetic Algorithm+1","Static Discharge+1","Cold Snap","Steam Power"],"picked":"SKIP","floor":48}],"player_experience":133893,"potions_floor_usage":[16,18,24,24,31,42,45,50,50,50],"damage_taken":[{"damage":1,"enemies":"Cultist","floor":1,"turns":4},{"damage":0,"enemies":"Small Slimes","floor":2,"turns":3},{"damage":5,"enemies":"2 Louse","floor":5,"turns":3},{"damage":1,"enemies":"3 Sentries","floor":6,"turns":13},{"damage":24,"enemies":"Gremlin Nob","floor":10,"turns":5},{"damage":0,"enemies":"Exordium Wildlife","floor":12,"turns":2},{"damage":7,"enemies":"2 Fungi Beasts","floor":14,"turns":3},{"damage":0,"enemies":"Slime Boss","floor":16,"turns":5},{"damage":0,"enemies":"Chosen","floor":18,"turns":3},{"damage":13,"enemies":"3 Byrds","floor":20,"turns":5},{"damage":7,"enemies":"Snake Plant","floor":21,"turns":4},{"damage":20,"enemies":"Centurion and Healer","floor":22,"turns":5},{"damage":50,"enemies":"Book of Stabbing","floor":24,"turns":6},{"damage":12,"enemies":"Sentry and Sphere","floor":29,"turns":6},{"damage":30,"enemies":"Slavers","floor":31,"turns":7},{"damage":28,"enemies":"Automaton","floor":33,"turns":11},{"damage":3,"enemies":"3 Shapes","floor":35,"turns":6},{"damage":9,"enemies":"Giant Head","floor":40,"turns":11},{"damage":32,"enemies":"2 Orb Walkers","floor":42,"turns":4},{"damage":0,"enemies":"Flame Bruiser 1 Orb","floor":44,"turns":7},{"damage":1,"enemies":"Maw","floor":45,"turns":7},{"damage":12,"enemies":"Giant Head","floor":46,"turns":9},{"damage":19,"enemies":"3 Darklings","floor":48,"turns":4},{"damage":41,"enemies":"Time Eater","floor":50,"turns":10}],"relics_obtained":[{"floor":6,"key":"Ginger"},{"floor":9,"key":"Du-Vu Doll"},{"floor":10,"key":"Bird Faced Urn"},{"floor":24,"key":"Smiling Mask"},{"floor":26,"key":"Question Card"},{"floor":31,"key":"Tiny Chest"},{"floor":40,"key":"Frozen Egg 2"},{"floor":42,"key":"Pear"},{"floor":43,"key":"Lantern"},{"floor":46,"key":"Art of War"}],"event_choices":[{"event_name":"World of Goop","player_choice":"Gather Gold","floor":4,"damage_taken":0},{"event_name":"Accursed Blacksmith","player_choice":"Rummage","floor":13,"damage_taken":0},{"event_name":"Drug Dealer","player_choice":"Ignored","floor":19,"damage_taken":0},{"event_name":"Forgotten Altar","player_choice":"Shed Blood","floor":30,"damage_taken":0},{"event_name":"SensoryStone","player_choice":"Memory 1","floor":37,"damage_taken":0},{"event_name":"Tomb of Lord Red Mask","player_choice":"Paid","floor":38,"damage_taken":0}],"boss_relics":[{"not_picked":["Runic Dome","Runic Pyramid"],"picked":"Ectoplasm"},{"not_picked":["White Beast Statue","Inserter"],"picked":"Cursed Key"}],"items_purged_floors":[],"potions_floor_spawned":[1,5,10,21,22,33,42,44,45,48],"seed_played":"-7199505821949396406","ascension_level":2,"potions_obtained":[{"floor":1,"key":"Regen Potion"},{"floor":5,"key":"Strength Potion"},{"floor":10,"key":"Fire Potion"},{"floor":21,"key":"AttackPotion"},{"floor":22,"key":"EssenceOfSteel"},{"floor":33,"key":"Regen Potion"},{"floor":42,"key":"Ancient Potion"},{"floor":44,"key":"Fire Potion"},{"floor":45,"key":"PowerPotion"},{"floor":48,"key":"GamblersBrew"}],"is_trial":false}