{"gold_per_floor":[115,115,27,39,52,82,82,117,163,190,190,205,219,252,252,326,326,345,270,281,300,316,316,366,378,378,378,378,378,394,13,13,87,87,98,108,108,108,122,122,122],"floor_reached":41,"playtime":2611,"items_purged":["Decay"],"score":825,"play_id":"c5139692-0ef7-469f-a147-46fbb346172d","local_time":"20190319084523","is_ascension_mode":true,"campfire_choices":[{"floor":7,"key":"REST"},{"floor":11,"key":"REST"},{"floor":15,"key":"REST"},{"floor":23,"key":"REST"},{"floor":27,"key":"REST"},{"floor":29,"key":"REST"},{"data":"Defragment","floor":32,"key":"SMITH"},{"floor":40,"key":"REST"}],"neow_cost":"NONE","seed_source_timestamp":100200990882573,"circlet_count":0,"master_deck":["AscendersBane","Defend_B","Defend_B","Defend_B","Defend_B","Zap","Dualcast","Defragment+1","Coolheaded","Lockon+1","Go for the Eyes+1","Seek","Loop","Conserve Battery","Ball Lightning+1","Cold Snap+1","Conserve Battery","Core Surge+1","Sweeping Beam+1","Buffer","Defragment","Compile Driver+1","Meteor Strike+1","Lockon+1","Steam Power+1","BootSequence+1","Darkness+1"],"relics":["Cracked Core","Molten Egg 2","Happy Flower","Omamori","Bag of Marbles","Darkstone Periapt","Anchor","Calling Bell","Art of War","Singing Bowl","Torii","Bottled Tornado","Cables","Astrolabe"],"potions_floor_usage":[6,10,14,16,21,30,33,41],"damage_taken":[{"damage":2,"enemies":"Cultist","floor":1,"turns":4},{"damage":4,"enemies":"Small Slimes","floor":4,"turns":3},{"damage":0,"enemies":"2 Louse","floor":5,"turns":2},{"damage":27,"enemies":"3 Sentries","floor":6,"turns":7},{"damage":19,"enemies":"Gremlin Nob","floor":8,"turns":4},{"damage":20,"enemies":"Lagavulin","floor":10,"turns":5},{"damage":0,"enemies":"Large Slime","floor":12,"turns":2},{"damage":4,"enemies":"Blue Slaver","floor":13,"turns":2},{"damage":29,"enemies":"Gremlin Nob","floor":14,"turns":4},{"damage":1,"enemies":"Hexaghost","floor":16,"turns":8},{"damage":11,"enemies":"Spheric Guardian","floor":18,"turns":4},{"damage":21,"enemies":"2 Thieves","floor":20,"turns":4},{"damage":15,"enemies":"Chosen and Byrds","floor":21,"turns":6},{"damage":20,"enemies":"Snake Plant","floor":22,"turns":4},{"damage":16,"enemies":"3 Cultists","floor":25,"turns":5},{"damage":12,"enemies":"Sentry and Sphere","floor":30,"turns":6},{"damage":32,"enemies":"Champ","floor":33,"turns":12},{"damage":0,"enemies":"3 Shapes","floor":35,"turns":4},{"damage":43,"enemies":"3 Darklings","floor":36,"turns":9},{"damage":30,"enemies":"4 Shapes","floor":39,"turns":7},{"damage":77,"enemies":"Reptomancer","floor":41,"turns":3}],"seed_played":"-2747894729598902402","potions_obtained":[{"floor":4,"key":"LiquidBronze"},{"floor":5,"key":"AttackPotion"},{"floor":12,"key":"Weak Potion"},{"floor":13,"key":"LiquidBronze"},{"floor":16,"key":"EssenceOfSteel"},{"floor":18,"key":"Energy Potion"},{"floor":22,"key":"Strength Potion"},{"floor":39,"key":"Weak Potion"}],"is_trial":false,"path_per_floor":["M","T","$","M","M","E","R","E","T","E","R","M","M","E","R","B",null,"M","?","M","M","M","R","?","M","T","R","?","R","M","$","R","B",null,"M","M","?","?","M","R","E"],"character_chosen":"DEFECT","items_purchased":["Lockon+1","Compile Driver+1","Cables"],"campfire_rested":7,"item_purchase_floors":[3,31,31],"current_hp_per_floor":[62,62,62,58,58,31,52,33,33,13,34,34,30,1,22,21,65,54,54,35,22,4,28,28,12,12,36,42,68,56,56,56,24,73,75,34,76,76,46,68,0],"gold":122,"neow_bonus":"TRANSFORM_CARD","is_prod":false,"is_daily":false,"chose_seed":false,"campfire_upgraded":1,"win_rate":0,"timestamp":1553003123,"path_taken":["M","?","$","M","M","E","R","E","T","E","R","M","M","E","R","BOSS","M","?","M","M","M","R","?","M","T","R","?","R","M","$","R","BOSS","M","M","?","?","M","R","E"],"build_version":"2019-01-23","purchased_purges":1,"victory":false,"max_hp_per_floor":[71,71,71,71,71,71,71,71,71,71,71,71,71,71,71,71,77,77,77,79,81,83,83,83,83,83,83,89,89,89,89,89,89,89,91,93,76,76,76,76,76],"card_choices":[{"not_picked":["Gash","Turbo"],"picked":"Coolheaded","floor":1},{"not_picked":["Recycle","Turbo"],"picked":"Beam Cell+1","floor":4},{"not_picked":["Coolheaded","Cold Snap+1"],"picked":"Go for the Eyes+1","floor":5},{"not_picked":["Coolheaded","Cold Snap+1"],"picked":"Seek","floor":6},{"not_picked":["Streamline+1","Hologram"],"picked":"Loop","floor":8},{"not_picked":["Hologram","Stack"],"picked":"Conserve Battery","floor":10},{"not_picked":["Streamline+1","Barrage+1"],"picked":"Ball Lightning+1","floor":12},{"not_picked":["Beam Cell+1","Darkness"],"picked":"Cold Snap+1","floor":13},{"not_picked":["Gash+1","Barrage+1"],"picked":"Conserve Battery","floor":14},{"not_picked":["Hyperbeam+1","Fission"],"picked":"Core Surge+1","floor":16},{"not_picked":["Steam+1","Rebound+1"],"picked":"Sweeping Beam+1","floor":18},{"not_picked":["Hologram","Beam Cell+1","Double Energy"],"picked":"Singing Bowl","floor":20},{"not_picked":["Recycle","Reprogram","Cold Snap+1"],"picked":"Singing Bowl","floor":21},{"not_picked":["Stack","Go for the Eyes+1","Steam"],"picked":"Singing Bowl","floor":22},{"not_picked":["Aggregate+1","Barrage+1"],"picked":"Buffer","floor":25},{"not_picked":["Stack","Turbo"],"picked":"Defragment","floor":30},{"not_picked":["Rainbow","Fission"],"picked":"Meteor Strike+1","floor":33},{"not_picked":["Steam","Melter+1","Sweeping Beam+1"],"picked":"Singing Bowl","floor":35},{"not_picked":["Gash+1","Compile Driver+1","Turbo+1"],"picked":"Singing Bowl","floor":36},{"not_picked":["Stack+1","FTL+1"],"picked":"Darkness+1","floor":39}],"player_experience":615561,"relics_obtained":[{"floor":2,"key":"Molten Egg 2"},{"floor":6,"key":"Happy Flower"},{"floor":8,"key":"Omamori"},{"floor":9,"key":"Bag of Marbles"},{"floor":10,"key":"Darkstone Periapt"},{"floor":14,"key":"Anchor"},{"floor":17,"key":"Art of War"},{"floor":17,"key":"Singing Bowl"},{"floor":17,"key":"Torii"},{"floor":26,"key":"Bottled Tornado"}],"event_choices":[{"cards_removed":["Shame"],"damage_healed":0,"gold_gain":0,"player_choice":"Gave Gold","damage_taken":0,"max_hp_gain":0,"max_hp_loss":0,"event_name":"Beggar","floor":19,"gold_loss":75},{"damage_healed":0,"gold_gain":50,"player_choice":"Stole From Cult","damage_taken":0,"max_hp_gain":0,"max_hp_loss":0,"event_name":"Nest","floor":24,"gold_loss":0},{"damage_healed":0,"gold_gain":0,"player_choice":"Smashed Altar","damage_taken":0,"max_hp_gain":0,"max_hp_loss":0,"event_name":"Forgotten Altar","floor":28,"gold_loss":0,"cards_obtained":["Decay"]},{"damage_healed":76,"gold_gain":0,"player_choice":"Heal","damage_taken":0,"max_hp_gain":0,"max_hp_loss":17,"event_name":"The Moai Head","floor":37,"gold_loss":0},{"cards_removed":["Beam Cell"],"damage_healed":0,"gold_gain":0,"player_choice":"Removed Attack","damage_taken":0,"max_hp_gain":0,"max_hp_loss":0,"event_name":"Falling","floor":38,"gold_loss":0}],"is_beta":false,"boss_relics":[{"not_picked":["Pandora\u0027s Box","Inserter"],"picked":"Calling Bell"},{"not_picked":["FrozenCore","Coffee Dripper"],"picked":"Astrolabe"}],"items_purged_floors":[31],"is_endless":false,"potions_floor_spawned":[4,5,12,13,16,18,22,25,39],"killed_by":"Reptomancer","ascension_level":19}