{"gold_per_floor":[112,112,127,8,8,41,55,130,130,146,146,146,71,101,101,205,205,215,81,81,69,69,104,104,104],"floor_reached":25,"playtime":1075,"items_purged":["Defend_B","Strike_B"],"score":352,"play_id":"08c0db0d-6bde-45cf-9321-6482f99368ff","local_time":"20190131205539","is_ascension_mode":true,"campfire_choices":[{"floor":12,"key":"REST"},{"data":"Zap","floor":15,"key":"SMITH"},{"floor":24,"key":"REST"}],"neow_cost":"NONE","seed_source_timestamp":1142264556539310,"circlet_count":0,"master_deck":["AscendersBane","Strike_B","Strike_B","Defend_B","Defend_B","Defend_B","Zap+1","Dualcast","Conserve Battery","Capacitor","Sweeping Beam","Conserve Battery","Glacier","Rainbow","Doom and Gloom","Chill","Conserve Battery+1"],"relics":["Cracked Core","Blood Vial","Turnip","Singing Bowl","Incense Burner","Cables","Black Star","GremlinMask","Nloth\u0027s Gift","FossilizedHelix","Shuriken"],"potions_floor_usage":[6,16,23,23],"damage_taken":[{"damage":1,"enemies":"Cultist","floor":1,"turns":3},{"damage":2,"enemies":"Jaw Worm","floor":3,"turns":3},{"damage":34,"enemies":"Gremlin Nob","floor":6,"turns":5},{"damage":0,"enemies":"2 Louse","floor":7,"turns":3},{"damage":2,"enemies":"Blue Slaver","floor":10,"turns":4},{"damage":16,"enemies":"Lagavulin","floor":14,"turns":9},{"damage":29,"enemies":"The Guardian","floor":16,"turns":20},{"damage":9,"enemies":"Shell Parasite","floor":18,"turns":6},{"damage":15,"enemies":"2 Thieves","floor":21,"turns":4},{"damage":39,"enemies":"Book of Stabbing","floor":23,"turns":7},{"damage":38,"enemies":"Slavers","floor":25,"turns":3}],"seed_played":"-1364084240538926376","potions_obtained":[{"floor":3,"key":"LiquidBronze"},{"floor":14,"key":"EssenceOfSteel"},{"floor":18,"key":"Explosive Potion"},{"floor":21,"key":"Explosive Potion"},{"floor":23,"key":"GamblersBrew"}],"is_trial":false,"path_per_floor":["M","?","M","$","?","E","M","?","T","M","T","R","$","E","R","B",null,"M","$","?","M","?","E","R","E"],"character_chosen":"DEFECT","items_purchased":["Capacitor","Sweeping Beam","Chill"],"campfire_rested":2,"item_purchase_floors":[4,4,19],"current_hp_per_floor":[69,69,69,69,62,32,34,23,23,23,23,46,46,34,34,7,61,54,54,54,43,43,6,30,0],"gold":104,"neow_bonus":"RANDOM_COMMON_RELIC","is_prod":false,"is_daily":false,"chose_seed":false,"campfire_upgraded":1,"win_rate":0,"timestamp":1548996939,"path_taken":["M","?","?","$","?","E","M","?","T","M","?","R","$","E","R","BOSS","M","$","?","?","?","E","R","E"],"build_version":"2019-01-23","purchased_purges":2,"victory":false,"max_hp_per_floor":[75,75,75,75,75,77,77,77,77,77,77,77,77,79,79,79,79,79,79,79,81,81,81,81,81],"card_choices":[{"not_picked":["Beam Cell","Turbo"],"picked":"Compile Driver","floor":1},{"not_picked":["Compile Driver","Rebound"],"picked":"Conserve Battery","floor":3},{"not_picked":["Rebound","Turbo","Compile Driver"],"picked":"Singing Bowl","floor":6},{"not_picked":["Stack","Thunder Strike"],"picked":"Conserve Battery","floor":7},{"not_picked":["Redo","Compile Driver"],"picked":"Glacier","floor":10},{"not_picked":["BootSequence","Steam Power","Steam"],"picked":"Singing Bowl","floor":14},{"not_picked":["All For One","Multi-Cast"],"picked":"Rainbow","floor":16},{"not_picked":["Cold Snap","Compile Driver"],"picked":"Doom and Gloom","floor":18},{"not_picked":["Cold Snap+1","Stack","Gash"],"picked":"Singing Bowl","floor":21},{"not_picked":["Sweeping Beam","Capacitor+1"],"picked":"Conserve Battery+1","floor":23}],"player_experience":617133,"relics_obtained":[{"floor":6,"key":"Singing Bowl"},{"floor":9,"key":"Incense Burner"},{"floor":11,"key":"Cables"},{"floor":14,"key":"Art of War"},{"floor":23,"key":"FossilizedHelix"},{"floor":23,"key":"Shuriken"}],"event_choices":[{"cards_removed":["Compile Driver"],"damage_healed":0,"gold_gain":0,"player_choice":"Gave Card","damage_taken":0,"relics_obtained":["Turnip"],"max_hp_gain":0,"max_hp_loss":0,"event_name":"WeMeetAgain","floor":2,"gold_loss":0},{"cards_removed":["Strike_B"],"damage_healed":0,"gold_gain":0,"player_choice":"Card Removal","damage_taken":7,"max_hp_gain":0,"max_hp_loss":0,"event_name":"Golden Wing","floor":5,"gold_loss":0},{"damage_healed":0,"gold_gain":75,"player_choice":"Gather Gold","damage_taken":11,"max_hp_gain":0,"max_hp_loss":0,"event_name":"World of Goop","floor":8,"gold_loss":0},{"damage_healed":0,"gold_gain":0,"player_choice":"Trade","damage_taken":0,"relics_obtained":["GremlinMask"],"max_hp_gain":0,"max_hp_loss":0,"event_name":"FaceTrader","floor":20,"gold_loss":0},{"damage_healed":0,"gold_gain":0,"player_choice":"Traded Relic","damage_taken":0,"relics_obtained":["Nloth\u0027s Gift"],"max_hp_gain":0,"max_hp_loss":0,"event_name":"N\u0027loth","floor":22,"relics_lost":["Art of War"],"gold_loss":0}],"is_beta":false,"boss_relics":[{"not_picked":["Coffee Dripper","Calling Bell"],"picked":"Black Star"}],"items_purged_floors":[13,19],"is_endless":false,"potions_floor_spawned":[3,14,18,21,23],"killed_by":"Slavers","ascension_level":11}