{"gold_per_floor":[113,113,127,138,51,51,79,99,124,150,300,300,327,327,327,399,399,413,426,45,63,63,63,82,82,82,82,97,112,124,140,140,140],"floor_reached":33,"playtime":2427,"items_purged":["Strike_B"],"score":525,"play_id":"a2099293-1ab1-4ec8-aa47-fddc4aecc557","local_time":"20190325200203","is_ascension_mode":true,"campfire_choices":[{"data":"Dualcast","floor":6,"key":"SMITH"},{"floor":12,"key":"REST"},{"floor":15,"key":"REST"},{"floor":23,"key":"REST"},{"floor":25,"key":"REST"},{"floor":32,"key":"REST"}],"neow_cost":"NONE","seed_source_timestamp":67644334318987,"circlet_count":0,"master_deck":["AscendersBane","Strike_B","Strike_B","Defend_B+1","Defend_B","Defend_B+1","Defend_B","Zap","Dualcast+1","Melter","Streamline","Self Repair","Gash","FTL","Conserve Battery","Seek","Injury","Injury","Ball Lightning","Auto Shields","Sweeping Beam","Sunder","White Noise","White Noise","Creative AI"],"relics":["Cracked Core","War Paint","Vajra","Blood Vial","Omamori","Lantern","Calling Bell","Happy Flower","Shuriken","Du-Vu Doll","Oddly Smooth Stone","Mercury Hourglass","MutagenicStrength"],"potions_floor_usage":[10,28,29,30,33],"damage_taken":[{"damage":0,"enemies":"2 Louse","floor":1,"turns":2},{"damage":0,"enemies":"Cultist","floor":3,"turns":3},{"damage":0,"enemies":"Jaw Worm","floor":4,"turns":3},{"damage":39,"enemies":"3 Sentries","floor":7,"turns":10},{"damage":0,"enemies":"3 Louse","floor":8,"turns":3},{"damage":24,"enemies":"Lagavulin","floor":10,"turns":6},{"damage":28,"enemies":"Gremlin Nob","floor":13,"turns":4},{"damage":52,"enemies":"Slime Boss","floor":16,"turns":12},{"damage":27,"enemies":"Chosen","floor":18,"turns":5},{"damage":0,"enemies":"Spheric Guardian","floor":19,"turns":2},{"damage":37,"enemies":"Centurion and Healer","floor":21,"turns":5},{"damage":33,"enemies":"Snake Plant","floor":24,"turns":3},{"damage":4,"enemies":"Snecko","floor":28,"turns":3},{"damage":16,"enemies":"Centurion and Healer","floor":29,"turns":4},{"damage":25,"enemies":"Cultist and Chosen","floor":30,"turns":5},{"damage":5,"enemies":"Sentry and Sphere","floor":31,"turns":3},{"damage":49,"enemies":"Automaton","floor":33,"turns":5}],"seed_played":"1102493545057350171","potions_obtained":[{"floor":1,"key":"SkillPotion"},{"floor":7,"key":"Dexterity Potion"},{"floor":21,"key":"Energy Potion"},{"floor":28,"key":"Dexterity Potion"},{"floor":29,"key":"FocusPotion"},{"floor":31,"key":"PowerPotion"}],"is_trial":false,"path_per_floor":["M","?","M","M","$","R","E","M","T","E","?","R","E","?","R","B",null,"M","M","$","M","$","R","M","R","T","?","M","M","M","M","R","B"],"character_chosen":"DEFECT","items_purchased":["Self Repair","Oddly Smooth Stone","Sweeping Beam","Sunder"],"campfire_rested":5,"item_purchase_floors":[5,20,20,20],"current_hp_per_floor":[71,71,71,71,71,71,39,46,46,31,31,54,35,35,58,15,62,44,46,46,18,18,41,17,40,40,40,38,31,15,19,42,0],"gold":140,"neow_bonus":"TEN_PERCENT_HP_BONUS","is_prod":false,"is_daily":false,"chose_seed":false,"campfire_upgraded":1,"win_rate":0,"timestamp":1553540523,"path_taken":["M","?","?","M","$","R","E","?","T","E","?","R","E","?","R","BOSS","M","?","$","M","?","R","M","R","T","?","M","M","M","M","R","BOSS"],"build_version":"2019-01-23","purchased_purges":1,"victory":false,"max_hp_per_floor":[78,78,78,78,78,78,78,78,78,78,78,78,78,78,78,78,78,78,78,78,78,78,78,78,78,78,78,78,78,78,78,78,78],"card_choices":[{"not_picked":["Fusion","Sweeping Beam"],"picked":"Melter","floor":1},{"not_picked":["Leap","Tempest","Lockon"],"picked":"SKIP","floor":3},{"not_picked":["Stack","Coolheaded"],"picked":"Streamline","floor":4},{"not_picked":["Chaos","Conserve Battery"],"picked":"Gash","floor":7},{"not_picked":["Sweeping Beam","Beam Cell"],"picked":"FTL","floor":8},{"not_picked":["Amplify","Leap","Barrage"],"picked":"SKIP","floor":10},{"not_picked":["Turbo","Aggregate"],"picked":"Conserve Battery","floor":13},{"not_picked":["Thunder Strike","Multi-Cast"],"picked":"Seek","floor":16},{"not_picked":["Loop","Rip and Tear"],"picked":"Ball Lightning","floor":18},{"not_picked":["Steam","Conserve Battery"],"picked":"Auto Shields","floor":19},{"not_picked":["Turbo","Melter","Compile Driver"],"picked":"SKIP","floor":21},{"not_picked":["Beam Cell","Rebound"],"picked":"White Noise","floor":24},{"not_picked":["Stack","Redo","Leap"],"picked":"SKIP","floor":28},{"not_picked":["Cold Snap","Auto Shields"],"picked":"White Noise","floor":29},{"not_picked":["Capacitor+1","Reprogram"],"picked":"Creative AI","floor":30},{"not_picked":["Barrage","Steam+1","Ball Lightning"],"picked":"SKIP","floor":31}],"player_experience":780598,"relics_obtained":[{"floor":7,"key":"Vajra"},{"floor":9,"key":"Blood Vial"},{"floor":10,"key":"Omamori"},{"floor":13,"key":"Lantern"},{"floor":17,"key":"Happy Flower"},{"floor":17,"key":"Shuriken"},{"floor":17,"key":"Du-Vu Doll"},{"floor":26,"key":"Mercury Hourglass"}],"event_choices":[{"damage_healed":0,"gold_gain":0,"player_choice":"Gave Potion","damage_taken":0,"relics_obtained":["War Paint"],"max_hp_gain":0,"max_hp_loss":0,"event_name":"WeMeetAgain","floor":2,"gold_loss":0},{"damage_healed":0,"gold_gain":150,"player_choice":"AGREE","damage_taken":0,"max_hp_gain":0,"max_hp_loss":0,"event_name":"Liars Game","floor":11,"gold_loss":0,"cards_obtained":["Doubt"]},{"cards_removed":["Strike_B"],"damage_healed":0,"gold_gain":0,"player_choice":"Purged","damage_taken":0,"max_hp_gain":0,"max_hp_loss":0,"event_name":"Purifier","floor":14,"gold_loss":0},{"damage_healed":0,"gold_gain":0,"player_choice":"Inject Mutagens","damage_taken":0,"relics_obtained":["MutagenicStrength"],"max_hp_gain":0,"max_hp_loss":0,"event_name":"Drug Dealer","floor":27,"gold_loss":0}],"is_beta":false,"boss_relics":[{"not_picked":["Busted Crown","Philosopher\u0027s Stone"],"picked":"Calling Bell"}],"items_purged_floors":[20],"is_endless":false,"potions_floor_spawned":[1,7,21,28,29,31],"killed_by":"Automaton","ascension_level":19}