{"path_per_floor":["M","M","$","T","?","R","$","R","T","M","$","?","E","?","R","B",null,"M","M","?","?","?","E","R","M","T","M","M","E","R","$","R","B",null,"M","?","M","?","M","R","M","M","T","E","M","R","$","M","R","B"],"character_chosen":"IRONCLAD","items_purchased":["Whirlwind","Flex","Pummel"],"gold_per_floor":[112,126,38,119,119,119,5,5,84,107,7,7,47,47,47,175,175,175,115,40,40,40,40,40,40,40,40,40,40,40,40,40,40,40,40,40,40,40,40,40,40,40,40,40,40,40,40,40,40,40],"floor_reached":51,"campfire_rested":0,"playtime":4754,"current_hp_per_floor":[78,80,80,80,60,60,60,60,60,66,66,66,57,57,57,54,80,80,66,66,66,50,55,55,61,61,62,62,67,67,67,67,39,80,80,80,80,80,76,76,53,46,46,52,54,54,54,56,56,49],"items_purged":["Strike_R","Strike_R"],"gold":40,"play_id":"64cc0312-7943-4ebb-8957-6d0463b1b108","is_prod":false,"is_daily":false,"campfire_rituals":0,"campfire_upgraded":9,"is_hardmode":false,"path_taken":["M","M","$","?","?","R","$","R","T","M","$","?","E","?","R","BOSS","M","M","?","?","?","E","R","?","T","M","M","E","R","$","R","BOSS","M","?","M","?","M","R","M","M","T","E","M","R","$","M","R","BOSS"],"build_version":"2018-01-11-PROD2","purchased_purges":3,"victory":true,"master_deck":["Strike_R","Strike_R","Strike_R","Defend_R","Defend_R","Defend_R","Flame Barrier","Armaments","Whirlwind","Flex","Pummel","Pummel","Shrug It Off","Demon Form","Pummel","Dark Shackles","Warcry","Burning Pact","Flex","Seeing Red","Thunderclap","Offering","Warcry","Mind Blast","Seeing Red","Whirlwind","Pommel Strike","Shrug It Off"],"max_hp_per_floor":[80,80,80,80,80,80,80,80,80,80,80,80,80,80,80,80,80,80,80,80,80,80,80,80,80,80,80,80,80,80,80,80,80,80,80,80,80,80,80,80,80,80,80,80,80,80,80,80,80,80],"relics":["Burning Blood","Meat on the Bone","Golden Idol","Pantograph","Gremlin Horn","Ectoplasm","Vajra","Lantern","Toolbox","Mark of Pain","Champion Belt","Ancient Tea Set"],"campfire_meditates":0,"card_choices":[{"not_picked":["Pommel Strike","Clash"],"picked":"Flame Barrier"},{"not_picked":["Rage","Sword Boomerang"],"picked":"Armaments"},{"not_picked":["Power Through","Headbutt"],"picked":"Pummel"},{"not_picked":["Bludgeon","Barricade"],"picked":"Demon Form"},{"not_picked":["Hemokinesis","Sever Soul"],"picked":"Pummel"},{"not_picked":["Thunderclap","Blood for Blood"],"picked":"Warcry"},{"not_picked":["Hemokinesis","Searing Blow"],"picked":"Burning Pact"},{"not_picked":["Bloodletting","Iron Wave"],"picked":"Flex"},{"not_picked":["Shockwave","Dual Wield"],"picked":"Seeing Red"},{"not_picked":["Cleave","Combust"],"picked":"Thunderclap"},{"not_picked":["Brutality","Berserk"],"picked":"Offering"},{"not_picked":["True Grit","Thunderclap"],"picked":"Warcry"},{"not_picked":["Combust","Pommel Strike"],"picked":"Seeing Red"},{"not_picked":["Anger","Body Slam"],"picked":"Whirlwind"},{"not_picked":["Flame Barrier","Warcry"],"picked":"Pommel Strike"},{"not_picked":["Feed","Twin Strike"],"picked":"Shrug It Off"}],"player_experience":5420,"potions_floor_usage":[25,27,27,29,33,42,42],"damage_taken":[{"damage":8,"enemies":"Blue Slaver","floor":1,"turns":6},{"damage":0,"enemies":"2 Louse","floor":2,"turns":3},{"damage":0,"enemies":"Cultist","floor":10,"turns":4},{"damage":27,"enemies":"3 Sentries","floor":13,"turns":5},{"damage":32,"enemies":"The Guardian","floor":16,"turns":13},{"damage":0,"enemies":"3 Byrds","floor":18,"turns":3},{"damage":20,"enemies":"2 Thieves","floor":19,"turns":3},{"damage":13,"enemies":"Book of Stabbing","floor":23,"turns":5},{"damage":0,"enemies":"Snecko","floor":25,"turns":3},{"damage":20,"enemies":"Snake Plant","floor":27,"turns":6},{"damage":6,"enemies":"Slaver and Parasite","floor":28,"turns":5},{"damage":1,"enemies":"Gremlin Leader","floor":29,"turns":7},{"damage":59,"enemies":"Automaton","floor":33,"turns":9},{"damage":0,"enemies":"3 Darklings","floor":35,"turns":1},{"damage":3,"enemies":"3 Shapes","floor":37,"turns":1},{"damage":10,"enemies":"3 Darklings","floor":39,"turns":3},{"damage":29,"enemies":"Sphere and 2 Shapes","floor":41,"turns":3},{"damage":25,"enemies":"Maw","floor":42,"turns":6},{"damage":0,"enemies":"2 Orb Walkers","floor":44,"turns":1},{"damage":4,"enemies":"3 Darklings","floor":45,"turns":1},{"damage":4,"enemies":"Sphere and 2 Shapes","floor":48,"turns":1},{"damage":49,"enemies":"Awakened One","floor":50,"turns":8}],"event_choices":[{"event_name":"Golden Idol","player_choice":"Take Damage","floor":5,"damage_taken":0},{"event_name":"Purifier","player_choice":"One Purge","floor":12,"damage_taken":0},{"event_name":"Match and Keep!","player_choice":"1 cards matched","floor":14,"damage_taken":0},{"event_name":"Beggar","player_choice":"Gave Gold","floor":20,"damage_taken":0},{"event_name":"The Mausoleum","player_choice":"No","floor":21,"damage_taken":0},{"event_name":"Knowing Skull","player_choice":"CARD ","floor":22,"damage_taken":0},{"event_name":"The Moai Head","player_choice":"Ignored","floor":36,"damage_taken":0},{"event_name":"Match and Keep!","player_choice":"1 cards matched","floor":38,"damage_taken":0}],"boss_relics":[{"not_picked":["Question Card","Snecko Eye"],"picked":"Ectoplasm"},{"not_picked":["Eternal Feather","Runic Cube"],"picked":"Mark of Pain"}],"potions_floor_spawned":[2,16,18,25,27,29,33,35,39,42],"seed_played":"-1401579097288029554","is_trial":false}