{"gold_per_floor":[111,121,135,85,97,97,130,130,130,162,162,238,253,269,269,364,364,379,396,414,65,76,76,95,95,95,95,22,22,22,45,45,45],"floor_reached":33,"playtime":2391,"items_purged":[],"score":358,"play_id":"d3423e5a-cfeb-4a33-8c3d-b7a8c11865b1","local_time":"20180725221144","is_ascension_mode":true,"campfire_choices":[{"data":"Body Slam","floor":6,"key":"SMITH"},{"data":"True Grit","floor":8,"key":"SMITH"},{"data":"Rampage","floor":11,"key":"SMITH"},{"data":"Metallicize","floor":15,"key":"SMITH"},{"floor":23,"key":"DIG"},{"floor":25,"key":"DIG"},{"floor":29,"key":"DIG"},{"floor":32,"key":"DIG"}],"neow_cost":"NONE","seed_source_timestamp":0,"circlet_count":0,"master_deck":["Strike_R","Strike_R","Strike_R","Strike_R","Defend_R","Defend_R","Defend_R","Defend_R","Bash","Reaper","Body Slam+1","Metallicize+1","Seeing Red","Impervious","True Grit+1","Rampage+1","Second Wind+1","Intimidate+1","Offering+1","Havoc+1","Warcry+1","Shrug It Off+1","Body Slam+1","Armaments+1","True Grit+1"],"special_seed":0,"relics":["Burning Blood","Mango","Sundial","Dead Branch","Toxic Egg 2","Runic Dome","Shovel","Happy Flower","Unceasing Top","Bottled Lightning","Vajra","Strawberry","Ice Cream"],"potions_floor_usage":[10,33],"damage_taken":[{"damage":0.0,"enemies":"2 Louse","floor":1.0,"turns":3.0},{"damage":1.0,"enemies":"Small Slimes","floor":2.0,"turns":4.0},{"damage":9.0,"enemies":"Jaw Worm","floor":3.0,"turns":6.0},{"damage":16,"enemies":"Gremlin Gang","floor":5,"turns":9},{"damage":21,"enemies":"3 Sentries","floor":7,"turns":14},{"damage":15,"enemies":"Gremlin Nob","floor":10,"turns":5},{"damage":15,"enemies":"Large Slime","floor":13,"turns":8},{"damage":7,"enemies":"Lots of Slimes","floor":14,"turns":4},{"damage":5,"enemies":"Slime Boss","floor":16,"turns":8},{"damage":5,"enemies":"3 Byrds","floor":18,"turns":5},{"damage":14,"enemies":"Spheric Guardian","floor":19,"turns":3},{"damage":5,"enemies":"Snecko","floor":20,"turns":5},{"damage":13,"enemies":"Snake Plant","floor":22,"turns":3},{"damage":5,"enemies":"3 Cultists","floor":24,"turns":4},{"damage":101,"enemies":"Champ","floor":33,"turns":8}],"seed_played":"7259115444407456898","potions_obtained":[{"floor":2.0,"key":"Weak Potion"},{"floor":13,"key":"BloodPotion"},{"floor":16,"key":"BloodPotion"},{"floor":20,"key":"Strength Potion"},{"floor":22,"key":"SneckoOil"}],"is_trial":false,"path_per_floor":["M","M","M","?","M","R","E","R","T","E","R","T","M","M","R","B",null,"M","M","M","$","M","R","M","R","T","?","$","R","?","T","R"],"character_chosen":"IRONCLAD","items_purchased":["Shovel","Shrug It Off+1","Armaments+1","True Grit+1"],"campfire_rested":0,"item_purchase_floors":[21,21,28,28],"current_hp_per_floor":[80,80,77,77,73,73,80,80,80,71,71,71,70,89,89,90,97,97,93,97,97,96,96,100,100,100,100,100,100,80,87,87,0],"gold":45,"neow_bonus":"ONE_RANDOM_RARE_CARD","is_prod":false,"is_daily":false,"chose_seed":false,"campfire_upgraded":4,"win_rate":0,"timestamp":1532581904,"path_taken":["M","M","M","?","M","R","E","R","T","E","R","?","M","M","R","BOSS","M","?","M","$","M","R","M","R","T","?","?","R","?","?","R","BOSS"],"build_version":"2018-07-19v2","purchased_purges":0,"victory":false,"max_hp_per_floor":[80,80,80,80,80,80,94,94,94,94,94,94,97,97,97,97,97,97,97,100,100,100,100,100,100,100,100,100,100,105,112,112,112],"card_choices":[{"not_picked":["Seeing Red","Shrug It Off"],"picked":"Body Slam","floor":1.0},{"not_picked":["Iron Wave","Clothesline"],"picked":"Metallicize","floor":2.0},{"not_picked":["Twin Strike","Heavy Blade"],"picked":"Seeing Red","floor":3},{"not_picked":["Clash","Twin Strike"],"picked":"Impervious","floor":5},{"not_picked":["Heavy Blade","Reaper"],"picked":"True Grit","floor":7},{"not_picked":["Clash","Twin Strike"],"picked":"Rampage","floor":10},{"not_picked":["Clash","Anger"],"picked":"Second Wind+1","floor":13},{"not_picked":["Ghostly Armor+1","Iron Wave"],"picked":"Intimidate+1","floor":14},{"not_picked":["Immolate","Impervious+1"],"picked":"Offering+1","floor":16},{"not_picked":["Heavy Blade+1","Clash+1"],"picked":"Havoc+1","floor":18},{"not_picked":["Clash","Iron Wave","Immolate"],"picked":"SKIP","floor":19},{"not_picked":["Headbutt+1","Heavy Blade"],"picked":"Warcry+1","floor":20},{"not_picked":["Clash","Cleave","Sword Boomerang+1"],"picked":"SKIP","floor":22},{"not_picked":["Headbutt","Cleave+1"],"picked":"Body Slam+1","floor":24}],"player_experience":187346,"relics_obtained":[{"floor":7,"key":"Mango"},{"floor":9,"key":"Sundial"},{"floor":10,"key":"Dead Branch"},{"floor":12,"key":"Toxic Egg 2"},{"floor":23,"key":"Happy Flower"},{"floor":25,"key":"Unceasing Top"},{"floor":26,"key":"Bottled Lightning"},{"floor":29,"key":"Vajra"},{"floor":31,"key":"Strawberry"},{"floor":32,"key":"Ice Cream"}],"event_choices":[{"event_name":"The Cleric","player_choice":"Card Removal","floor":4,"damage_taken":0},{"event_name":"Vampires","player_choice":"Ignored","floor":27,"damage_taken":0},{"event_name":"Forgotten Altar","player_choice":"Shed Blood","floor":30,"damage_taken":0}],"is_beta":false,"boss_relics":[{"not_picked":["Pandora\u0027s Box","Busted Crown"],"picked":"Runic Dome"}],"items_purged_floors":[],"is_endless":false,"potions_floor_spawned":[2,13,16,20,22],"killed_by":"Champ","ascension_level":4}