{"path_per_floor":["M","M","M","$","?","R","?","E","T","R","E","?","M","E","R","B",null,"M","$","M","?","M","R","E","R","T","E","?","R","M","?","R","B",null,"M","$","M","M","?","E","R","E","T","?","T","M","R","E","R","B"],"character_chosen":"IRONCLAD","items_purchased":["Rampage","Shrug It Off","Inflame","Fire Potion","Headbutt","Toxic Egg 2"],"gold_per_floor":[118,137,151,6,6,6,33,63,88,88,113,113,125,152,152,226,226,238,3,17,17,31,31,61,61,143,202,202,202,221,221,221,298,298,310,28,46,64,64,91,91,118,418,418,445,464,464,495,495,495],"floor_reached":51,"campfire_rested":2,"playtime":2353,"current_hp_per_floor":[70,75,69,69,69,69,67,46,46,46,34,34,39,39,61,60,71,74,74,67,51,45,45,37,59,59,46,37,37,37,37,37,37,37,37,37,37,37,37,37,37,25,25,25,27,33,33,38,38,12],"items_purged":["Defend_R","Clash"],"gold":495,"score":1552,"play_id":"6fa54795-ab27-4769-b770-377f753d6f58","local_time":"20180412170416","is_prod":false,"is_daily":false,"is_ascension_mode":true,"campfire_upgraded":8,"timestamp":1523545456,"path_taken":["M","M","M","$","?","R","?","E","T","R","E","?","?","E","R","BOSS","M","$","M","?","M","R","E","R","T","E","?","R","M","?","R","BOSS","M","$","M","M","?","E","R","E","T","?","?","?","R","E","R","BOSS"],"build_version":"2018-04-05v2","purchased_purges":3,"victory":true,"master_deck":["Strike_R","Strike_R","Strike_R","Strike_R","Defend_R","Defend_R","Defend_R","Bash+1","AscendersBane","Clothesline+1","Rampage+1","Flame Barrier+1","Demon Form+1","True Grit+1","Sword Boomerang+1","Corruption+1","Impervious","Shrug It Off","Inflame+1","Impervious","Battle Trance+1","Shrug It Off","Evolve+1","Ghostly","Ghostly","Ghostly","Ghostly","Ghostly","Feel No Pain+1","Offering+1","Heavy Blade+1","Headbutt+1","True Grit+1","Second Wind+1","Shockwave+1","Flame Barrier+1"],"max_hp_per_floor":[75,75,75,75,75,75,75,75,75,75,75,75,75,75,75,75,75,75,75,75,75,75,75,75,75,75,75,37,37,37,37,37,37,37,37,37,37,37,37,37,37,37,37,37,39,39,39,41,41,41],"relics":["Black Blood","Odd Mushroom","Ginger","Bronze Scales","War Paint","Dream Catcher","Velvet Choker","Enchiridion","Art of War","Molten Egg 2","Tiny Chest","Toxic Egg 2","Prayer Wheel","Pen Nib","Old Coin","Singing Bowl","Gambling Chip"],"card_choices":[{"not_picked":["Havoc","Burning Pact"],"picked":"Clash","floor":1},{"not_picked":["Evolve","Wild Strike"],"picked":"Clothesline","floor":2},{"not_picked":["Heavy Blade","Shrug It Off"],"picked":"Flame Barrier","floor":7},{"not_picked":["Shrug It Off","Sever Soul"],"picked":"Demon Form","floor":8},{"not_picked":["Uppercut","Havoc"],"picked":"True Grit","floor":11},{"not_picked":["Iron Wave","Shrug It Off"],"picked":"Sword Boomerang","floor":14},{"not_picked":["Intimidate","Clash"],"picked":"Corruption","floor":15},{"not_picked":["Juggernaut","Brutality"],"picked":"Impervious","floor":16},{"not_picked":["Metallicize","Headbutt"],"picked":"Impervious","floor":20},{"not_picked":["Reckless Charge","Havoc"],"picked":"Battle Trance","floor":24},{"not_picked":["Havoc","Twin Strike"],"picked":"Shrug It Off","floor":25},{"not_picked":["Reckless Charge","Battle Trance"],"picked":"Evolve","floor":27},{"not_picked":["Flex","Carnage"],"picked":"Feel No Pain","floor":30},{"not_picked":["Double Tap","Demon Form"],"picked":"Offering","floor":33},{"not_picked":["Clash","Clothesline"],"picked":"Heavy Blade","floor":35},{"not_picked":["Demon Form","Fire Breathing"],"picked":"True Grit","floor":40},{"not_picked":["Anger","Bloodletting"],"picked":"Second Wind","floor":42},{"not_picked":["Combust","Sentinel"],"picked":"Shockwave","floor":43},{"not_picked":["Perfected Strike","Anger"],"picked":"Flame Barrier","floor":46}],"player_experience":299238,"potions_floor_usage":[7,7,14,14,16,27,50,50,50],"damage_taken":[{"damage":4,"enemies":"2 Louse","floor":1,"turns":3},{"damage":1,"enemies":"Cultist","floor":2,"turns":3},{"damage":12,"enemies":"Small Slimes","floor":3,"turns":3},{"damage":8,"enemies":"The Mushroom Lair","floor":7,"turns":3},{"damage":27,"enemies":"3 Sentries","floor":8,"turns":7},{"damage":18,"enemies":"Lagavulin","floor":11,"turns":6},{"damage":1,"enemies":"3 Louse","floor":13,"turns":2},{"damage":6,"enemies":"Gremlin Nob","floor":14,"turns":5},{"damage":7,"enemies":"The Guardian","floor":16,"turns":6},{"damage":3,"enemies":"Shell Parasite","floor":18,"turns":5},{"damage":13,"enemies":"2 Thieves","floor":20,"turns":4},{"damage":12,"enemies":"Centurion and Healer","floor":22,"turns":8},{"damage":14,"enemies":"Gremlin Leader","floor":24,"turns":6},{"damage":19,"enemies":"Book of Stabbing","floor":27,"turns":5},{"damage":6,"enemies":"Snecko","floor":30,"turns":5},{"damage":0,"enemies":"Champ","floor":33,"turns":9},{"damage":7,"enemies":"Orb Walker","floor":35,"turns":5},{"damage":8,"enemies":"3 Darklings","floor":37,"turns":5},{"damage":4,"enemies":"4 Shapes","floor":38,"turns":7},{"damage":1,"enemies":"Giant Head","floor":40,"turns":8},{"damage":22,"enemies":"Nemesis","floor":42,"turns":7},{"damage":4,"enemies":"Maw","floor":46,"turns":6},{"damage":7,"enemies":"2 Orb Walkers","floor":48,"turns":5},{"damage":42,"enemies":"Awakened One","floor":50,"turns":10}],"event_choices":[{"event_name":"The Lab","player_choice":"Got Potions","floor":5,"damage_taken":0},{"event_name":"Mushrooms","player_choice":"Fought Mushrooms","floor":7,"damage_taken":0},{"event_name":"Living Wall","player_choice":"Grow","floor":12,"damage_taken":0},{"event_name":"Cursed Tome","player_choice":"Obtained Book","floor":21,"damage_taken":0},{"event_name":"Ghosts","player_choice":"Became a Ghost","floor":28,"damage_taken":0},{"event_name":"Vampires","player_choice":"Ignored","floor":31,"damage_taken":0},{"event_name":"The Woman in Blue","player_choice":"Bought 0 Potions","floor":39,"damage_taken":0},{"event_name":"Purifier","player_choice":"One Purge","floor":44,"damage_taken":0}],"boss_relics":[{"not_picked":["Lizard Tail","Black Star"],"picked":"Velvet Choker"},{"not_picked":["White Beast Statue","Tiny House"],"picked":"Black Blood"}],"potions_floor_spawned":[2,7,13,20,22,24,30,33,35,46,48],"seed_played":"719014156616361846","ascension_level":14,"is_trial":false}