{"gold_per_floor":[114,34,51,64,78,78,78,28,28,28,66,11,11,55,55,55],"floor_reached":16,"playtime":846,"items_purged":[],"score":140,"play_id":"06dc1aed-bc8c-4f1c-9d73-d56722048f05","local_time":"20180916121948","is_ascension_mode":true,"campfire_choices":[{"floor":6,"key":"REST"},{"data":"Defragment","floor":10,"key":"SMITH"},{"data":"Capacitor","floor":13,"key":"SMITH"},{"floor":15,"key":"REST"}],"neow_cost":"NONE","seed_source_timestamp":84648584210408,"circlet_count":0,"master_deck":["Strike_B","Strike_B","Strike_B","Strike_B","Defend_B","Defend_B","Defend_B","Zap","Dualcast","Rebound","Defragment+1","Rebound","Conserve Battery","Sweeping Beam","Capacitor+1","Gash"],"relics":["Cracked Core","PreservedInsect","Golden Idol","The Courier","Matryoshka","Bird Faced Urn"],"potions_floor_usage":[16,16],"damage_taken":[{"damage":2,"enemies":"Jaw Worm","floor":1,"turns":3},{"damage":6,"enemies":"2 Louse","floor":3,"turns":2},{"damage":0,"enemies":"Small Slimes","floor":4,"turns":2},{"damage":4,"enemies":"Looter","floor":5,"turns":3},{"damage":16,"enemies":"Gremlin Nob","floor":11,"turns":3},{"damage":18,"enemies":"Lagavulin","floor":14,"turns":4},{"damage":61,"enemies":"The Guardian","floor":16,"turns":8}],"seed_played":"-1843653171075703549","potions_obtained":[{"floor":3,"key":"FocusPotion"},{"floor":14,"key":"Explosive Potion"}],"is_trial":false,"path_per_floor":["M","$","M","M","M","R","?","?","T","R","E","$","R","E","R"],"character_chosen":"DEFECT","items_purchased":["Defragment","Capacitor"],"campfire_rested":2,"item_purchase_floors":[2,12],"current_hp_per_floor":[66,66,60,60,56,75,69,69,69,69,53,53,53,35,55,0],"gold":55,"neow_bonus":"RANDOM_COMMON_RELIC","is_prod":false,"is_daily":false,"chose_seed":false,"campfire_upgraded":2,"win_rate":0,"timestamp":1537093188,"path_taken":["M","$","M","M","M","R","?","?","T","R","E","$","R","E","R","BOSS"],"build_version":"2018-09-06","purchased_purges":0,"victory":false,"max_hp_per_floor":[75,75,75,75,75,75,69,69,69,69,69,69,69,69,69,69],"card_choices":[{"not_picked":["Coolheaded","Leap"],"picked":"Rebound","floor":1},{"not_picked":["Lockon","Stack"],"picked":"Rebound","floor":3},{"not_picked":["Steam","Hologram"],"picked":"Conserve Battery","floor":4},{"not_picked":["Ball Lightning","Hello World"],"picked":"Sweeping Beam","floor":5},{"not_picked":["Barrage","Hologram","Conserve Battery"],"picked":"SKIP","floor":11},{"not_picked":["Reinforced Body","Rebound"],"picked":"Gash","floor":14}],"player_experience":221631,"relics_obtained":[{"floor":9,"key":"The Courier"},{"floor":11,"key":"Matryoshka"},{"floor":14,"key":"Bird Faced Urn"}],"event_choices":[{"event_name":"Golden Idol","player_choice":"Lose Max HP","floor":7,"damage_taken":0},{"event_name":"The Cleric","player_choice":"Card Removal","floor":8,"damage_taken":0}],"is_beta":false,"boss_relics":[],"items_purged_floors":[],"is_endless":false,"potions_floor_spawned":[3,14],"killed_by":"The Guardian","ascension_level":6}