{"gold_per_floor":[109,126,142,59,59,85,85,119,119,138,138,63,63,63,63,188,188,208,32,32,47,47,90,90,111,111,311,329,329,364,377,377,507,507,526,401,420,420,438,438,458,458],"floor_reached":42,"playtime":2021,"items_purged":["Strike_R","Injury","Strike_R"],"score":446,"play_id":"0d7a5985-52d3-484b-bac2-1519e2b2e790","local_time":"20181116175234","is_ascension_mode":false,"campfire_choices":[{"data":"Armaments","floor":7,"key":"SMITH"},{"data":"Bash","floor":11,"key":"SMITH"},{"floor":15,"key":"REST"},{"data":"Inflame","floor":24,"key":"SMITH"},{"data":"Metallicize","floor":29,"key":"SMITH"},{"floor":32,"key":"REST"},{"floor":40,"key":"REST"}],"neow_cost":"NONE","seed_source_timestamp":89117061140681,"circlet_count":0,"master_deck":["Strike_R","Defend_R","Defend_R","Bash+1","Armaments+1","Cleave","Flash of Steel","Impervious","Shrug It Off","Flex+1","Metallicize+1","Shrug It Off+1","Inflame+1","Battle Trance","Metallicize","Iron Wave","Headbutt","Barricade","Fire Breathing+1","Thunderclap+1","Iron Wave+1"],"relics":["Burning Blood","NeowsBlessing","Sundial","Bottled Lightning","Dodecahedron","Golden Idol","Runic Dome","Lantern","Bag of Preparation","Blue Candle","Empty Cage"],"potions_floor_usage":[6,21,23,33,33],"damage_taken":[{"damage":0,"enemies":"Cultist","floor":1,"turns":1},{"damage":0,"enemies":"2 Louse","floor":2,"turns":1},{"damage":0,"enemies":"Small Slimes","floor":3,"turns":1},{"damage":17,"enemies":"Gremlin Nob","floor":6,"turns":4},{"damage":33,"enemies":"Lagavulin","floor":8,"turns":8},{"damage":2,"enemies":"3 Louse","floor":10,"turns":4},{"damage":39,"enemies":"The Guardian","floor":16,"turns":13},{"damage":0,"enemies":"Chosen","floor":18,"turns":4},{"damage":1,"enemies":"3 Byrds","floor":21,"turns":4},{"damage":21,"enemies":"Gremlin Leader","floor":23,"turns":7},{"damage":3,"enemies":"Centurion and Healer","floor":25,"turns":5},{"damage":8,"enemies":"Snake Plant","floor":28,"turns":4},{"damage":14,"enemies":"Slavers","floor":30,"turns":4},{"damage":10,"enemies":"Snecko","floor":31,"turns":4},{"damage":45,"enemies":"Champ","floor":33,"turns":13},{"damage":0,"enemies":"Orb Walker","floor":35,"turns":5},{"damage":21,"enemies":"3 Darklings","floor":37,"turns":5},{"damage":40,"enemies":"Spire Growth","floor":39,"turns":6},{"damage":18,"enemies":"4 Shapes","floor":41,"turns":4},{"damage":45,"enemies":"2 Orb Walkers","floor":42,"turns":3}],"seed_played":"3208616154830394232","potions_obtained":[{"floor":1,"key":"Weak Potion"},{"floor":3,"key":"LiquidBronze"},{"floor":6,"key":"Dexterity Potion"},{"floor":10,"key":"PowerPotion"},{"floor":21,"key":"SkillPotion"},{"floor":23,"key":"Ancient Potion"},{"floor":33,"key":"Energy Potion"},{"floor":41,"key":"Strength Potion"}],"is_trial":false,"path_per_floor":["M","M","M","$","?","E","R","E","T","M","R","$","?","?","R","B",null,"M","$","?","M","?","E","R","M","T","?","M","R","E","M","R","B",null,"M","$","M","?","M","R","M","?"],"character_chosen":"IRONCLAD","items_purchased":["Flash of Steel","Metallicize"],"campfire_rested":3,"item_purchase_floors":[4,19],"current_hp_per_floor":[80,80,80,80,80,69,69,42,42,46,46,46,39,39,63,30,80,80,80,72,77,77,62,62,65,65,65,63,63,55,51,75,36,80,80,80,65,65,31,55,43,0],"gold":458,"neow_bonus":"THREE_ENEMY_KILL","is_prod":false,"is_daily":false,"chose_seed":false,"campfire_upgraded":4,"win_rate":0,"timestamp":1542419554,"path_taken":["M","M","?","$","?","E","R","E","T","M","R","$","?","?","R","BOSS","M","$","?","?","?","E","R","M","T","?","M","R","E","M","R","BOSS","M","$","M","?","M","R","M","?"],"build_version":"2018-11-15","purchased_purges":3,"victory":false,"max_hp_per_floor":[80,80,80,80,80,80,80,80,80,80,80,80,80,80,80,80,80,80,80,80,80,80,80,80,80,80,80,80,80,80,80,80,80,80,80,80,80,80,80,80,80,80],"card_choices":[{"not_picked":["Whirlwind","Havoc","Sword Boomerang"],"picked":"SKIP","floor":1},{"not_picked":["Cleave","Wild Strike"],"picked":"Armaments","floor":2},{"not_picked":["Anger","Blood for Blood"],"picked":"Cleave","floor":3},{"not_picked":["Searing Blow","Blood for Blood","Fire Breathing"],"picked":"SKIP","floor":6},{"not_picked":["Flex","Armaments"],"picked":"Impervious","floor":8},{"not_picked":["True Grit","Armaments"],"picked":"Shrug It Off","floor":10},{"not_picked":["Anger","Cleave"],"picked":"Flex+1","floor":18},{"not_picked":["Sword Boomerang","Carnage+1"],"picked":"Shrug It Off+1","floor":21},{"not_picked":["Clothesline","Body Slam"],"picked":"Battle Trance","floor":23},{"not_picked":["True Grit+1","Body Slam"],"picked":"Metallicize","floor":25},{"not_picked":["Evolve","Power Through"],"picked":"Iron Wave","floor":28},{"not_picked":["Ghostly Armor","True Grit"],"picked":"Headbutt","floor":30},{"not_picked":["Cleave","Disarm","Spot Weakness"],"picked":"SKIP","floor":31},{"not_picked":["Reaper","Double Tap"],"picked":"Barricade","floor":33},{"not_picked":["Rupture","Pummel+1"],"picked":"Fire Breathing+1","floor":35},{"not_picked":["Perfected Strike+1","Anger"],"picked":"Thunderclap+1","floor":37},{"not_picked":["Heavy Blade","True Grit"],"picked":"Iron Wave+1","floor":39},{"not_picked":["Limit Break","Dual Wield","Sword Boomerang+1"],"picked":"SKIP","floor":41}],"player_experience":540422,"relics_obtained":[{"floor":6,"key":"Sundial"},{"floor":8,"key":"Bottled Lightning"},{"floor":9,"key":"Dodecahedron"},{"floor":23,"key":"Lantern"},{"floor":26,"key":"Bag of Preparation"},{"floor":30,"key":"Blue Candle"}],"event_choices":[{"damage_healed":0,"gold_gain":0,"player_choice":"Ignored","damage_taken":0,"max_hp_gain":0,"max_hp_loss":0,"event_name":"Liars Game","floor":5,"gold_loss":0},{"cards_removed":["Defend_R"],"damage_healed":0,"gold_gain":0,"player_choice":"Card Removal","damage_taken":7,"max_hp_gain":0,"max_hp_loss":0,"event_name":"Golden Wing","floor":13,"gold_loss":0},{"damage_healed":0,"gold_gain":0,"player_choice":"Take Wound","damage_taken":0,"relics_obtained":["Golden Idol"],"max_hp_gain":0,"max_hp_loss":0,"event_name":"Golden Idol","floor":14,"gold_loss":0,"cards_obtained":["Injury"]},{"damage_healed":0,"gold_gain":0,"player_choice":"","damage_taken":8,"max_hp_gain":0,"max_hp_loss":0,"event_name":"Knowing Skull","floor":20,"potions_obtained":[],"gold_loss":0,"cards_obtained":[]},{"damage_healed":0,"gold_gain":0,"player_choice":"Read","damage_taken":0,"max_hp_gain":0,"max_hp_loss":0,"event_name":"The Library","floor":22,"gold_loss":0,"cards_obtained":["Inflame"]},{"damage_healed":0,"gold_gain":250,"player_choice":"Bet on Owner","damage_taken":0,"max_hp_gain":0,"max_hp_loss":0,"event_name":"The Joust","floor":27,"gold_loss":50},{"cards_removed":["Strike_R"],"damage_healed":0,"gold_gain":0,"player_choice":"Removed Attack","damage_taken":0,"max_hp_gain":0,"max_hp_loss":0,"event_name":"Falling","floor":38,"gold_loss":0},{"damage_healed":0,"gold_gain":0,"player_choice":"Fight","damage_taken":0,"max_hp_gain":0,"max_hp_loss":0,"event_name":"Mysterious Sphere","floor":42,"gold_loss":0}],"is_beta":false,"boss_relics":[{"not_picked":["White Beast Statue","Runic Pyramid"],"picked":"Runic Dome"},{"not_picked":["Pandora\u0027s Box","Astrolabe"],"picked":"Empty Cage"}],"items_purged_floors":[12,19,36],"is_endless":false,"potions_floor_spawned":[1,3,6,10,21,23,30,33,41],"killed_by":"2 Orb Walkers","ascension_level":0}