{"path_per_floor":["M","$","?","M","?","R","T","M","T","?","?","M","E","M","R","B",null,"M","?","?","M","?","E","R","$","T","M","?","M","R","M","R"],"character_chosen":"THE_SILENT","items_purchased":[],"gold_per_floor":[113,113,113,127,127,127,127,143,167,123,123,139,182,201,201,320,320,335,335,335,348,348,411,411,411,411,421,336,349,349,368,368,368],"floor_reached":33,"campfire_rested":2,"playtime":2598,"current_hp_per_floor":[70,70,65,65,65,65,65,64,64,64,61,61,43,43,62,18,65,61,61,61,63,63,61,61,61,61,54,54,53,53,37,56,0],"items_purged":[],"gold":368,"score":290,"play_id":"bd239305-eeb1-4140-8d1a-f5f03e8de1c3","local_time":"20180414230036","is_prod":false,"is_daily":false,"chose_seed":false,"is_ascension_mode":false,"campfire_upgraded":3,"timestamp":1523743236,"path_taken":["M","$","?","?","?","R","?","M","T","?","?","M","E","M","R","BOSS","M","?","?","?","?","E","R","$","T","M","?","M","R","M","R","BOSS"],"build_version":"2018-04-12","seed_source_timestamp":14043913878234,"purchased_purges":0,"victory":false,"master_deck":["Defend_G","Defend_G","Defend_G","Defend_G","Defend_G","Strike_G","Strike_G","Strike_G","Strike_G","Strike_G","Survivor","Neutralize+1","Backstab+1","Quick Slash","Sucker Punch+1","Dash+1","Quick Slash","Quick Slash","Adrenaline+1","Quick Slash+1","Quick Slash","Escape Plan","Dash","Calculated Gamble","Acrobatics+1"],"max_hp_per_floor":[70,70,65,65,65,65,65,65,65,65,65,65,65,65,65,65,65,65,65,65,65,65,65,65,65,65,65,65,65,65,65,65,65],"relics":["Runic Dome","Bloody Idol","Pantograph","Anchor","Dodecahedron","Question Card","Sozu","Tiny Chest","Ancient Tea Set","Lantern"],"card_choices":[{"not_picked":["Flying Knee","Calculated Gamble"],"picked":"Backstab","floor":1},{"not_picked":["Outmaneuver","Poisoned Stab"],"picked":"Quick Slash","floor":4},{"not_picked":["Flying Knee","Riddle With Holes"],"picked":"Sucker Punch","floor":8},{"not_picked":["Sucker Punch","Outmaneuver"],"picked":"Dash","floor":12},{"not_picked":["Slice","Burst"],"picked":"Quick Slash","floor":13},{"not_picked":["Noxious Fumes","Poisoned Stab","Bane"],"picked":"Quick Slash","floor":14},{"not_picked":["Envenom","Night Terror","Corpse Explosion"],"picked":"Adrenaline","floor":16},{"not_picked":["Prepared","Flying Knee","Underhanded Strike"],"picked":"Quick Slash","floor":18},{"not_picked":["Reflex","Backflip","Prepared"],"picked":"Quick Slash","floor":21},{"not_picked":["Skewer","PiercingWail","Bane"],"picked":"Escape Plan","floor":23},{"not_picked":["Envenom","Prepared","Slice"],"picked":"Dash","floor":27},{"not_picked":["Underhanded Strike","Backflip","Leg Sweep"],"picked":"Calculated Gamble","floor":29},{"not_picked":["Infinite Blades","Catalyst","Outmaneuver"],"picked":"Acrobatics","floor":31}],"player_experience":55664,"potions_floor_usage":[13,13,16],"damage_taken":[{"damage":0,"enemies":"Cultist","floor":1,"turns":4},{"damage":0,"enemies":"Small Slimes","floor":4,"turns":4},{"damage":1,"enemies":"Jaw Worm","floor":8,"turns":2},{"damage":0,"enemies":"3 Louse","floor":12,"turns":2},{"damage":18,"enemies":"Lagavulin","floor":13,"turns":5},{"damage":0,"enemies":"Blue Slaver","floor":14,"turns":2},{"damage":47,"enemies":"Slime Boss","floor":16,"turns":15},{"damage":4,"enemies":"3 Byrds","floor":18,"turns":5},{"damage":3,"enemies":"Shell Parasite","floor":21,"turns":4},{"damage":12,"enemies":"Book of Stabbing","floor":23,"turns":5},{"damage":12,"enemies":"Snake Plant","floor":27,"turns":5},{"damage":6,"enemies":"Centurion and Healer","floor":29,"turns":5},{"damage":21,"enemies":"Cultist and Chosen","floor":31,"turns":5},{"damage":71,"enemies":"Automaton","floor":33,"turns":8}],"event_choices":[{"event_name":"Golden Idol","player_choice":"Lose Max HP","floor":3,"damage_taken":0},{"event_name":"Living Wall","player_choice":"Grow","floor":5,"damage_taken":0},{"event_name":"World of Goop","player_choice":"Left","floor":10,"damage_taken":0},{"event_name":"Scrap Ooze","player_choice":"success","floor":11,"damage_taken":3},{"event_name":"Forgotten Altar","player_choice":"Gave Idol","floor":19,"damage_taken":0},{"event_name":"Upgrade Shrine","player_choice":"Upgraded","floor":20,"damage_taken":0},{"event_name":"Ghosts","player_choice":"Ignored","floor":22,"damage_taken":0},{"event_name":"Addict","player_choice":"Obtained Relic","floor":28,"damage_taken":0}],"boss_relics":[{"not_picked":["Eternal Feather","White Beast Statue"],"picked":"Sozu"}],"potions_floor_spawned":[4,12,14,27],"seed_played":"4282004438318295416","killed_by":"Automaton","ascension_level":0,"is_trial":false}