{"path_per_floor":["M","M","M","$","M","E","M","M","T","M","E","M","M","M","R","B",null,"M","?","$","M"],"character_chosen":"IRONCLAD","items_purchased":[],"gold_per_floor":[115,126,136,61,73,102,121,140,140,159,184,204,214,225,225,329,329,348,348,248,268],"floor_reached":22,"campfire_rested":0,"playtime":1591,"current_hp_per_floor":[80,80,80,80,80,60,44,46,53,58,15,19,25,31,31,25,87,47,47,47,31],"items_purged":["Bash","Strike_R"],"gold":268,"play_id":"b092c9e2-9552-400b-a336-eeb6fb3c83c9","is_prod":false,"is_daily":false,"is_ascension_mode":true,"campfire_upgraded":1,"path_taken":["M","M","M","$","M","E","M","M","T","M","E","M","M","M","R","BOSS","M","?","$","M","M"],"build_version":"2018-01-25-PROD3","purchased_purges":2,"victory":false,"master_deck":["Strike_R","Strike_R","Strike_R","Strike_R","Defend_R","Defend_R","Defend_R","Defend_R","Cleave","Shrug It Off","Cleave","Barricade","Flame Barrier+1","Cleave+1"],"max_hp_per_floor":[80,80,80,80,80,80,80,80,87,87,87,87,87,87,87,87,87,87,87,87,87],"relics":["Black Blood","Bronze Scales","Dream Catcher","Strawberry","Matryoshka"],"card_choices":[{"not_picked":["Bloodletting","Headbutt"],"picked":"Cleave"},{"not_picked":["Havoc","Armaments"],"picked":"Shrug It Off"},{"not_picked":["Warcry","Power Through"],"picked":"Cleave"},{"not_picked":["Armaments","Corruption"],"picked":"Barricade"},{"not_picked":["Anger","True Grit"],"picked":"Flame Barrier"},{"not_picked":["Second Wind","Rupture"],"picked":"Cleave"}],"player_experience":41698,"potions_floor_usage":[6,11,11,13,14,16,21],"damage_taken":[{"damage":0,"enemies":"Small Slimes","floor":1,"turns":3},{"damage":6,"enemies":"Cultist","floor":2,"turns":2},{"damage":1,"enemies":"2 Louse","floor":3,"turns":2},{"damage":0,"enemies":"2 Fungi Beasts","floor":5,"turns":3},{"damage":26,"enemies":"Gremlin Nob","floor":6,"turns":6},{"damage":22,"enemies":"Large Slime","floor":7,"turns":7},{"damage":4,"enemies":"Looter","floor":8,"turns":4},{"damage":1,"enemies":"3 Louse","floor":10,"turns":2},{"damage":49,"enemies":"Lagavulin","floor":11,"turns":12},{"damage":2,"enemies":"Red Slaver","floor":12,"turns":4},{"damage":0,"enemies":"2 Fungi Beasts","floor":13,"turns":3},{"damage":0,"enemies":"3 Louse","floor":14,"turns":3},{"damage":27,"enemies":"The Guardian","floor":16,"turns":21},{"damage":50,"enemies":"Chosen","floor":18,"turns":8},{"damage":26,"enemies":"Shell Parasite","floor":21,"turns":11},{"damage":37,"enemies":"3 Cultists","floor":22,"turns":4}],"event_choices":[{"event_name":"The Mausoleum","player_choice":"No","floor":19,"damage_taken":0}],"boss_relics":[{"not_picked":["Eternal Feather","Calling Bell"],"picked":"Black Blood"}],"potions_floor_spawned":[1,7,8,11,12,14,16],"seed_played":"-7431125255884260790","killed_by":"3 Cultists","ascension_level":2,"is_trial":false}