{"path_per_floor":["M","?","M","?","M","R","$","E","T","M","R","?","M","M","R","B",null,"M","T","?","M","?","$","M"],"character_chosen":"THE_SILENT","items_purchased":["Slice","PiercingWail"],"gold_per_floor":[115,115,130,130,140,140,17,42,69,89,89,89,105,121,121,224,224,235,235,235,253,253,102,115,115],"floor_reached":25,"campfire_rested":1,"playtime":1169,"current_hp_per_floor":[60,60,58,51,51,51,51,25,25,25,25,25,25,23,44,29,60,60,60,35,32,16,16,16,0],"items_purged":["Strike_G","Writhe"],"gold":115,"score":320,"play_id":"00251ac1-c56b-464e-9a0b-f444ce921c87","local_time":"20180410172945","is_prod":false,"is_daily":false,"is_ascension_mode":true,"campfire_upgraded":2,"timestamp":1523374185,"path_taken":["M","?","M","?","M","R","$","E","T","M","R","?","M","M","R","BOSS","M","?","?","M","?","$","?","E"],"build_version":"2018-04-05v2","purchased_purges":2,"victory":false,"master_deck":["Defend_G","Defend_G","Defend_G","Defend_G","Strike_G","Strike_G","Strike_G","Strike_G","Survivor","Neutralize+1","Backflip","Skewer+1","Outmaneuver","Slice","Die Die Die","Slice","Sucker Punch","Backflip","Burst","Blur","Ghostly","Ghostly","Ghostly","Ghostly","Ghostly","PiercingWail","Infinite Blades+1"],"max_hp_per_floor":[70,70,70,70,70,70,70,70,70,70,70,70,70,70,70,70,70,70,70,35,35,35,35,35,35],"relics":["Ring of the Snake","Mercury Hourglass","Oddly Smooth Stone","Ancient Tea Set","Cursed Key","Torii","Nilry\u0027s Codex"],"card_choices":[{"not_picked":["Infinite Blades","Slice"],"picked":"Backflip","floor":1},{"not_picked":["Acrobatics","Crippling Poison"],"picked":"Skewer","floor":3},{"not_picked":["Finisher","Underhanded Strike"],"picked":"Outmaneuver","floor":5},{"not_picked":["Dagger Throw","Quick Slash"],"picked":"Die Die Die","floor":8},{"not_picked":["Bane","Dodge and Roll"],"picked":"Slice","floor":10},{"not_picked":["Masterful Stab","Choke"],"picked":"Sucker Punch","floor":13},{"not_picked":["Crippling Poison","Prepared"],"picked":"Backflip","floor":14},{"not_picked":["Die Die Die","Storm of Steel"],"picked":"Burst","floor":16},{"not_picked":["Sucker Punch","Dagger Throw"],"picked":"Blur","floor":18},{"not_picked":["Deflect","Bane"],"picked":"Infinite Blades","floor":24}],"player_experience":282701,"potions_floor_usage":[13,16,21,21],"damage_taken":[{"damage":3,"enemies":"Jaw Worm","floor":1,"turns":7},{"damage":2,"enemies":"Small Slimes","floor":3,"turns":4},{"damage":0,"enemies":"Cultist","floor":5,"turns":3},{"damage":26,"enemies":"Gremlin Nob","floor":8,"turns":4},{"damage":0,"enemies":"2 Fungi Beasts","floor":10,"turns":2},{"damage":0,"enemies":"Gremlin Gang","floor":13,"turns":1},{"damage":2,"enemies":"Red Slaver","floor":14,"turns":4},{"damage":30,"enemies":"The Guardian","floor":16,"turns":14},{"damage":0,"enemies":"Spheric Guardian","floor":18,"turns":3},{"damage":3,"enemies":"Chosen","floor":21,"turns":8},{"damage":0,"enemies":"3 Cultists","floor":24,"turns":7},{"damage":16,"enemies":"Slavers","floor":25,"turns":3}],"event_choices":[{"event_name":"Big Fish","player_choice":"Box","floor":2,"damage_taken":0},{"event_name":"Golden Wing","player_choice":"Card Removal","floor":4,"damage_taken":0},{"event_name":"The Lab","player_choice":"Got Potions","floor":12,"damage_taken":0},{"event_name":"Ghosts","player_choice":"Became a Ghost","floor":20,"damage_taken":0},{"event_name":"Cursed Tome","player_choice":"Obtained Book","floor":22,"damage_taken":0}],"boss_relics":[{"not_picked":["Lizard Tail","Tiny House"],"picked":"Cursed Key"}],"potions_floor_spawned":[1,10,13,14,18],"seed_played":"1622629902347396405","killed_by":"Slavers","ascension_level":9,"is_trial":false}