{"gold_per_floor":[361,32,32,50,68,68,97,117,117,37,37,48,59,72,72,151,151,169,188,198,198],"floor_reached":21,"playtime":1989,"items_purged":["Pain","Defend_B"],"score":361,"play_id":"c975caf1-e53d-4266-ad35-793351fa8e86","local_time":"20180926142502","is_ascension_mode":true,"campfire_choices":[{"data":"Self Repair","floor":6,"key":"SMITH"},{"floor":11,"key":"REST"},{"data":"Consume","floor":15,"key":"SMITH"}],"neow_cost":"CURSE","seed_source_timestamp":955032471502026,"circlet_count":0,"master_deck":["Strike_B","Strike_B","Strike_B","Strike_B","Defend_B","Defend_B","Defend_B","Zap","Dualcast","AscendersBane","Ball Lightning","Glacier","Self Repair+1","Thunder Strike","Conserve Battery","Consume+1","Loop","Electrodynamics","Rip and Tear+1","Undo"],"relics":["Cracked Core","Regal Pillow","Darkstone Periapt","The Courier","Shovel","Lizard Tail"],"potions_floor_usage":[7,7,13,16],"damage_taken":[{"damage":3,"enemies":"Cultist","floor":1,"turns":3},{"damage":0,"enemies":"Jaw Worm","floor":4,"turns":3},{"damage":6,"enemies":"2 Louse","floor":5,"turns":2},{"damage":40,"enemies":"3 Sentries","floor":7,"turns":8},{"damage":1,"enemies":"Looter","floor":8,"turns":4},{"damage":6,"enemies":"Blue Slaver","floor":12,"turns":3},{"damage":18,"enemies":"Exordium Wildlife","floor":13,"turns":3},{"damage":9,"enemies":"Red Slaver","floor":14,"turns":4},{"damage":43,"enemies":"Slime Boss","floor":16,"turns":9},{"damage":37,"enemies":"Chosen","floor":18,"turns":6},{"damage":24,"enemies":"Shell Parasite","floor":19,"turns":7},{"damage":57,"enemies":"Cultist and Chosen","floor":20,"turns":6},{"damage":16,"enemies":"Shelled Parasite and Fungi","floor":21,"turns":1}],"seed_played":"2312003983410737739","potions_obtained":[{"floor":4,"key":"Dexterity Potion"},{"floor":5,"key":"Swift Potion"},{"floor":7,"key":"GamblersBrew"},{"floor":14,"key":"AttackPotion"},{"floor":20,"key":"Poison Potion"}],"is_trial":false,"path_per_floor":["M","$","T","M","M","R","E","M","T","$","R","M","M","M","R","B",null,"M","M","M"],"character_chosen":"DEFECT","items_purchased":["Regal Pillow","Glacier"],"campfire_rested":1,"item_purchase_floors":[2,2],"current_hp_per_floor":[61,61,61,61,62,62,32,41,41,41,71,65,57,58,58,25,60,33,19,14,0],"gold":198,"neow_bonus":"TWO_FIFTY_GOLD","is_prod":false,"is_daily":false,"chose_seed":false,"campfire_upgraded":2,"win_rate":0,"timestamp":1537964702,"path_taken":["M","$","?","M","M","R","E","M","T","?","R","M","M","M","R","BOSS","M","?","M","?"],"build_version":"2018-09-20","purchased_purges":2,"victory":false,"max_hp_per_floor":[71,71,71,71,71,71,71,71,71,71,71,71,71,71,71,71,71,71,71,71,71],"card_choices":[{"not_picked":["Coolheaded","Barrage"],"picked":"Ball Lightning","floor":1},{"not_picked":["Blizzard","Steam"],"picked":"Self Repair","floor":4},{"not_picked":["Rebound","Compile Driver"],"picked":"Thunder Strike","floor":5},{"not_picked":["Streamline","Coolheaded","Rebound"],"picked":"SKIP","floor":7},{"not_picked":["Coolheaded","Hologram"],"picked":"Conserve Battery","floor":8},{"not_picked":["Turbo","Hyperbeam","Reprogram"],"picked":"SKIP","floor":12},{"not_picked":["White Noise","Sweeping Beam"],"picked":"Consume","floor":13},{"not_picked":["Barrage","Skim"],"picked":"Loop","floor":14},{"not_picked":["Reboot","Seek"],"picked":"Electrodynamics","floor":16},{"not_picked":["Loop","Coolheaded"],"picked":"Rip and Tear+1","floor":18},{"not_picked":["Ball Lightning","Chill"],"picked":"Undo","floor":19},{"not_picked":["Rebound","Steam Power","Scrape"],"picked":"SKIP","floor":20}],"player_experience":697319,"relics_obtained":[{"floor":3,"key":"Darkstone Periapt"},{"floor":7,"key":"The Courier"},{"floor":9,"key":"Shovel"}],"event_choices":[],"is_beta":false,"boss_relics":[{"not_picked":["Pandora\u0027s Box","Eternal Feather"],"picked":"Lizard Tail"}],"items_purged_floors":[2,10],"is_endless":false,"potions_floor_spawned":[4,5,7,14,20],"killed_by":"Shelled Parasite and Fungi","ascension_level":19}