{"path_per_floor":["M","?","?","?","?","R","M","M","T","E","?","R","M","M","R"],"character_chosen":"THE_SILENT","items_purchased":[],"gold_per_floor":[118,88,65,65,65,65,81,99,126,160,160,160,172,188,188,188],"floor_reached":16,"campfire_rested":2,"playtime":595,"current_hp_per_floor":[35,35,35,58,58,58,58,58,65,33,18,41,41,40,63,0],"items_purged":[],"gold":188,"score":115,"play_id":"4ea85389-8a22-47e5-9e98-3c92d54ebcae","local_time":"20180331104038","is_prod":false,"is_daily":false,"is_ascension_mode":true,"campfire_upgraded":1,"timestamp":1522485638,"path_taken":["M","?","?","?","?","R","M","M","T","E","?","R","M","M","R","BOSS"],"build_version":"2018-03-29v2","purchased_purges":0,"victory":false,"master_deck":["Defend_G","Defend_G","Defend_G","Defend_G","Strike_G","Strike_G","Strike_G","Survivor","Neutralize+1","Dash+1","Dagger Spray","Outmaneuver","Leg Sweep","Footwork+1","Heel Hook","Setup"],"max_hp_per_floor":[70,70,70,70,70,70,70,70,77,77,77,77,77,77,77,77],"relics":["Ring of the Snake","Strawberry","Meat on the Bone"],"card_choices":[{"not_picked":["Dagger Throw","Bane"],"picked":"Dash","floor":1},{"not_picked":["Concentrate","Poisoned Stab"],"picked":"Outmaneuver","floor":7},{"not_picked":["Acrobatics","Predator"],"picked":"Leg Sweep","floor":8},{"not_picked":["PiercingWail","Prepared"],"picked":"Footwork","floor":10},{"not_picked":["Masterful Stab","Catalyst"],"picked":"Heel Hook","floor":13},{"not_picked":["Quick Slash","Acrobatics"],"picked":"Setup","floor":14}],"player_experience":160158,"potions_floor_usage":[16,16,16],"damage_taken":[{"damage":0,"enemies":"Small Slimes","floor":1,"turns":6},{"damage":0,"enemies":"Cultist","floor":7,"turns":3},{"damage":0,"enemies":"2 Louse","floor":8,"turns":2},{"damage":32,"enemies":"Gremlin Nob","floor":10,"turns":5},{"damage":0,"enemies":"2 Fungi Beasts","floor":13,"turns":3},{"damage":1,"enemies":"Blue Slaver","floor":14,"turns":5},{"damage":65,"enemies":"Hexaghost","floor":16,"turns":19}],"event_choices":[{"event_name":"The Woman in Blue","player_choice":"Bought 2 Potions","floor":2,"damage_taken":0},{"event_name":"World of Goop","player_choice":"Left","floor":3,"damage_taken":0},{"event_name":"Big Fish","player_choice":"Banana","floor":4,"damage_taken":0},{"event_name":"Living Wall","player_choice":"Change","floor":5,"damage_taken":0},{"event_name":"Shining Light","player_choice":"Entered Light","floor":11,"damage_taken":0}],"boss_relics":[],"potions_floor_spawned":[1,10],"seed_played":"-2323724410792210006","killed_by":"Hexaghost","ascension_level":3,"is_trial":false}