{"gold_per_floor":[369,369,388,400,1,1,17,28,104,123,140,140,140,158,158,158],"floor_reached":16,"playtime":1017,"items_purged":[],"score":182,"play_id":"2c23aeac-9565-4514-be87-2c4136bcd243","local_time":"20180924183719","is_ascension_mode":true,"campfire_choices":[{"floor":6,"key":"REST"},{"floor":13,"key":"REST"},{"floor":15,"key":"REST"}],"neow_cost":"CURSE","seed_source_timestamp":798337812817721,"circlet_count":0,"master_deck":["Strike_B","Strike_B","Strike_B","Strike_B","Defend_B","Defend_B","Defend_B","Zap","Dualcast","AscendersBane","Loop","Cold Snap","Loop","Cold Snap","Coolheaded","Sunder","Go for the Eyes","Blizzard","Coolheaded"],"relics":["Cracked Core","FossilizedHelix","Bottled Tornado"],"potions_floor_usage":[11,14,16],"damage_taken":[{"damage":4,"enemies":"2 Louse","floor":1,"turns":3},{"damage":0,"enemies":"Cultist","floor":3,"turns":3},{"damage":10,"enemies":"Jaw Worm","floor":4,"turns":4},{"damage":26,"enemies":"Lots of Slimes","floor":7,"turns":5},{"damage":18,"enemies":"Large Slime","floor":8,"turns":9},{"damage":4,"enemies":"Blue Slaver","floor":10,"turns":5},{"damage":0,"enemies":"Looter","floor":11,"turns":3},{"damage":15,"enemies":"Gremlin Gang","floor":14,"turns":4},{"damage":50,"enemies":"Hexaghost","floor":16,"turns":10}],"seed_played":"-1402268643597753469","potions_obtained":[{"floor":8,"key":"Fire Potion"},{"floor":10,"key":"Block Potion"},{"floor":14,"key":"Poison Potion"}],"is_trial":false,"path_per_floor":["M","?","M","M","$","R","M","M","T","M","M","?","R","M","R"],"character_chosen":"DEFECT","items_purchased":["FossilizedHelix","Cold Snap"],"campfire_rested":3,"item_purchase_floors":[5,5],"current_hp_per_floor":[60,60,60,50,50,71,45,27,27,23,23,16,37,22,43,0],"gold":158,"neow_bonus":"TWO_FIFTY_GOLD","is_prod":false,"is_daily":false,"chose_seed":false,"campfire_upgraded":0,"win_rate":0,"timestamp":1537807039,"path_taken":["M","?","M","M","$","R","M","M","T","M","?","?","R","M","R","BOSS"],"build_version":"2018-09-20","purchased_purges":0,"victory":false,"max_hp_per_floor":[71,71,71,71,71,71,71,71,71,71,71,71,71,71,71,71],"card_choices":[{"not_picked":["Gash","Go for the Eyes"],"picked":"Loop","floor":1},{"not_picked":["Turbo","Go for the Eyes"],"picked":"Cold Snap","floor":3},{"not_picked":["Stack","Redo"],"picked":"Loop","floor":4},{"not_picked":["Beam Cell","Recycle"],"picked":"Coolheaded","floor":7},{"not_picked":["Ball Lightning","Rainbow"],"picked":"Sunder","floor":8},{"not_picked":["Steam","Rebound"],"picked":"Go for the Eyes","floor":10},{"not_picked":["Ball Lightning","Redo"],"picked":"Blizzard","floor":11},{"not_picked":["Barrage","FTL"],"picked":"Coolheaded","floor":14}],"player_experience":632586,"relics_obtained":[{"floor":9,"key":"Bottled Tornado"}],"event_choices":[{"event_name":"Purifier","player_choice":"One Purge","floor":2,"damage_taken":0},{"event_name":"Golden Wing","player_choice":"Card Removal","floor":12,"damage_taken":0}],"is_beta":false,"boss_relics":[],"items_purged_floors":[],"is_endless":false,"potions_floor_spawned":[8,10,14],"killed_by":"Hexaghost","ascension_level":18}