{"path_per_floor":["M","?","M","M","M","E","M","M","T","R","E","R","M","M","R"],"character_chosen":"THE_SILENT","items_purchased":[],"gold_per_floor":[118,118,130,149,160,187,200,211,211,211,242,242,260,276,276],"floor_reached":16,"campfire_rested":1,"playtime":1194,"current_hp_per_floor":[67,67,66,57,51,25,25,14,14,14,6,6,8,4,25],"items_purged":[],"gold":276,"play_id":"a93896cb-cb48-4722-85d2-12ef4a51598c","is_prod":false,"is_daily":false,"is_ascension_mode":false,"campfire_upgraded":0,"path_taken":["M","?","M","?","M","E","M","M","T","R","E","R","M","M","R","BOSS"],"build_version":"2018-02-01-PROD3","purchased_purges":0,"victory":false,"master_deck":["Defend_G","Defend_G","Defend_G","Defend_G","Defend_G","Strike_G","Strike_G","Strike_G","Strike_G","Survivor","Neutralize","Corpse Explosion","Terror","Caltrops","Heel Hook","Dagger Spray","Flying Knee","Underhanded Strike","Outmaneuver","Terror","Finisher","Dagger Throw"],"max_hp_per_floor":[70,70,70,70,70,70,70,70,70,70,70,70,70,70,70],"relics":["Ring of the Snake","Bag of Marbles","Shovel","Orichalcum","Oddly Smooth Stone","Bottled Lightning"],"card_choices":[{"not_picked":["Calculated Gamble","Acrobatics"],"picked":"Terror"},{"not_picked":["Well Laid Plans","Slice"],"picked":"Caltrops"},{"not_picked":["Cloak And Dagger","Sucker Punch"],"picked":"Heel Hook"},{"not_picked":["Escape Plan","Prepared"],"picked":"Dagger Spray"},{"not_picked":["Slice","Dagger Spray"],"picked":"Flying Knee"},{"not_picked":["Dagger Spray","Dodge and Roll"],"picked":"Underhanded Strike"},{"not_picked":["Dagger Spray","Prepared"],"picked":"Outmaneuver"},{"not_picked":["Deadly Poison","Deflect"],"picked":"Terror"},{"not_picked":["Outmaneuver","Terror"],"picked":"Finisher"},{"not_picked":["Unload","Prepared"],"picked":"Dagger Throw"}],"player_experience":89706,"potions_floor_usage":[6,11,11,13,13,16],"damage_taken":[{"damage":3,"enemies":"Jaw Worm","floor":1,"turns":4},{"damage":1,"enemies":"Cultist","floor":3,"turns":4},{"damage":9,"enemies":"Blue Slaver","floor":4,"turns":5},{"damage":6,"enemies":"Exordium Wildlife","floor":5,"turns":4},{"damage":26,"enemies":"3 Sentries","floor":6,"turns":7},{"damage":0,"enemies":"Looter","floor":7,"turns":3},{"damage":11,"enemies":"Lots of Slimes","floor":8,"turns":3},{"damage":8,"enemies":"Gremlin Nob","floor":11,"turns":4},{"damage":7,"enemies":"Exordium Wildlife","floor":13,"turns":4},{"damage":4,"enemies":"Looter","floor":14,"turns":3},{"damage":27,"enemies":"The Guardian","floor":16,"turns":8}],"event_choices":[{"event_name":"Purifier","player_choice":"One Purge","floor":2,"damage_taken":0}],"boss_relics":[],"potions_floor_spawned":[1,3,5,8,11,14],"seed_played":"-7534371119790964922","killed_by":"The Guardian","ascension_level":0,"is_trial":false}