{"gold_per_floor":[119,119,133,58,58,89,89,123,175,175,175,75,104,116,116,221,221,240,250,125,140,66,66,94,94,94,123,123,123,123,149,149,250,250,269,269,269,13,59,59,105,105,131,154,181,193,219,231,243,255],"floor_reached":51,"playtime":2339,"items_purged":["Writhe","Strike_G","Shame"],"score":798,"play_id":"044751f5-6f15-4bd1-8b1d-cbb8c66f09ce","local_time":"20181030200410","is_ascension_mode":true,"campfire_choices":[{"data":"Neutralize","floor":7,"key":"SMITH"},{"data":"Dagger Spray","floor":10,"key":"SMITH"},{"data":"Terror","floor":15,"key":"SMITH"},{"data":"Malaise","floor":23,"key":"SMITH"},{"data":"Cloak And Dagger","floor":25,"key":"SMITH"},{"data":"Well Laid Plans","floor":29,"key":"SMITH"},{"data":"A Thousand Cuts","floor":32,"key":"SMITH"},{"data":"After Image","floor":40,"key":"SMITH"},{"data":"A Thousand Cuts","floor":42,"key":"SMITH"},{"floor":46,"key":"REST"},{"floor":49,"key":"REST"}],"neow_cost":"CURSE","seed_source_timestamp":0,"circlet_count":0,"master_deck":["Defend_G+1","Defend_G+1","Defend_G+1","Defend_G+1","Strike_G+1","Strike_G+1","Survivor+1","Neutralize+1","Acrobatics+1","Well Laid Plans+1","Dagger Spray+1","Terror+1","Finisher+1","Malaise+1","Clumsy","Doubt","Predator+1","Leg Sweep+1","Slice+1","Unload+1","Cloak And Dagger+1","Dagger Throw+1","A Thousand Cuts+1","After Image+1","A Thousand Cuts+1","Madness+1","Madness+1","Cloak And Dagger+1","Blade Dance+1"],"special_seed":0,"relics":["Ring of the Serpent","Dream Catcher","Strawberry","Orichalcum","NlothsMask","Bag of Marbles","Calling Bell","PreservedInsect","Molten Egg 2","Ice Cream","Meat on the Bone","Ninja Scroll","Potion Belt","Kunai","Mango","Omamori","MawBank","Mark of the Bloom"],"potions_floor_usage":[33,39,50,50,50,50],"damage_taken":[{"damage":2,"enemies":"Small Slimes","floor":1,"turns":4},{"damage":0,"enemies":"2 Louse","floor":3,"turns":3},{"damage":20,"enemies":"3 Sentries","floor":6,"turns":13},{"damage":10,"enemies":"Gremlin Nob","floor":8,"turns":6},{"damage":7,"enemies":"3 Sentries","floor":13,"turns":9},{"damage":0,"enemies":"Jaw Worm","floor":14,"turns":2},{"damage":4,"enemies":"Hexaghost","floor":16,"turns":9},{"damage":9,"enemies":"Chosen","floor":18,"turns":9},{"damage":5,"enemies":"Shell Parasite","floor":19,"turns":4},{"damage":6,"enemies":"Snecko","floor":21,"turns":7},{"damage":16,"enemies":"Gremlin Leader","floor":24,"turns":6},{"damage":1,"enemies":"Book of Stabbing","floor":27,"turns":5},{"damage":1,"enemies":"Slavers","floor":31,"turns":4},{"damage":39,"enemies":"Champ","floor":33,"turns":14},{"damage":10,"enemies":"Orb Walker","floor":35,"turns":3},{"damage":42,"enemies":"2 Orb Walkers","floor":39,"turns":5},{"damage":13,"enemies":"3 Darklings","floor":44,"turns":5},{"damage":40,"enemies":"Writhing Mass","floor":45,"turns":6},{"damage":25,"enemies":"Spire Growth","floor":47,"turns":5},{"damage":22,"enemies":"Donu and Deca","floor":50,"turns":14}],"seed_played":"7362337911772551233","potions_obtained":[{"floor":3,"key":"SpeedPotion"},{"floor":6,"key":"GamblersBrew"},{"floor":13,"key":"PowerPotion"},{"floor":24,"key":"Fire Potion"},{"floor":31,"key":"Ancient Potion"},{"floor":39,"key":"Weak Potion"},{"floor":47,"key":"AttackPotion"}],"is_trial":false,"path_per_floor":["M","?","M","$","?","E","R","E","T","R","?","$","E","M","R","B",null,"M","M","$","M","$","R","E","R","T","E","?","R","?","E","R","B",null,"M","?","?","$","?","R","T","R","T","M","M","R","M","?","R","B"],"character_chosen":"THE_SILENT","items_purchased":["Unload+1","Kunai"],"campfire_rested":2,"item_purchase_floors":[22,38],"current_hp_per_floor":[82,65,65,65,58,38,38,35,35,35,35,35,28,28,28,24,91,82,77,77,71,71,71,55,55,55,54,54,54,54,53,53,26,91,81,81,70,70,54,54,54,54,54,53,25,56,43,43,43,21],"gold":267,"neow_bonus":"TWENTY_PERCENT_HP_BONUS","is_prod":false,"is_daily":false,"chose_seed":false,"campfire_upgraded":9,"win_rate":0,"timestamp":1540944250,"path_taken":["M","?","M","$","?","E","R","E","T","R","?","$","E","M","R","BOSS","M","M","$","M","$","R","E","R","T","E","?","R","?","E","R","BOSS","M","?","?","$","?","R","?","R","T","M","M","R","?","?","R","BOSS"],"build_version":"2018-10-29v2","purchased_purges":3,"victory":true,"max_hp_per_floor":[84,84,84,84,84,84,84,91,91,91,91,91,91,91,91,91,91,91,91,91,91,91,91,91,91,91,91,91,91,91,91,91,91,91,91,91,91,91,105,105,105,105,105,105,105,105,105,105,105,105],"card_choices":[{"not_picked":["Underhanded Strike","Flying Knee","Expertise"],"picked":"SKIP","floor":1},{"not_picked":["Choke","Slice"],"picked":"Acrobatics","floor":3},{"not_picked":["Slice","Caltrops"],"picked":"Well Laid Plans","floor":6},{"not_picked":["Catalyst","Bane"],"picked":"Dagger Spray","floor":8},{"not_picked":["Corpse Explosion","Reflex"],"picked":"Terror","floor":13},{"not_picked":["Tactician","Prepared"],"picked":"Finisher","floor":14},{"not_picked":["Venomology","After Image"],"picked":"Malaise","floor":16},{"not_picked":["Slice+1","Crippling Poison"],"picked":"Predator+1","floor":18},{"not_picked":["Poisoned Stab+1","Masterful Stab+1"],"picked":"Leg Sweep","floor":19},{"not_picked":["Calculated Gamble","Outmaneuver"],"picked":"Slice+1","floor":21},{"not_picked":["Endless Agony+1","Slice+1"],"picked":"Cloak And Dagger","floor":24},{"not_picked":["Sucker Punch+1","Choke+1"],"picked":"Dagger Throw+1","floor":27},{"not_picked":["Backflip","Dodge and Roll+1"],"picked":"After Image","floor":31},{"not_picked":["Glass Knife+1","Adrenaline"],"picked":"A Thousand Cuts","floor":33},{"not_picked":["Quick Slash+1","Underhanded Strike+1","Acrobatics+1"],"picked":"SKIP","floor":35},{"not_picked":["Sucker Punch+1","Crippling Poison+1"],"picked":"Cloak And Dagger+1","floor":39},{"not_picked":["Prepared","Deadly Poison","Dagger Throw+1"],"picked":"SKIP","floor":44},{"not_picked":["Reflex","Prepared+1"],"picked":"Blade Dance","floor":45},{"not_picked":["Deadly Poison","Escape Plan","Dagger Spray+1"],"picked":"SKIP","floor":47}],"player_experience":406946,"relics_obtained":[{"floor":6,"key":"Dream Catcher"},{"floor":8,"key":"Strawberry"},{"floor":9,"key":"Orichalcum"},{"floor":13,"key":"Bag of Marbles"},{"floor":17,"key":"PreservedInsect"},{"floor":17,"key":"Molten Egg 2"},{"floor":17,"key":"Ice Cream"},{"floor":24,"key":"Meat on the Bone"},{"floor":27,"key":"Ninja Scroll"},{"floor":31,"key":"Potion Belt"},{"floor":39,"key":"Mango"},{"floor":41,"key":"Omamori"},{"floor":43,"key":"MawBank"}],"event_choices":[{"damage_healed":0,"gold_gain":0,"player_choice":"Entered Light","damage_taken":17,"max_hp_gain":0,"max_hp_loss":0,"event_name":"Shining Light","floor":2,"gold_loss":0,"cards_upgraded":["Strike_G","Defend_G"]},{"cards_removed":["Defend_G"],"damage_healed":0,"gold_gain":0,"player_choice":"Card Removal","damage_taken":7,"max_hp_gain":0,"max_hp_loss":0,"event_name":"Golden Wing","floor":5,"gold_loss":0},{"damage_healed":0,"gold_gain":0,"player_choice":"Trade","damage_taken":0,"relics_obtained":["NlothsMask"],"max_hp_gain":0,"max_hp_loss":0,"event_name":"FaceTrader","floor":11,"gold_loss":0},{"cards_removed":["Strike_G"],"damage_healed":0,"gold_gain":0,"player_choice":"Purged","damage_taken":0,"max_hp_gain":0,"max_hp_loss":0,"event_name":"Purifier","floor":28,"gold_loss":0},{"damage_healed":0,"gold_gain":0,"cards_transformed":["Strike_G"],"player_choice":"Transformed","damage_taken":0,"max_hp_gain":0,"max_hp_loss":0,"event_name":"Transmorgrifier","floor":30,"gold_loss":0,"cards_obtained":["A Thousand Cuts"]},{"damage_healed":0,"gold_gain":0,"player_choice":"Ignored","damage_taken":0,"max_hp_gain":0,"max_hp_loss":0,"event_name":"Tomb of Lord Red Mask","floor":36,"gold_loss":0},{"damage_healed":0,"gold_gain":0,"player_choice":"Embrace Madness","damage_taken":11,"max_hp_gain":0,"max_hp_loss":0,"event_name":"Winding Halls","floor":37,"gold_loss":0,"cards_obtained":["Madness","Madness"]},{"damage_healed":0,"gold_gain":0,"player_choice":"Fight","damage_taken":0,"max_hp_gain":0,"max_hp_loss":0,"event_name":"Mysterious Sphere","floor":39,"gold_loss":0},{"damage_healed":0,"gold_gain":0,"player_choice":"Upgrade","damage_taken":0,"relics_obtained":["Mark of the Bloom"],"max_hp_gain":0,"max_hp_loss":0,"event_name":"MindBloom","floor":48,"gold_loss":0,"cards_upgraded":["Defend_G","Defend_G","Defend_G","Strike_G","Survivor","Acrobatics","Finisher","Leg Sweep","Madness","Madness","Blade Dance"]}],"is_beta":true,"boss_relics":[{"not_picked":["Eternal Feather","Velvet Choker"],"picked":"Calling Bell"},{"not_picked":["Sozu","Busted Crown"],"picked":"Ring of the Serpent"}],"items_purged_floors":[4,12,20],"is_endless":false,"potions_floor_spawned":[3,6,13,16,18,24,31,39,47],"ascension_level":1}