{"gold_per_floor":[114,129,129,144,159,189,189,204,204,181,181,181,196,211,211,311,311,326,341,356,143,68,98,98,71,96,108,120,147,174,201,213,325,337,364,776,803,815],"floor_reached":38,"playtime":2295,"items_purged":["Strike_G"],"score":425,"play_id":"cdcd4ede-d8b7-4f73-9b8d-ae108f3d3c6c","local_time":"20181103094720","daily_mods":["Cursed Run","Uncertain Future","Terminal"],"is_ascension_mode":false,"campfire_choices":[{"data":"Cloak And Dagger","floor":7,"key":"SMITH"},{"data":"Cloak And Dagger","floor":12,"key":"SMITH"},{"data":"Blade Dance","floor":15,"key":"SMITH"},{"data":"A Thousand Cuts","floor":24,"key":"SMITH"},{"floor":27,"key":"REST"},{"data":"Accuracy","floor":32,"key":"SMITH"}],"neow_cost":"","seed_source_timestamp":0,"circlet_count":0,"master_deck":["Defend_G","Defend_G","Defend_G","Defend_G","Defend_G","Strike_G","Strike_G","Strike_G","Survivor","Neutralize","Quick Slash","Cloak And Dagger+1","Cloak And Dagger+1","Blade Dance+1","Clumsy","Blade Dance","Escape Plan","Finisher","Writhe","Accuracy+1","Prepared","Blade Dance","A Thousand Cuts+1","Backflip","Injury","Terror+1","Parasite","Adrenaline","Prepared+1","Cloak And Dagger+1"],"special_seed":17838,"relics":["Cursed Key","Darkstone Periapt","Du-Vu Doll","Strawberry","Bird Faced Urn","Tingsha","Sozu","Shovel","MawBank","Old Coin"],"potions_floor_usage":[5,20],"damage_taken":[{"damage":0,"enemies":"2 Louse","floor":1,"turns":3},{"damage":0,"enemies":"Jaw Worm","floor":2,"turns":4},{"damage":0,"enemies":"Cultist","floor":4,"turns":3},{"damage":0,"enemies":"Red Slaver","floor":5,"turns":3},{"damage":28,"enemies":"Gremlin Nob","floor":6,"turns":6},{"damage":0,"enemies":"Exordium Wildlife","floor":8,"turns":4},{"damage":0,"enemies":"Large Slime","floor":13,"turns":4},{"damage":0,"enemies":"3 Louse","floor":14,"turns":2},{"damage":1,"enemies":"Slime Boss","floor":16,"turns":9},{"damage":0,"enemies":"Shell Parasite","floor":18,"turns":4},{"damage":0,"enemies":"Spheric Guardian","floor":19,"turns":3},{"damage":0,"enemies":"Snecko","floor":20,"turns":4},{"damage":30,"enemies":"Book of Stabbing","floor":23,"turns":6},{"damage":21,"enemies":"Snake Plant","floor":29,"turns":4},{"damage":0,"enemies":"Sentry and Sphere","floor":30,"turns":2},{"damage":0,"enemies":"Cultist and Chosen","floor":31,"turns":3},{"damage":28,"enemies":"Collector","floor":33,"turns":7},{"damage":0,"enemies":"Orb Walker","floor":35,"turns":2},{"damage":26,"enemies":"Mind Bloom Boss Battle","floor":36,"turns":4},{"damage":0,"enemies":"3 Shapes","floor":37,"turns":5},{"damage":52,"enemies":"2 Orb Walkers","floor":38,"turns":3}],"seed_played":"-2706670259643309342","potions_obtained":[{"floor":4,"key":"Strength Potion"},{"floor":8,"key":"Weak Potion"},{"floor":14,"key":"Energy Potion"}],"is_trial":false,"path_per_floor":["M","M","?","M","M","E","R","M","T","$","?","R","M","M","R","B",null,"M","M","M","$","?","E","R","$","T","R","$","M","M","M","R","B",null,"M","?","M","?"],"character_chosen":"THE_SILENT","items_purchased":["Blade Dance","A Thousand Cuts","Backflip"],"campfire_rested":1,"item_purchase_floors":[10,21,25],"current_hp_per_floor":[68,67,66,65,64,43,43,43,49,49,49,49,49,49,49,54,71,70,69,68,67,66,40,40,40,46,66,66,49,53,55,55,37,66,65,41,45,0],"gold":815,"neow_bonus":"","is_prod":false,"is_daily":true,"chose_seed":false,"campfire_upgraded":5,"win_rate":0,"timestamp":1541263640,"path_taken":["M","M","?","M","M","E","R","M","T","$","?","R","M","?","R","BOSS","M","M","M","?","?","E","R","$","T","R","?","M","M","M","R","BOSS","M","?","M","?"],"build_version":"2018-11-01","purchased_purges":1,"victory":false,"max_hp_per_floor":[68,67,66,65,64,70,69,68,73,72,71,70,69,68,67,72,71,70,69,68,67,66,65,64,63,68,67,66,65,64,63,62,67,66,65,64,63,63],"card_choices":[{"not_picked":["Bane","Distraction","Eviscerate"],"picked":"SKIP","floor":1},{"not_picked":["Poisoned Stab","Crippling Poison"],"picked":"Quick Slash","floor":2},{"not_picked":["Reflex","Tactician"],"picked":"Cloak And Dagger","floor":4},{"not_picked":["Flying Knee","Dagger Throw"],"picked":"Cloak And Dagger","floor":5},{"not_picked":["Distraction","Dash"],"picked":"Blade Dance","floor":6},{"not_picked":["Outmaneuver","Deflect","Tools of the Trade"],"picked":"SKIP","floor":8},{"not_picked":["Predator","Outmaneuver"],"picked":"Escape Plan","floor":13},{"not_picked":["Sucker Punch","Calculated Gamble"],"picked":"Finisher","floor":14},{"not_picked":["Dagger Spray","Skewer+1"],"picked":"Accuracy","floor":18},{"not_picked":["Outmaneuver","Flying Knee+1"],"picked":"Prepared","floor":19},{"not_picked":["Dodge and Roll","Deadly Poison"],"picked":"Blade Dance","floor":20},{"not_picked":["Choke","Riddle With Holes+1","PiercingWail+1"],"picked":"SKIP","floor":23},{"not_picked":["Dodge and Roll+1","Predator"],"picked":"Terror+1","floor":29},{"not_picked":["Slice","Backstab","Well Laid Plans"],"picked":"SKIP","floor":30},{"not_picked":["Grand Finale","Poisoned Stab+1","All Out Attack"],"picked":"SKIP","floor":31},{"not_picked":["Phantasmal Killer","Glass Knife"],"picked":"Adrenaline","floor":33},{"not_picked":["Footwork","Setup"],"picked":"Prepared+1","floor":35},{"not_picked":["Slice","Flying Knee"],"picked":"Cloak And Dagger+1","floor":36},{"not_picked":["Well Laid Plans","Slice+1","Tactician"],"picked":"SKIP","floor":37}],"player_experience":532382,"relics_obtained":[{"floor":6,"key":"Strawberry"},{"floor":9,"key":"Bird Faced Urn"},{"floor":23,"key":"Shovel"},{"floor":26,"key":"MawBank"},{"floor":36,"key":"Old Coin"}],"event_choices":[{"damage_healed":0,"gold_gain":0,"player_choice":"Ignored","damage_taken":0,"max_hp_gain":0,"max_hp_loss":0,"event_name":"Liars Game","floor":3,"gold_loss":0},{"damage_healed":0,"gold_gain":0,"player_choice":"Gave Potion","damage_taken":0,"relics_obtained":["Tingsha"],"max_hp_gain":0,"max_hp_loss":0,"event_name":"WeMeetAgain","floor":11,"gold_loss":0},{"cards_removed":["Strike_G"],"damage_healed":0,"gold_gain":0,"player_choice":"Gave Gold","damage_taken":0,"max_hp_gain":0,"max_hp_loss":0,"event_name":"Beggar","floor":22,"gold_loss":75},{"damage_healed":0,"gold_gain":0,"player_choice":"Fight","damage_taken":0,"max_hp_gain":0,"max_hp_loss":0,"event_name":"MindBloom","floor":36,"gold_loss":0},{"damage_healed":0,"gold_gain":0,"player_choice":"Fight","damage_taken":0,"max_hp_gain":0,"max_hp_loss":0,"event_name":"Mysterious Sphere","floor":38,"gold_loss":0}],"is_beta":false,"boss_relics":[{"not_picked":["Philosopher\u0027s Stone","Lizard Tail"],"picked":"Sozu"},{"not_picked":["White Beast Statue","Velvet Choker","Pandora\u0027s Box"]}],"items_purged_floors":[21],"is_endless":false,"potions_floor_spawned":[4,8,14,19,30,31,36,37],"killed_by":"2 Orb Walkers","ascension_level":0}