{"path_per_floor":["M","?","M","M","M","E","R","M","T","R","?"],"character_chosen":"DEFECT","items_purchased":[],"gold_per_floor":[110,110,120,130,144,175,175,194,263,263,263,263],"floor_reached":12,"campfire_rested":0,"playtime":372,"item_purchase_floors":[],"current_hp_per_floor":[68,68,57,47,42,19,19,1,1,1,1,0],"items_purged":[],"gold":263,"score":96,"play_id":"b898a404-ce23-4e7c-ab14-8106121b2007","local_time":"20180606113307","is_prod":false,"is_daily":false,"chose_seed":false,"is_ascension_mode":true,"campfire_upgraded":2,"win_rate":0,"timestamp":1528277587,"campfire_choices":[{"data":"Zap","floor":7,"key":"SMITH"},{"data":"Loop","floor":10,"key":"SMITH"}],"path_taken":["M","?","M","M","M","E","R","?","T","R","?","?"],"build_version":"2018-05-31","seed_source_timestamp":269190233232140,"purchased_purges":0,"victory":false,"master_deck":["Strike_B","Strike_B","Strike_B","Strike_B","Defend_B","Defend_B","Defend_B","Defend_B","Zap+1","Dualcast","Genetic Algorithm","Regret","Steam Power","Cold Snap","Cold Snap","Loop+1","Genetic Algorithm"],"max_hp_per_floor":[75,75,75,75,75,75,75,75,75,75,75,75],"relics":["Cracked Core","Omamori","Ginger","Matryoshka"],"card_choices":[{"not_picked":["BootSequence","White Noise"],"picked":"Genetic Algorithm","floor":1},{"not_picked":["Beam Cell","Rebound"],"picked":"Steam Power","floor":3},{"not_picked":["Conserve Battery","Reprogram"],"picked":"Cold Snap","floor":4},{"not_picked":["Leap","Coolheaded"],"picked":"Cold Snap","floor":5},{"not_picked":["Doom and Gloom","Conserve Battery"],"picked":"Loop","floor":6},{"not_picked":["Coolheaded","Rip and Tear"],"picked":"Genetic Algorithm","floor":8}],"player_experience":350793,"potions_floor_usage":[6,8],"damage_taken":[{"damage":7,"enemies":"Jaw Worm","floor":1,"turns":4},{"damage":11,"enemies":"2 Louse","floor":3,"turns":2},{"damage":10,"enemies":"Small Slimes","floor":4,"turns":3},{"damage":5,"enemies":"3 Louse","floor":5,"turns":4},{"damage":23,"enemies":"3 Sentries","floor":6,"turns":10},{"damage":18,"enemies":"Lots of Slimes","floor":8,"turns":5},{"damage":2,"enemies":"Blue Slaver","floor":12,"turns":1}],"relics_obtained":[{"floor":6,"key":"Ginger"},{"floor":9,"key":"Matryoshka"}],"event_choices":[{"event_name":"Big Fish","player_choice":"Box","floor":2,"damage_taken":0},{"event_name":"Dead Adventurer","player_choice":"Searched \u00270\u0027 times","floor":11,"damage_taken":0}],"boss_relics":[],"items_purged_floors":[],"potions_floor_spawned":[1,3,8],"seed_played":"4501372228039849753","killed_by":"Blue Slaver","ascension_level":4,"potions_obtained":[{"floor":1,"key":"SkillPotion"},{"floor":3,"key":"Block Potion"},{"floor":8,"key":"Poison Potion"}],"is_trial":false}