{"path_per_floor":["M","M","M","M","M","E","M","R","T","M","?","R","?","?","R","B",null,"M","M","$","?","?"],"character_chosen":"THE_SILENT","items_purchased":["Bottled Lightning","Heel Hook","Predator","Bouncing Flask"],"gold_per_floor":[217,235,249,266,281,314,326,326,376,393,393,393,393,393,393,496,496,511,525,21,21,21],"floor_reached":23,"campfire_rested":1,"playtime":1362,"current_hp_per_floor":[70,70,69,61,51,27,25,25,25,15,8,29,46,46,46,26,67,60,34,34,18,18],"items_purged":["Strike_G"],"gold":21,"play_id":"94f9ad32-f349-4f55-bee1-4d6387d98ca8","is_prod":false,"is_daily":false,"is_ascension_mode":false,"campfire_upgraded":2,"path_taken":["M","M","M","M","M","E","M","R","T","M","?","R","?","?","R","BOSS","M","?","$","?","?","E"],"build_version":"2018-02-01-PROD1","purchased_purges":1,"victory":false,"master_deck":["Defend_G","Defend_G","Defend_G","Defend_G","Defend_G","Strike_G","Strike_G","Strike_G","Survivor","Neutralize","Terror+1","Dagger Spray","Dagger Throw","PiercingWail","Noxious Fumes+1","Blade Dance","Bane","Flying Knee","Bullet Time","Sucker Punch","Riddle With Holes","Heel Hook","Predator","Bouncing Flask+1","Necronomicurse"],"max_hp_per_floor":[70,70,70,70,70,70,70,70,70,70,70,70,70,67,67,67,67,67,67,67,67,67],"relics":["Ring of the Snake","Letter Opener","Anchor","Spirit Poop","Black Star","Bottled Lightning","Necronomicon"],"card_choices":[{"not_picked":["Poisoned Stab","Sucker Punch"],"picked":"Terror"},{"not_picked":["Dagger Throw","Doppelganger"],"picked":"Dagger Spray"},{"not_picked":["Prepared","Blur"],"picked":"Dagger Throw"},{"not_picked":["Bane","Dagger Spray"],"picked":"PiercingWail"},{"not_picked":["Escape Plan","Bane"],"picked":"Noxious Fumes"},{"not_picked":["Venomology","Leg Sweep"],"picked":"Blade Dance"},{"not_picked":["Underhanded Strike","Dagger Spray"],"picked":"Bane"},{"not_picked":["Bane","Infinite Blades"],"picked":"Flying Knee"},{"not_picked":["Glass Knife","Phantasmal Killer"],"picked":"Bullet Time"},{"not_picked":["Slice","Dagger Throw"],"picked":"Sucker Punch"},{"not_picked":["Reflex","Eviscerate"],"picked":"Riddle With Holes"}],"player_experience":62810,"potions_floor_usage":[4,19,23,23],"damage_taken":[{"damage":0,"enemies":"2 Louse","floor":1,"turns":3},{"damage":0,"enemies":"Cultist","floor":2,"turns":4},{"damage":1,"enemies":"Jaw Worm","floor":3,"turns":4},{"damage":8,"enemies":"Exordium Wildlife","floor":4,"turns":2},{"damage":10,"enemies":"3 Louse","floor":5,"turns":3},{"damage":24,"enemies":"Lagavulin","floor":6,"turns":8},{"damage":2,"enemies":"Looter","floor":7,"turns":4},{"damage":10,"enemies":"Exordium Thugs","floor":10,"turns":4},{"damage":20,"enemies":"Hexaghost","floor":16,"turns":9},{"damage":7,"enemies":"2 Thieves","floor":18,"turns":4},{"damage":26,"enemies":"Spheric Guardian","floor":19,"turns":6},{"damage":32,"enemies":"Book of Stabbing","floor":23,"turns":4}],"event_choices":[{"event_name":"Golden Wing","player_choice":"Card Removal","floor":11,"damage_taken":0},{"event_name":"Mushrooms","player_choice":"Healed and dodged fight","floor":13,"damage_taken":0},{"event_name":"Bonfire Elementals","player_choice":"CURSE","floor":14,"damage_taken":0},{"event_name":"Cursed Tome","player_choice":"Obtained Book","floor":21,"damage_taken":0},{"event_name":"Upgrade Shrine","player_choice":"Upgraded","floor":22,"damage_taken":0}],"boss_relics":[{"not_picked":["Snecko Eye","Cursed Key"],"picked":"Black Star"}],"potions_floor_spawned":[2,7,16,18],"seed_played":"-6248472795038257891","killed_by":"Book of Stabbing","ascension_level":0,"is_trial":false}