{"gold_per_floor":[119,136,136,136,58,58,78,78,78,28,28,28,44,54,54,54],"floor_reached":16,"playtime":521,"items_purged":[],"score":135,"play_id":"f9fae6da-743b-4c1d-a99c-258189063c2f","local_time":"20180917045314","is_ascension_mode":true,"campfire_choices":[{"floor":6,"key":"REST"},{"floor":8,"key":"REST"},{"data":"Dualcast","floor":12,"key":"SMITH"},{"data":"Zap","floor":15,"key":"SMITH"}],"neow_cost":"NONE","seed_source_timestamp":144580580969360,"circlet_count":0,"master_deck":["Strike_B","Strike_B+1","Defend_B","Defend_B+1","Defend_B","Defend_B","Zap+1","Dualcast+1","AscendersBane","Force Field","White Noise","Conserve Battery","Self Repair"],"relics":["Cracked Core","Kunai","Turnip"],"potions_floor_usage":[16],"damage_taken":[{"damage":8,"enemies":"2 Louse","floor":1,"turns":2},{"damage":3,"enemies":"Small Slimes","floor":2,"turns":6},{"damage":8,"enemies":"Jaw Worm","floor":7,"turns":5},{"damage":6,"enemies":"Lots of Slimes","floor":13,"turns":2},{"damage":4,"enemies":"Red Slaver","floor":14,"turns":5},{"damage":82,"enemies":"Hexaghost","floor":16,"turns":12}],"seed_played":"7109430391279451049","potions_obtained":[{"floor":7,"key":"SpeedPotion"},{"floor":13,"key":"FairyPotion"}],"is_trial":false,"path_per_floor":["M","M","?","?","$","R","M","R","T","?","T","R","M","M","R"],"character_chosen":"DEFECT","items_purchased":["White Noise"],"campfire_rested":2,"item_purchase_floors":[5],"current_hp_per_floor":[60,57,57,42,42,64,56,75,75,75,75,75,69,72,72,0],"gold":54,"neow_bonus":"REMOVE_CARD","is_prod":false,"is_daily":false,"chose_seed":false,"campfire_upgraded":2,"win_rate":0,"timestamp":1537152794,"path_taken":["M","M","?","?","$","R","?","R","T","?","?","R","M","M","R","BOSS"],"build_version":"2018-09-06","purchased_purges":0,"victory":false,"max_hp_per_floor":[75,75,75,75,75,75,75,75,75,75,75,75,75,75,75,75],"card_choices":[{"not_picked":["Coolheaded","Leap","Hologram"],"picked":"SKIP","floor":1},{"not_picked":["Aggregate","Turbo"],"picked":"Force Field","floor":2},{"not_picked":["Consume","Go for the Eyes"],"picked":"Conserve Battery","floor":7},{"not_picked":["BootSequence","Leap"],"picked":"Self Repair","floor":13},{"not_picked":["Turbo","Consume","Gash"],"picked":"SKIP","floor":14}],"player_experience":276306,"relics_obtained":[{"floor":9,"key":"Kunai"},{"floor":11,"key":"Turnip"}],"event_choices":[{"event_name":"Liars Game","player_choice":"disagreed","floor":3,"damage_taken":0},{"event_name":"Shining Light","player_choice":"Entered Light","floor":4,"damage_taken":0},{"event_name":"The Cleric","player_choice":"Card Removal","floor":10,"damage_taken":0}],"is_beta":false,"boss_relics":[],"items_purged_floors":[],"is_endless":false,"potions_floor_spawned":[7,13],"killed_by":"Hexaghost","ascension_level":10}