{"path_per_floor":["M","M","?","M","M","R","E","R","T","?","R","E","$","M","R","B",null,"M","?","M","?","?"],"character_chosen":"THE_SILENT","items_purchased":["Tools of the Trade"],"gold_per_floor":[114,127,127,140,153,153,178,178,203,203,203,244,87,105,105,231,231,247,247,270,185,185,185],"floor_reached":23,"campfire_rested":2,"playtime":1111,"current_hp_per_floor":[57,54,59,59,59,59,34,34,34,34,56,46,46,33,55,25,63,37,37,27,27,27,0],"items_purged":[],"gold":185,"score":308,"play_id":"8bceacbd-f6b2-4529-991b-61273a5e1fdc","local_time":"20180512103108","is_prod":false,"is_daily":false,"chose_seed":false,"is_ascension_mode":true,"campfire_upgraded":2,"timestamp":1526146268,"path_taken":["M","M","?","M","M","R","E","R","T","?","R","E","$","M","R","BOSS","M","?","M","?","?","E"],"build_version":"2018-05-10","seed_source_timestamp":295394786537349,"purchased_purges":0,"victory":false,"master_deck":["Defend_G","Defend_G","Defend_G","Defend_G","Defend_G","Strike_G","Strike_G","Strike_G","Strike_G","Strike_G","Survivor","Neutralize+1","AscendersBane","Deadly Poison+1","Dagger Spray","Flying Knee","Poisoned Stab","Burst","Injury","Well Laid Plans","Tools of the Trade","Deadly Poison","Envenom","Deflect+1","Dagger Spray"],"max_hp_per_floor":[70,70,75,75,75,75,75,75,75,75,75,75,75,75,75,75,75,75,75,75,75,75,75],"relics":["Ring of the Snake","Anchor","Singing Bowl","Golden Idol","Omamori","Eternal Feather","Regal Pillow"],"card_choices":[{"not_picked":["Catalyst","Crippling Poison"],"picked":"Deadly Poison","floor":1},{"not_picked":["Leg Sweep","Dash"],"picked":"Dagger Spray","floor":2},{"not_picked":["Slice","Deflect"],"picked":"Flying Knee","floor":4},{"not_picked":["Blade Dance","Dodge and Roll"],"picked":"Poisoned Stab","floor":5},{"not_picked":["Outmaneuver","Quick Slash"],"picked":"Burst","floor":7},{"not_picked":["Flying Knee","Deflect"],"picked":"Well Laid Plans","floor":12},{"not_picked":["Endless Agony","Bane"],"picked":"Deadly Poison","floor":14},{"not_picked":["Grand Finale","Adrenaline"],"picked":"Envenom","floor":16},{"not_picked":["Flying Knee","Outmaneuver"],"picked":"Deflect","floor":18},{"not_picked":["Dagger Throw","Unload"],"picked":"Dagger Spray","floor":20}],"player_experience":278224,"potions_floor_usage":[12,16,16,20,20],"damage_taken":[{"damage":6,"enemies":"2 Louse","floor":1,"turns":2},{"damage":3,"enemies":"Jaw Worm","floor":2,"turns":4},{"damage":0,"enemies":"Small Slimes","floor":4,"turns":3},{"damage":0,"enemies":"Blue Slaver","floor":5,"turns":4},{"damage":25,"enemies":"Gremlin Nob","floor":7,"turns":4},{"damage":10,"enemies":"3 Sentries","floor":12,"turns":6},{"damage":13,"enemies":"Large Slime","floor":14,"turns":6},{"damage":30,"enemies":"Hexaghost","floor":16,"turns":10},{"damage":26,"enemies":"Shell Parasite","floor":18,"turns":6},{"damage":10,"enemies":"2 Thieves","floor":20,"turns":5},{"damage":34,"enemies":"Gremlin Leader","floor":23,"turns":2}],"event_choices":[{"event_name":"Big Fish","player_choice":"Donut","floor":3,"damage_taken":0},{"event_name":"Golden Idol","player_choice":"Take Wound","floor":10,"damage_taken":0},{"event_name":"Cursed Tome","player_choice":"Ignored","floor":19,"damage_taken":0},{"event_name":"Addict","player_choice":"Obtained Relic","floor":21,"damage_taken":0},{"event_name":"Drug Dealer","player_choice":"Ignored","floor":22,"damage_taken":0}],"boss_relics":[{"not_picked":["Sozu","Lizard Tail"],"picked":"Eternal Feather"}],"potions_floor_spawned":[2,5,7,16,18],"seed_played":"7884615762694356506","killed_by":"Gremlin Leader","ascension_level":11,"is_trial":false}