{"gold_per_floor":[118,118,137,62,82,82,110,110,110,143,158,176,192,192],"floor_reached":14,"playtime":430,"items_purged":["Strike_B"],"score":153,"play_id":"788f3545-d079-4ac2-b7a7-62bcfdc4c2ad","local_time":"20180918021633","is_ascension_mode":true,"campfire_choices":[{"data":"Defragment","floor":6,"key":"SMITH"},{"data":"Zap","floor":8,"key":"SMITH"}],"neow_cost":"NONE","seed_source_timestamp":221670651346174,"circlet_count":0,"master_deck":["Strike_B","Strike_B","Strike_B","Defend_B","Defend_B","Defend_B","Defend_B","Zap+1","Dualcast","AscendersBane","Defragment+1","Conserve Battery","Loop","Sweeping Beam","Conserve Battery"],"relics":["Cracked Core","Bottled Lightning","Bronze Scales","The Courier"],"potions_floor_usage":[7,7,11],"damage_taken":[{"damage":1,"enemies":"Cultist","floor":1,"turns":3},{"damage":2,"enemies":"Jaw Worm","floor":3,"turns":3},{"damage":4,"enemies":"Small Slimes","floor":5,"turns":4},{"damage":33,"enemies":"Gremlin Nob","floor":7,"turns":4},{"damage":20,"enemies":"Lagavulin","floor":10,"turns":5},{"damage":3,"enemies":"Blue Slaver","floor":11,"turns":3},{"damage":4,"enemies":"Exordium Wildlife","floor":12,"turns":3},{"damage":15,"enemies":"Large Slime","floor":13,"turns":5},{"damage":4,"enemies":"Red Slaver","floor":14,"turns":1}],"seed_played":"7803517067170147618","potions_obtained":[{"floor":1,"key":"Strength Potion"},{"floor":5,"key":"Regen Potion"},{"floor":10,"key":"SpeedPotion"},{"floor":13,"key":"Energy Potion"}],"is_trial":false,"path_per_floor":["M","?","M","$","M","R","E","R","T","E","M","M","M"],"character_chosen":"DEFECT","items_purchased":[],"campfire_rested":0,"item_purchase_floors":[],"current_hp_per_floor":[67,72,70,70,66,66,45,45,45,25,22,18,3,0],"gold":192,"neow_bonus":"THREE_CARDS","is_prod":false,"is_daily":false,"chose_seed":false,"campfire_upgraded":2,"win_rate":0,"timestamp":1537229793,"path_taken":["M","?","M","$","M","R","E","R","T","E","M","M","M","M"],"build_version":"2018-09-06","purchased_purges":1,"victory":false,"max_hp_per_floor":[75,80,80,80,80,80,80,80,80,80,80,80,80,80],"card_choices":[{"not_picked":["Force Field","Tempest","Barrage"],"picked":"SKIP","floor":1},{"not_picked":["Hologram","Lockon","Leap"],"picked":"SKIP","floor":3},{"not_picked":["Beam Cell","Coolheaded"],"picked":"Defragment","floor":5},{"not_picked":["Melter","Fusion","Recycle"],"picked":"SKIP","floor":7},{"not_picked":["Scrape","Hologram"],"picked":"Conserve Battery","floor":10},{"not_picked":["Go for the Eyes","Conserve Battery"],"picked":"Loop","floor":11},{"not_picked":["Chaos","Meteor Strike"],"picked":"Sweeping Beam","floor":12},{"not_picked":["Redo","Sweeping Beam"],"picked":"Conserve Battery","floor":13}],"player_experience":321101,"relics_obtained":[{"floor":7,"key":"Bottled Lightning"},{"floor":9,"key":"Bronze Scales"},{"floor":10,"key":"The Courier"}],"event_choices":[{"event_name":"Big Fish","player_choice":"Donut","floor":2,"damage_taken":0}],"is_beta":false,"boss_relics":[],"items_purged_floors":[4],"is_endless":false,"potions_floor_spawned":[1,5,10,13],"killed_by":"Red Slaver","ascension_level":10}