{"gold_per_floor":[119,137,137,156,174,201,201,230,304,319,319,401,415,434,434,513,513,526,539,539,557,286,315,315,326,350,369,369,394,410,36,36,109,109,122,142,142,142,17,17,50,50,50,82,82,114,64,75,75,75],"floor_reached":51,"playtime":7763,"items_purged":["Defend_B","Strike_B","Strike_B","Strike_B"],"score":1324,"play_id":"04553a92-a813-4540-828f-3831f77c37d7","local_time":"20190303163900","is_ascension_mode":true,"campfire_choices":[{"floor":7,"key":"REST"},{"floor":11,"key":"REST"},{"data":"Zap","floor":15,"key":"SMITH"},{"data":"Echo Form","floor":24,"key":"SMITH"},{"data":"Ghostly","floor":32,"key":"SMITH"},{"data":"Ghostly","floor":40,"key":"SMITH"},{"data":"Ghostly","floor":42,"key":"SMITH"},{"data":"Ghostly","floor":49,"key":"SMITH"}],"neow_cost":"NONE","seed_source_timestamp":1097006514652000,"circlet_count":0,"master_deck":["AscendersBane","Defend_B","Defend_B","Defend_B","Zap+1","Dualcast","Conserve Battery","Chaos","FTL","Streamline","Coolheaded","Ball Lightning","White Noise+1","Coolheaded","Echo Form+1","Sweeping Beam+1","Gash","Self Repair","Ghostly+1","Ghostly+1","Ghostly+1","Ghostly+1","Ghostly+1","Capacitor","Conserve Battery+1","Gash","Seek+1","Hologram+1","Glacier","Gash","Defragment","Coolheaded"],"relics":["Cracked Core","Orichalcum","Emotion Chip","Prayer Wheel","Matryoshka","Potion Belt","Meat on the Bone","Black Star","Toy Ornithopter","Blood Vial","Bag of Preparation","Dodecahedron","War Paint","Strawberry","Incense Burner","DataDisk","Philosopher\u0027s Stone","Centennial Puzzle","Juzu Bracelet","Smiling Mask","Happy Flower","Mercury Hourglass","Omamori","Nunchaku"],"potions_floor_usage":[16,29,45,50,50,50,50,50,50,50],"damage_taken":[{"damage":6,"enemies":"Small Slimes","floor":1,"turns":3},{"damage":5,"enemies":"Jaw Worm","floor":2,"turns":4},{"damage":0,"enemies":"Cultist","floor":4,"turns":3},{"damage":1,"enemies":"Large Slime","floor":5,"turns":5},{"damage":38,"enemies":"Gremlin Nob","floor":6,"turns":5},{"damage":20,"enemies":"3 Sentries","floor":8,"turns":8},{"damage":1,"enemies":"2 Fungi Beasts","floor":10,"turns":3},{"damage":9,"enemies":"Lots of Slimes","floor":13,"turns":4},{"damage":3,"enemies":"Blue Slaver","floor":14,"turns":4},{"damage":23,"enemies":"Hexaghost","floor":16,"turns":11},{"damage":10,"enemies":"Shell Parasite","floor":18,"turns":5},{"damage":14,"enemies":"3 Byrds","floor":19,"turns":4},{"damage":8,"enemies":"Centurion and Healer","floor":21,"turns":10},{"damage":20,"enemies":"Slavers","floor":23,"turns":9},{"damage":0,"enemies":"Snake Plant","floor":25,"turns":7},{"damage":0,"enemies":"Snecko","floor":27,"turns":5},{"damage":7,"enemies":"Gremlin Leader","floor":29,"turns":10},{"damage":6,"enemies":"3 Cultists","floor":30,"turns":5},{"damage":30,"enemies":"Champ","floor":33,"turns":10},{"damage":0,"enemies":"3 Darklings","floor":35,"turns":8},{"damage":0,"enemies":"3 Shapes","floor":36,"turns":4},{"damage":0,"enemies":"Giant Head","floor":41,"turns":8},{"damage":6,"enemies":"Nemesis","floor":44,"turns":11},{"damage":0,"enemies":"Reptomancer","floor":46,"turns":9},{"damage":0,"enemies":"Transient","floor":48,"turns":5},{"damage":10,"enemies":"Donu and Deca","floor":50,"turns":14}],"seed_played":"-6719208703280980521","potions_obtained":[{"floor":5,"key":"Dexterity Potion"},{"floor":8,"key":"Strength Potion"},{"floor":13,"key":"LiquidBronze"},{"floor":14,"key":"Swift Potion"},{"floor":16,"key":"EntropicBrew"},{"floor":30,"key":"Dexterity Potion"},{"floor":41,"key":"Swift Potion"},{"floor":45,"key":"Fruit Juice"},{"floor":45,"key":"Regen Potion"}],"is_trial":false,"path_per_floor":["M","M","?","M","M","E","R","E","T","M","R","T","M","M","R","B",null,"M","M","?","M","$","E","R","M","T","M","?","E","M","$","R","B",null,"M","M","?","?","$","R","E","R","T","E","?","E","$","M","R","B",null],"character_chosen":"DEFECT","items_purchased":["Toy Ornithopter","DataDisk","Glacier","Gash"],"campfire_rested":2,"item_purchase_floors":[22,31,31,31],"current_hp_per_floor":[62,57,50,50,49,11,33,13,13,12,34,34,37,46,46,35,65,55,41,37,36,36,28,28,37,37,37,37,44,44,44,44,33,41,44,44,44,44,44,44,44,44,44,44,49,49,49,49,49,49],"gold":75,"neow_bonus":"RANDOM_COMMON_RELIC","is_prod":false,"is_daily":false,"chose_seed":false,"campfire_upgraded":6,"win_rate":0,"timestamp":1551659940,"path_taken":["M","M","?","M","M","E","R","E","T","M","R","?","M","M","R","BOSS","M","M","?","M","$","E","R","M","T","M","?","E","M","$","R","BOSS","M","M","?","?","$","R","E","R","T","E","?","E","$","M","R","BOSS"],"build_version":"2019-01-23","purchased_purges":4,"victory":true,"max_hp_per_floor":[75,75,75,75,75,75,75,75,75,75,75,75,75,75,75,75,75,75,75,37,37,37,37,37,37,37,37,37,44,44,44,44,44,44,44,44,44,44,44,44,44,44,44,44,49,49,49,49,49,49],"card_choices":[{"not_picked":["Barrage","Consume"],"picked":"Conserve Battery","floor":1},{"not_picked":["Heatsinks","White Noise"],"picked":"Chaos","floor":2},{"not_picked":["Leap","Undo"],"picked":"FTL","floor":4},{"not_picked":["White Noise","Reprogram","Lockon"],"picked":"SKIP","floor":5},{"not_picked":["Leap","Lockon"],"picked":"Streamline","floor":6},{"not_picked":["Chill","BootSequence"],"picked":"Coolheaded","floor":8},{"not_picked":["Cold Snap","Meteor Strike"],"picked":"Ball Lightning","floor":10},{"not_picked":["Sunder","Leap"],"picked":"White Noise","floor":10},{"not_picked":["Leap","Blizzard"],"picked":"Coolheaded","floor":13},{"not_picked":["Loop","Coolheaded","Steam"],"picked":"SKIP","floor":13},{"not_picked":["Aggregate","Redo","Turbo"],"picked":"SKIP","floor":14},{"not_picked":["Beam Cell","Reprogram","Conserve Battery"],"picked":"SKIP","floor":14},{"not_picked":["Seek","All For One"],"picked":"Echo Form","floor":16},{"not_picked":["Turbo","Capacitor"],"picked":"Sweeping Beam+1","floor":18},{"not_picked":["Turbo","Sweeping Beam","Redo"],"picked":"SKIP","floor":18},{"not_picked":["Force Field","Tempest"],"picked":"Gash","floor":19},{"not_picked":["Rip and Tear","Leap"],"picked":"Self Repair","floor":19},{"not_picked":["Ball Lightning","Conserve Battery+1"],"picked":"Capacitor","floor":21},{"not_picked":["Reprogram","Aggregate","Static Discharge+1"],"picked":"SKIP","floor":21},{"not_picked":["Capacitor","All For One"],"picked":"Conserve Battery+1","floor":23},{"not_picked":["Conserve Battery","Beam Cell"],"picked":"Gash","floor":25},{"not_picked":["Sweeping Beam","Stack","Beam Cell"],"picked":"SKIP","floor":25},{"not_picked":["Leap+1","Steam Power"],"picked":"Seek","floor":27},{"not_picked":["Streamline","Stack","Hologram"],"picked":"SKIP","floor":27},{"not_picked":["Storm","Static Discharge"],"picked":"Hologram+1","floor":29},{"not_picked":["Self Repair","White Noise+1","Steam"],"picked":"SKIP","floor":30},{"not_picked":["Melter","Go for the Eyes","Rip and Tear+1"],"picked":"SKIP","floor":30},{"not_picked":["Streamline+1","Turbo","Cold Snap"],"picked":"SKIP","floor":35},{"not_picked":["Tempest","Ball Lightning","Coolheaded"],"picked":"SKIP","floor":35},{"not_picked":["Auto Shields","Coolheaded","White Noise"],"picked":"SKIP","floor":36},{"not_picked":["Melter","Beam Cell","Streamline"],"picked":"SKIP","floor":36},{"not_picked":["Fusion","Hello World"],"picked":"Defragment","floor":41},{"not_picked":["Compile Driver","Cold Snap+1","Barrage+1"],"picked":"SKIP","floor":44},{"not_picked":["Ball Lightning","Compile Driver+1","Thunder Strike"],"picked":"SKIP","floor":46},{"not_picked":["Go for the Eyes","Redo"],"picked":"Coolheaded","floor":48},{"not_picked":["Redo","Barrage","Sweeping Beam"],"picked":"SKIP","floor":48}],"player_experience":667984,"relics_obtained":[{"floor":6,"key":"Emotion Chip"},{"floor":8,"key":"Prayer Wheel"},{"floor":9,"key":"Matryoshka"},{"floor":12,"key":"Potion Belt"},{"floor":12,"key":"Meat on the Bone"},{"floor":23,"key":"Blood Vial"},{"floor":23,"key":"Bag of Preparation"},{"floor":26,"key":"Dodecahedron"},{"floor":26,"key":"War Paint"},{"floor":29,"key":"Strawberry"},{"floor":29,"key":"Incense Burner"},{"floor":41,"key":"Centennial Puzzle"},{"floor":41,"key":"Juzu Bracelet"},{"floor":43,"key":"Smiling Mask"},{"floor":44,"key":"Happy Flower"},{"floor":44,"key":"Mercury Hourglass"},{"floor":46,"key":"Omamori"},{"floor":46,"key":"Nunchaku"}],"event_choices":[{"cards_removed":["Strike_B"],"damage_healed":0,"gold_gain":0,"player_choice":"Card Removal","damage_taken":7,"max_hp_gain":0,"max_hp_loss":0,"event_name":"Golden Wing","floor":3,"gold_loss":0},{"damage_healed":0,"gold_gain":0,"player_choice":"Became a Ghost","damage_taken":0,"max_hp_gain":0,"max_hp_loss":38,"event_name":"Ghosts","floor":20,"gold_loss":0,"cards_obtained":["Ghostly","Ghostly","Ghostly","Ghostly","Ghostly"]},{"damage_healed":0,"gold_gain":0,"player_choice":"Forge","damage_taken":0,"max_hp_gain":0,"max_hp_loss":0,"event_name":"Accursed Blacksmith","floor":28,"gold_loss":0,"cards_upgraded":["Seek"]},{"damage_healed":0,"gold_gain":0,"player_choice":"Ignored","damage_taken":0,"max_hp_gain":0,"max_hp_loss":0,"event_name":"Tomb of Lord Red Mask","floor":37,"gold_loss":0},{"damage_healed":0,"gold_gain":0,"player_choice":"Memory 1","damage_taken":0,"max_hp_gain":0,"max_hp_loss":0,"event_name":"SensoryStone","floor":38,"gold_loss":0},{"damage_healed":0,"gold_gain":0,"player_choice":"Got Potions","damage_taken":0,"max_hp_gain":0,"max_hp_loss":0,"event_name":"Lab","floor":45,"gold_loss":0}],"is_beta":false,"boss_relics":[{"not_picked":["Calling Bell","Inserter"],"picked":"Black Star"},{"not_picked":["Busted Crown","Runic Dome"],"picked":"Philosopher\u0027s Stone"}],"items_purged_floors":[22,31,39,47],"is_endless":false,"potions_floor_spawned":[5,8,13,14,16,18,21,30,33,41,46],"ascension_level":13}