{"gold_per_floor":[116,30,48,48,123,123,157,157,180,205,155,12,47,47,47,148,148,165,185,110,127,127,127],"floor_reached":23,"playtime":1472,"items_purged":["Strike_R"],"score":276,"play_id":"29eaf5aa-10d0-429a-9e17-f87eebe8e457","local_time":"20181106215450","is_ascension_mode":true,"campfire_choices":[{"data":"Uppercut","floor":6,"key":"SMITH"},{"data":"Demon Form","floor":8,"key":"SMITH"},{"data":"Seeing Red","floor":15,"key":"SMITH"}],"neow_cost":"NONE","seed_source_timestamp":203910996426001,"circlet_count":0,"master_deck":["Strike_R","Defend_R","Defend_R","Defend_R","Defend_R","Bash","Uppercut","Uppercut+1","Shrug It Off","Demon Form+1","Seeing Red+1","Flame Barrier","Offering","Spot Weakness+1"],"relics":["Burning Blood","NeowsBlessing","Juzu Bracelet","Bronze Scales","Bottled Tornado","Anchor","Philosopher\u0027s Stone"],"potions_floor_usage":[21,23],"damage_taken":[{"damage":0,"enemies":"Small Slimes","floor":1,"turns":1},{"damage":0,"enemies":"Cultist","floor":3,"turns":1},{"damage":0,"enemies":"Lagavulin","floor":7,"turns":1},{"damage":24,"enemies":"Gremlin Nob","floor":10,"turns":4},{"damage":27,"enemies":"3 Sentries","floor":13,"turns":7},{"damage":23,"enemies":"Slime Boss","floor":16,"turns":7},{"damage":6,"enemies":"Spheric Guardian","floor":18,"turns":3},{"damage":15,"enemies":"2 Thieves","floor":19,"turns":4},{"damage":33,"enemies":"Chosen and Byrds","floor":21,"turns":7},{"damage":52,"enemies":"Gremlin Leader","floor":23,"turns":6}],"seed_played":"-5161475498058311708","potions_obtained":[{"floor":1,"key":"Weak Potion"},{"floor":10,"key":"FearPotion"},{"floor":13,"key":"Dexterity Potion"}],"is_trial":false,"path_per_floor":["M","$","M","?","?","R","E","R","T","E","?","$","E","$","R","B",null,"M","M","?","M","?","E"],"character_chosen":"IRONCLAD","items_purchased":["Uppercut","Shrug It Off","Seeing Red"],"campfire_rested":0,"item_purchase_floors":[2,2,12],"current_hp_per_floor":[80,80,80,80,72,72,78,78,78,60,60,60,39,39,39,22,80,80,71,71,44,44,0],"gold":127,"neow_bonus":"THREE_ENEMY_KILL","is_prod":false,"is_daily":false,"chose_seed":false,"campfire_upgraded":3,"win_rate":0,"timestamp":1541559290,"path_taken":["M","$","M","?","?","R","E","R","T","E","?","$","E","$","R","BOSS","M","M","?","M","?","E"],"build_version":"2018-11-01","purchased_purges":1,"victory":false,"max_hp_per_floor":[80,80,80,80,80,80,80,80,80,80,80,80,80,80,80,80,80,80,80,80,80,80,80],"card_choices":[{"not_picked":["Intimidate","Clothesline"],"picked":"Uppercut","floor":1},{"not_picked":["Thunderclap","Dual Wield","Rupture"],"picked":"SKIP","floor":3},{"not_picked":["Thunderclap","Dual Wield","Rupture"],"picked":"SKIP","floor":3},{"not_picked":["Reckless Charge","Armaments"],"picked":"Demon Form","floor":7},{"not_picked":["Flex","Twin Strike","Dropkick"],"picked":"SKIP","floor":10},{"not_picked":["Twin Strike","Inflame"],"picked":"Flame Barrier","floor":13},{"not_picked":["Brutality","Double Tap"],"picked":"Offering","floor":16},{"not_picked":["Fire Breathing","Anger"],"picked":"Spot Weakness+1","floor":18},{"not_picked":["Blood for Blood","Thunderclap","Clash"],"picked":"SKIP","floor":19},{"not_picked":["Headbutt","Perfected Strike","Spot Weakness"],"picked":"SKIP","floor":21}],"player_experience":183153,"relics_obtained":[{"floor":7,"key":"Juzu Bracelet"},{"floor":9,"key":"Bronze Scales"},{"floor":10,"key":"Bottled Tornado"},{"floor":13,"key":"Anchor"}],"event_choices":[{"damage_healed":0,"gold_gain":0,"player_choice":"Ignored","damage_taken":0,"max_hp_gain":0,"max_hp_loss":0,"event_name":"Liars Game","floor":4,"gold_loss":0},{"damage_healed":0,"gold_gain":75,"player_choice":"Touch","damage_taken":8,"max_hp_gain":0,"max_hp_loss":0,"event_name":"FaceTrader","floor":5,"gold_loss":0},{"cards_removed":["Strike_R"],"damage_healed":0,"gold_gain":0,"player_choice":"Card Removal","damage_taken":0,"max_hp_gain":0,"max_hp_loss":0,"event_name":"The Cleric","floor":11,"gold_loss":50},{"cards_removed":["Strike_R"],"damage_healed":0,"gold_gain":0,"player_choice":"Gave Gold","damage_taken":0,"max_hp_gain":0,"max_hp_loss":0,"event_name":"Beggar","floor":20,"gold_loss":75},{"cards_removed":["Strike_R"],"damage_healed":0,"gold_gain":0,"player_choice":"Purged","damage_taken":0,"max_hp_gain":0,"max_hp_loss":0,"event_name":"Purifier","floor":22,"gold_loss":0}],"is_beta":false,"boss_relics":[{"not_picked":["Empty Cage","Eternal Feather"],"picked":"Philosopher\u0027s Stone"}],"items_purged_floors":[12],"is_endless":false,"potions_floor_spawned":[1,10,13,19],"killed_by":"Gremlin Leader","ascension_level":4}