{"gold_per_floor":[115,131,144,144,73,104,116,116,162,176,176,193,220,0,0,104,104,120,43,8,24,24,24,42,42,118,118],"floor_reached":27,"playtime":1118,"items_purged":[],"score":213,"play_id":"8c6d9d05-0930-48a8-a678-db5e7753bfa1","local_time":"20180715172837","is_ascension_mode":false,"campfire_choices":[{"floor":8,"key":"REST"},{"data":"Double Tap","floor":11,"key":"SMITH"},{"data":"Seeing Red","floor":15,"key":"SMITH"},{"data":"Offering","floor":23,"key":"SMITH"},{"floor":25,"key":"REST"}],"neow_cost":"NONE","seed_source_timestamp":407036692106888,"circlet_count":0,"master_deck":["Strike_R","Strike_R","Strike_R","Strike_R","Strike_R","Defend_R","Defend_R","Defend_R","Defend_R","Bash+1","Heavy Blade","Dropkick","Flex","Regret","Double Tap+1","Metallicize","Reckless Charge","Shrug It Off","Clash","Seeing Red+1","Shrug It Off","Offering+1","Bloodletting+1","J.A.X.","Dropkick","Perfected Strike","Decay","Flex+1"],"relics":["Black Blood","Shuriken","Bag of Marbles","Potion Belt","Odd Mushroom","Medical Kit","Toxic Egg 2"],"potions_floor_usage":[6,6,6,6,7,13,16,24,27],"damage_taken":[{"damage":1,"enemies":"Cultist","floor":1,"turns":3},{"damage":8,"enemies":"Small Slimes","floor":2,"turns":3},{"damage":5,"enemies":"2 Louse","floor":3,"turns":3},{"damage":11,"enemies":"Gremlin Nob","floor":6,"turns":2},{"damage":22,"enemies":"Exordium Thugs","floor":7,"turns":4},{"damage":9,"enemies":"Looter","floor":10,"turns":3},{"damage":7,"enemies":"Blue Slaver","floor":12,"turns":2},{"damage":23,"floor":13,"turns":4},{"damage":48,"enemies":"The Guardian","floor":16,"turns":8},{"damage":14,"enemies":"3 Byrds","floor":18,"turns":6},{"damage":18,"enemies":"2 Thieves","floor":21,"turns":4},{"damage":54,"enemies":"Snake Plant","floor":24,"turns":5},{"damage":51,"enemies":"Cultist and Chosen","floor":27,"turns":7}],"seed_played":"-48840222555638055","potions_obtained":[{"floor":2,"key":"LiquidBronze"},{"floor":3,"key":"EntropicBrew"},{"floor":10,"key":"Regen Potion"},{"floor":12,"key":"Strength Potion"},{"floor":21,"key":"Ancient Potion"},{"floor":24,"key":"LiquidBronze"}],"is_trial":false,"path_per_floor":["M","M","M","?","$","E","M","R","T","M","R","M","?","$","R","B",null,"M","?","$","M","?","R","M","R","T"],"character_chosen":"IRONCLAD","items_purchased":["Double Tap","Medical Kit","Shrug It Off","Dropkick"],"campfire_rested":2,"item_purchase_floors":[5,14,14,20],"current_hp_per_floor":[80,78,79,79,79,74,58,80,80,77,77,76,67,67,67,25,80,76,76,76,68,68,68,24,48,48,0],"gold":118,"neow_bonus":"UPGRADE_CARD","is_prod":false,"is_daily":false,"chose_seed":false,"campfire_upgraded":3,"win_rate":0.0,"timestamp":1531668517,"path_taken":["M","M","M","?","?","E","M","R","T","M","R","M","?","$","R","BOSS","M","?","$","M","?","R","M","R","T","?"],"build_version":"2018-07-12","purchased_purges":0,"victory":false,"max_hp_per_floor":[80,80,80,80,80,80,80,80,80,80,80,80,80,80,80,80,80,80,80,80,80,80,80,80,80,80,80],"card_choices":[{"not_picked":["Twin Strike","Headbutt"],"picked":"Heavy Blade","floor":1},{"not_picked":["Anger","Wild Strike"],"picked":"Dropkick","floor":2},{"not_picked":["Cleave","Blood for Blood"],"picked":"Flex","floor":3},{"not_picked":["Second Wind","Hemokinesis"],"picked":"Metallicize","floor":6},{"not_picked":["Shockwave","True Grit"],"picked":"Reckless Charge","floor":7},{"not_picked":["Combust","Body Slam"],"picked":"Shrug It Off","floor":10},{"not_picked":["Uppercut","Brutality"],"picked":"Clash","floor":12},{"not_picked":["Whirlwind","Warcry"],"picked":"Seeing Red","floor":13},{"not_picked":["Double Tap","Bludgeon"],"picked":"Offering","floor":16},{"not_picked":["Warcry","True Grit+1"],"picked":"Bloodletting+1","floor":18},{"not_picked":["Twin Strike","Shrug It Off"],"picked":"Perfected Strike","floor":21},{"not_picked":["Combust","Whirlwind+1"],"picked":"Flex+1","floor":24}],"player_experience":56258,"relics_obtained":[{"floor":6,"key":"Bag of Marbles"},{"floor":9,"key":"Potion Belt"},{"floor":13,"key":"Odd Mushroom"},{"floor":26,"key":"Toxic Egg 2"}],"event_choices":[{"event_name":"Big Fish","player_choice":"Box","floor":4,"damage_taken":0},{"event_name":"Mushrooms","player_choice":"Fought Mushrooms","floor":13,"damage_taken":0},{"event_name":"Drug Dealer","player_choice":"Got JAXXED","floor":19,"damage_taken":0},{"event_name":"Forgotten Altar","player_choice":"Smashed Altar","floor":22,"damage_taken":0}],"boss_relics":[{"not_picked":["Runic Dome","Ectoplasm"],"picked":"Black Blood"}],"items_purged_floors":[],"is_endless":false,"potions_floor_spawned":[2,3,10,12,21,24],"killed_by":"Cultist and Chosen","ascension_level":0}