{"gold_per_floor":[114,130,130,148,148,148,191,191,191,191,204,204,229,3,3,126,126,150,150,150,21,21,21,40,40,40,40,58,74,86,98,98,193,193,203,203,215,215,266,266,284,284,284,284,338,353,353,353,353,353],"floor_reached":50,"playtime":1808,"items_purged":["Defend_B"],"score":622,"play_id":"2cc33542-ce4e-4914-a01e-ee985b11debf","local_time":"20181228160234","is_ascension_mode":true,"campfire_choices":[{"floor":6,"key":"REST"},{"data":"Streamline","floor":8,"key":"SMITH"},{"data":"Loop","floor":10,"key":"SMITH"},{"floor":15,"key":"REST"},{"floor":23,"key":"REST"},{"floor":25,"key":"REST"},{"floor":32,"key":"REST"},{"data":"Metamorphosis","floor":40,"key":"SMITH"},{"data":"Dark Shackles","floor":42,"key":"SMITH"},{"data":"Thunder Strike","floor":44,"key":"SMITH"},{"floor":49,"key":"REST"}],"neow_cost":"NONE","seed_source_timestamp":607220052920618,"circlet_count":0,"master_deck":["Strike_B+1","Strike_B+1","Strike_B+1","Defend_B+1","Defend_B+1","Zap+1","Dualcast+1","Streamline+1","BootSequence+1","Loop+1","Stack+1","Auto Shields+1","Thunder Strike+1","Rebound+1","Necronomicurse","Melter+1","Streamline+1","Ball Lightning+1","Writhe","Electrodynamics+1","Double Energy+1","Coolheaded+1","Buffer+1","Chaos+1","Dark Shackles+1","Metamorphosis+1","Redo+1","Writhe","Gash+1","Steam Power+1","Turbo+1","Parasite","Consume+1","Redo+1"],"relics":["Cracked Core","Bloody Idol","Darkstone Periapt","Blood Vial","Orichalcum","Nuclear Battery","Necronomicon","Du-Vu Doll","Nunchaku","Eternal Feather","Prayer Wheel","Regal Pillow","Lantern","Mark of the Bloom","Ornamental Fan"],"potions_floor_usage":[19,29,31,33,39,50,50],"damage_taken":[{"damage":6,"enemies":"2 Louse","floor":1,"turns":3},{"damage":7,"enemies":"Jaw Worm","floor":2,"turns":2},{"damage":0,"enemies":"Small Slimes","floor":4,"turns":2},{"damage":25,"enemies":"Lagavulin","floor":7,"turns":5},{"damage":10,"enemies":"3 Louse","floor":11,"turns":3},{"damage":2,"enemies":"2 Fungi Beasts","floor":13,"turns":3},{"damage":27,"enemies":"Slime Boss","floor":16,"turns":7},{"damage":31,"enemies":"2 Thieves","floor":18,"turns":5},{"damage":0,"enemies":"Spheric Guardian","floor":19,"turns":1},{"damage":26,"enemies":"Centurion and Healer","floor":24,"turns":5},{"damage":5,"enemies":"Sentry and Sphere","floor":28,"turns":3},{"damage":32,"enemies":"Snake Plant","floor":29,"turns":3},{"damage":23,"enemies":"Centurion and Healer","floor":30,"turns":3},{"damage":5,"enemies":"Snecko","floor":31,"turns":3},{"damage":46,"enemies":"Collector","floor":33,"turns":8},{"damage":19,"enemies":"3 Shapes","floor":35,"turns":4},{"damage":3,"enemies":"3 Darklings","floor":37,"turns":4},{"damage":35,"enemies":"2 Orb Walkers","floor":39,"turns":4},{"damage":26,"enemies":"Sphere and 2 Shapes","floor":41,"turns":4},{"damage":24,"enemies":"Writhing Mass","floor":46,"turns":7},{"damage":74,"enemies":"Time Eater","floor":50,"turns":8}],"seed_played":"4462134042633406121","potions_obtained":[{"floor":2,"key":"SmokeBomb"},{"floor":4,"key":"Ancient Potion"},{"floor":7,"key":"PowerPotion"},{"floor":30,"key":"Weak Potion"},{"floor":35,"key":"Regen Potion"},{"floor":39,"key":"Explosive Potion"},{"floor":41,"key":"Block Potion"}],"is_trial":false,"path_per_floor":["M","M","?","M","?","R","E","R","T","R","M","?","M","$","R","B",null,"M","M","?","$","?","R","M","R","T","?","M","M","M","M","R","B",null,"M","?","M","?","?","R","M","R","T","R","T","M","?","T","R","B"],"character_chosen":"DEFECT","items_purchased":["Orichalcum","Melter","Streamline"],"campfire_rested":6,"item_purchase_floors":[14,21,21],"current_hp_per_floor":[62,55,55,55,37,59,34,34,34,34,26,26,26,26,48,23,62,33,35,25,25,25,49,30,54,54,60,62,37,21,23,49,10,68,56,51,55,83,64,79,60,78,78,93,93,80,80,80,80,6],"gold":353,"neow_bonus":"REMOVE_CARD","is_prod":false,"is_daily":false,"chose_seed":false,"campfire_upgraded":5,"win_rate":0,"timestamp":1546009354,"path_taken":["M","M","?","M","?","R","E","R","T","R","M","?","M","$","R","BOSS","M","?","?","$","?","R","M","R","T","?","M","M","M","M","R","BOSS","M","?","M","?","?","R","M","R","T","R","?","?","?","?","R","BOSS"],"build_version":"2018-12-20","purchased_purges":1,"victory":false,"max_hp_per_floor":[75,75,75,75,75,75,75,75,75,75,75,75,75,75,75,75,75,75,75,81,81,81,81,81,81,81,87,87,87,87,87,87,87,87,87,87,87,93,93,93,93,93,93,93,93,99,99,99,99,99],"card_choices":[{"not_picked":["Leap","White Noise"],"picked":"Streamline","floor":1},{"not_picked":["Streamline","Cold Snap"],"picked":"BootSequence","floor":2},{"not_picked":["Coolheaded","Steam Power","Redo"],"picked":"SKIP","floor":4},{"not_picked":["Leap","Scrape"],"picked":"Loop","floor":7},{"not_picked":["Hologram","Beam Cell"],"picked":"Stack","floor":11},{"not_picked":["Coolheaded","Sweeping Beam"],"picked":"Auto Shields","floor":13},{"not_picked":["Meteor Strike","Fission"],"picked":"Thunder Strike","floor":16},{"not_picked":["Barrage","Fusion"],"picked":"Rebound","floor":18},{"not_picked":["Leap+1","Gash"],"picked":"Ball Lightning","floor":24},{"not_picked":["Beam Cell","Ball Lightning"],"picked":"Electrodynamics","floor":28},{"not_picked":["Rebound","White Noise"],"picked":"Double Energy","floor":29},{"not_picked":["Cold Snap","Compile Driver","Sweeping Beam"],"picked":"SKIP","floor":30},{"not_picked":["Stack","Darkness+1"],"picked":"Coolheaded","floor":31},{"not_picked":["Core Surge","Thunder Strike"],"picked":"Buffer","floor":33},{"not_picked":["BootSequence","Reinforced Body"],"picked":"Chaos+1","floor":35},{"not_picked":["Transmutation","Enlightenment"],"picked":"Dark Shackles","floor":36},{"not_picked":["Flash of Steel","Purity"],"picked":"Metamorphosis","floor":36},{"not_picked":["Cold Snap+1","Streamline"],"picked":"Redo+1","floor":37},{"not_picked":["Barrage+1","Hello World+1"],"picked":"Gash+1","floor":39},{"not_picked":["Beam Cell","Streamline"],"picked":"Steam Power","floor":41},{"not_picked":["Compile Driver","Steam"],"picked":"Turbo+1","floor":41},{"not_picked":["Leap+1","Double Energy+1"],"picked":"Consume+1","floor":46},{"not_picked":["Storm","Compile Driver+1"],"picked":"Redo+1","floor":46}],"player_experience":461392,"relics_obtained":[{"floor":7,"key":"Darkstone Periapt"},{"floor":9,"key":"Blood Vial"},{"floor":20,"key":"Necronomicon"},{"floor":26,"key":"Du-Vu Doll"},{"floor":39,"key":"Prayer Wheel"},{"floor":43,"key":"Regal Pillow"},{"floor":45,"key":"Lantern"},{"floor":48,"key":"Ornamental Fan"}],"event_choices":[{"damage_healed":0,"gold_gain":0,"player_choice":"Grow","damage_taken":0,"max_hp_gain":0,"max_hp_loss":0,"event_name":"Living Wall","floor":3,"gold_loss":0,"cards_upgraded":["Zap"]},{"damage_healed":0,"gold_gain":0,"player_choice":"Take Damage","damage_taken":18,"relics_obtained":["Golden Idol"],"max_hp_gain":0,"max_hp_loss":0,"event_name":"Golden Idol","floor":5,"gold_loss":0},{"cards_removed":["Strike_B"],"damage_healed":0,"gold_gain":0,"player_choice":"Card Removal","damage_taken":0,"max_hp_gain":0,"max_hp_loss":0,"event_name":"Wheel of Change","floor":12,"gold_loss":0},{"damage_healed":0,"gold_gain":0,"player_choice":"Obtained Book","damage_taken":16,"max_hp_gain":0,"max_hp_loss":0,"event_name":"Cursed Tome","floor":20,"gold_loss":0},{"damage_healed":0,"gold_gain":0,"player_choice":"Gave Idol","damage_taken":0,"relics_obtained":["Bloody Idol"],"max_hp_gain":0,"max_hp_loss":0,"event_name":"Forgotten Altar","floor":22,"relics_lost":["Golden Idol"],"gold_loss":0},{"damage_healed":0,"gold_gain":0,"player_choice":"Opened","damage_taken":0,"relics_obtained":["Nunchaku"],"max_hp_gain":0,"max_hp_loss":0,"event_name":"The Mausoleum","floor":27,"gold_loss":0,"cards_obtained":["Writhe"]},{"damage_healed":0,"gold_gain":0,"player_choice":"Memory 2","damage_taken":5,"max_hp_gain":0,"max_hp_loss":0,"event_name":"SensoryStone","floor":36,"gold_loss":0},{"damage_healed":22,"gold_gain":0,"player_choice":"Writhe","damage_taken":0,"max_hp_gain":0,"max_hp_loss":0,"event_name":"Winding Halls","floor":38,"gold_loss":0,"cards_obtained":["Writhe"]},{"damage_healed":0,"gold_gain":0,"player_choice":"Fight","damage_taken":0,"max_hp_gain":0,"max_hp_loss":0,"event_name":"Mysterious Sphere","floor":39,"gold_loss":0},{"damage_healed":0,"gold_gain":0,"player_choice":"Upgrade","damage_taken":0,"relics_obtained":["Mark of the Bloom"],"max_hp_gain":0,"max_hp_loss":0,"event_name":"MindBloom","floor":47,"gold_loss":0,"cards_upgraded":["Strike_B","Strike_B","Strike_B","Defend_B","Defend_B","Dualcast","BootSequence","Stack","Auto Shields","Rebound","Melter","Streamline","Ball Lightning","Electrodynamics","Double Energy","Coolheaded","Buffer","Steam Power"]}],"is_beta":false,"boss_relics":[{"not_picked":["Philosopher\u0027s Stone","Black Star"],"picked":"Nuclear Battery"},{"not_picked":["Coffee Dripper","White Beast Statue"],"picked":"Eternal Feather"}],"items_purged_floors":[14],"is_endless":false,"potions_floor_spawned":[2,4,7,18,19,30,35,39,41],"killed_by":"Time Eater","ascension_level":7}