{"path_per_floor":["M","?","M","$","M","R","E","?","T","E","$","?","M","$","R","B",null,"M","M","?","M","$","R","E","R","T","M"],"character_chosen":"DEFECT","items_purchased":["War Paint","FTL"],"gold_per_floor":[111,186,200,45,63,63,89,89,89,115,65,65,75,75,75,172,172,182,202,202,212,125,125,151,151,199,217,217],"floor_reached":28,"campfire_rested":1,"playtime":1110,"item_purchase_floors":[4,22],"current_hp_per_floor":[70,59,59,59,59,59,56,56,56,28,28,28,24,24,24,4,75,58,49,49,27,27,27,5,27,27,6,0],"items_purged":["Normality","Decay"],"gold":217,"score":271,"play_id":"c04afab3-39a8-4d71-98b3-eead6276fc2a","local_time":"20180530155715","is_prod":false,"is_daily":false,"chose_seed":false,"is_ascension_mode":true,"campfire_upgraded":3,"win_rate":0,"timestamp":1527710235,"campfire_choices":[{"data":"Defragment","floor":6,"key":"SMITH"},{"data":"Zap","floor":15,"key":"SMITH"},{"data":"Amplify","floor":23,"key":"SMITH"},{"floor":25,"key":"REST"}],"path_taken":["M","?","M","$","?","R","E","?","T","E","?","?","M","$","R","BOSS","M","M","?","M","$","R","E","R","T","?","E"],"build_version":"2018-05-29","seed_source_timestamp":180807806995293,"purchased_purges":2,"victory":false,"master_deck":["Strike_B","Strike_B+1","Strike_B","Strike_B","Defend_B","Defend_B+1","Defend_B+1","Defend_B","Zap+1","Dualcast+1","Defragment+1","Hello World","Capacitor","Amplify+1","Beam Cell","Lockon+1","Seek","BootSequence","Sunder+1","FTL","Leap","Barrage+1"],"max_hp_per_floor":[75,75,75,75,75,75,75,75,75,75,75,75,75,75,75,75,75,75,75,75,75,75,75,75,75,75,75,75],"relics":["Cracked Core","War Paint","Smiling Mask","Dream Catcher","Toolbox","Letter Opener","Nuclear Battery","Ice Cream","Whetstone"],"card_choices":[{"not_picked":["Stack","Redo"],"picked":"Defragment","floor":1},{"not_picked":["Compile Driver","Reinforced Body"],"picked":"Hello World","floor":3},{"not_picked":["FTL","Genetic Algorithm"],"picked":"Capacitor","floor":5},{"not_picked":["Barrage","Buffer"],"picked":"Amplify","floor":7},{"not_picked":["Compile Driver","Redo"],"picked":"Beam Cell","floor":10},{"not_picked":["Hello World","Turbo"],"picked":"Lockon","floor":13},{"not_picked":["All For One","Rainbow"],"picked":"Seek","floor":16},{"not_picked":["Rebound","Glacier"],"picked":"BootSequence","floor":18},{"not_picked":["Capacitor+1","Redo+1"],"picked":"Sunder+1","floor":19},{"not_picked":["Compile Driver","Beam Cell","Hologram"],"picked":"SKIP","floor":21},{"not_picked":["Ball Lightning","Rebound"],"picked":"Leap","floor":24},{"not_picked":["Scrape","Machine Learning"],"picked":"Barrage+1","floor":27}],"player_experience":206423,"potions_floor_usage":[7,10,24,24,24,28],"damage_taken":[{"damage":5,"enemies":"Small Slimes","floor":1,"turns":2},{"damage":0,"enemies":"2 Louse","floor":3,"turns":2},{"damage":0,"enemies":"Cultist","floor":5,"turns":4},{"damage":15,"enemies":"Gremlin Nob","floor":7,"turns":4},{"damage":42,"enemies":"Lagavulin","floor":10,"turns":6},{"damage":4,"enemies":"Exordium Wildlife","floor":13,"turns":5},{"damage":24,"enemies":"Slime Boss","floor":16,"turns":7},{"damage":17,"enemies":"3 Byrds","floor":18,"turns":3},{"damage":9,"enemies":"Shell Parasite","floor":19,"turns":6},{"damage":22,"enemies":"Snake Plant","floor":21,"turns":4},{"damage":26,"enemies":"Book of Stabbing","floor":24,"turns":4},{"damage":21,"enemies":"Cultist and Chosen","floor":27,"turns":7},{"damage":19,"enemies":"Slavers","floor":28,"turns":1}],"relics_obtained":[{"floor":7,"key":"Smiling Mask"},{"floor":9,"key":"Toolbox"},{"floor":10,"key":"Letter Opener"},{"floor":24,"key":"Ice Cream"},{"floor":26,"key":"Whetstone"}],"event_choices":[{"event_name":"World of Goop","player_choice":"Gather Gold","floor":2,"damage_taken":0},{"event_name":"Accursed Blacksmith","player_choice":"Rummage","floor":8,"damage_taken":0},{"event_name":"Upgrade Shrine","player_choice":"Upgraded","floor":12,"damage_taken":0},{"event_name":"Wheel of Change","player_choice":"Curse","floor":20,"damage_taken":0}],"boss_relics":[{"not_picked":["Astrolabe","Snecko Eye"],"picked":"Nuclear Battery"}],"items_purged_floors":[11,22],"potions_floor_spawned":[1,5,16,18,19,27],"seed_played":"1236237099086672467","killed_by":"Slavers","ascension_level":2,"potions_obtained":[{"floor":1,"key":"Regen Potion"},{"floor":5,"key":"Regen Potion"},{"floor":16,"key":"Fire Potion"},{"floor":18,"key":"GamblersBrew"},{"floor":19,"key":"Energy Potion"},{"floor":27,"key":"SteroidPotion"}],"is_trial":false}