{"gold_per_floor":[215,215,236,53,73,73,23,23,23,48,48,63,81,104,104,228,228,253,253,269,294,294,294,294],"floor_reached":24,"playtime":1186,"items_purged":[],"score":285,"play_id":"fe3b8c50-b8b5-496e-aec9-d2c2af507f89","local_time":"20180918025511","is_ascension_mode":true,"campfire_choices":[{"data":"Apotheosis","floor":6,"key":"SMITH"},{"floor":11,"key":"REST"},{"floor":15,"key":"REST"},{"floor":23,"key":"REST"}],"neow_cost":"NONE","seed_source_timestamp":223232480691297,"circlet_count":0,"master_deck":["Strike_B","Strike_B","Strike_B","Strike_B","Defend_B","Defend_B","Defend_B","Defend_B","Zap","Dualcast","AscendersBane","Undo","Gash","Apotheosis+1","Defragment","Undo","Echo Form","Conserve Battery","Sunder","Conserve Battery"],"relics":["Cracked Core","Golden Idol","NlothsMask","Orrery"],"potions_floor_usage":[13,16,16,20,21,22],"damage_taken":[{"damage":5,"enemies":"2 Louse","floor":1,"turns":3},{"damage":0,"enemies":"Small Slimes","floor":3,"turns":2},{"damage":2,"enemies":"Cultist","floor":5,"turns":5},{"damage":3,"enemies":"Looter","floor":10,"turns":2},{"damage":23,"enemies":"Exordium Thugs","floor":12,"turns":5},{"damage":10,"enemies":"2 Fungi Beasts","floor":13,"turns":3},{"damage":4,"enemies":"Looter","floor":14,"turns":3},{"damage":20,"enemies":"Hexaghost","floor":16,"turns":12},{"damage":5,"enemies":"Shell Parasite","floor":18,"turns":9},{"damage":10,"enemies":"Spheric Guardian","floor":20,"turns":4},{"damage":12,"enemies":"Snake Plant","floor":21,"turns":9},{"damage":4,"enemies":"Colosseum Slavers","floor":22,"turns":7},{"damage":59,"enemies":"Slavers","floor":24,"turns":6}],"seed_played":"-3574019958026972470","potions_obtained":[{"floor":10,"key":"Energy Potion"},{"floor":12,"key":"Dexterity Potion"},{"floor":13,"key":"Energy Potion"},{"floor":20,"key":"SkillPotion"},{"floor":21,"key":"Block Potion"}],"is_trial":false,"path_per_floor":["M","?","M","$","M","R","$","?","T","M","R","M","M","M","R","B",null,"M","?","M","M","?","R"],"character_chosen":"DEFECT","items_purchased":["Apotheosis","Weak Potion"],"campfire_rested":3,"item_purchase_floors":[4,7],"current_hp_per_floor":[63,63,63,63,61,61,61,61,61,58,69,46,36,32,52,32,60,55,55,45,33,29,49,0],"gold":294,"neow_bonus":"HUNDRED_GOLD","is_prod":false,"is_daily":false,"chose_seed":false,"campfire_upgraded":1,"win_rate":0,"timestamp":1537232111,"path_taken":["M","?","M","$","M","R","$","?","T","M","R","M","M","?","R","BOSS","M","?","M","M","?","R","E"],"build_version":"2018-09-06","purchased_purges":0,"victory":false,"max_hp_per_floor":[75,69,69,69,69,69,69,69,69,69,69,69,69,69,69,69,69,69,69,69,69,69,69,69],"card_choices":[{"not_picked":["Cold Snap","Static Discharge"],"picked":"Undo","floor":1},{"not_picked":["Hello World","Heatsinks"],"picked":"Gash","floor":3},{"not_picked":["Fusion","Steam","Hologram"],"picked":"SKIP","floor":5},{"not_picked":["Skim","Beam Cell"],"picked":"Defragment","floor":10},{"not_picked":["Compile Driver","Sweeping Beam","Heatsinks"],"picked":"SKIP","floor":12},{"not_picked":["Skim","Coolheaded","Fusion"],"picked":"SKIP","floor":13},{"not_picked":["Coolheaded","Hello World"],"picked":"Undo","floor":14},{"not_picked":["Amplify","Fission"],"picked":"Echo Form","floor":16},{"not_picked":["Stack","Blizzard"],"picked":"Conserve Battery","floor":17},{"not_picked":["Steam","Leap"],"picked":"Sunder","floor":17},{"not_picked":["Steam Power","Chill+1","Compile Driver"],"picked":"SKIP","floor":18},{"not_picked":["Barrage","Lockon+1","Turbo"],"picked":"SKIP","floor":20},{"not_picked":["Coolheaded","Rebound+1"],"picked":"Conserve Battery","floor":21}],"player_experience":322643,"relics_obtained":[],"event_choices":[{"event_name":"Golden Idol","player_choice":"Lose Max HP","floor":2,"damage_taken":0},{"event_name":"FaceTrader","player_choice":"Trade","floor":8,"damage_taken":0},{"event_name":"Ghosts","player_choice":"Ignored","floor":19,"damage_taken":0},{"event_name":"Colosseum","player_choice":"Fight","floor":22,"damage_taken":0},{"event_name":"Colosseum","player_choice":"Fled From Nobs","floor":22,"damage_taken":0}],"is_beta":false,"boss_relics":[{"not_picked":["Runic Dome","Pandora\u0027s Box"],"picked":"Orrery"}],"items_purged_floors":[],"is_endless":false,"potions_floor_spawned":[10,12,13,20,21],"killed_by":"Slavers","ascension_level":10}