{"gold_per_floor":[114,189,189,189,204,204,234,249,249,249,249,264,264,279,279,379,379,394,409,424,424,424,424,454,469,519,16,31,61,61,91,91,191,191,206,221,221,236,251,281,281,81,81,96,111,111,111,141,141,141],"floor_reached":51,"playtime":2629,"items_purged":[],"score":767,"play_id":"3667453f-902a-44fb-89f7-3fe2e8a545ea","local_time":"20180729223805","daily_mods":["Diverse","Lethality","Terminal"],"is_ascension_mode":false,"campfire_choices":[{"data":"Cloak And Dagger","floor":6,"key":"SMITH"},{"data":"Bash","floor":11,"key":"SMITH"},{"data":"Sucker Punch","floor":13,"key":"SMITH"},{"data":"Flex","floor":15,"key":"SMITH"},{"data":"Sweeping Beam","floor":23,"key":"SMITH"},{"data":"Apotheosis","floor":30,"key":"SMITH"},{"data":"Dodge and Roll","floor":32,"key":"SMITH"},{"data":"Shrug It Off","floor":41,"key":"SMITH"},{"floor":46,"key":"DIG"},{"floor":49,"key":"REST"}],"neow_cost":"","seed_source_timestamp":0,"circlet_count":0,"master_deck":["Strike_R+1","Strike_R+1","Strike_R","Strike_R","Strike_R","Defend_R","Defend_R","Defend_R","Defend_R","Bash+1","Cloak And Dagger+1","Shrug It Off+1","Flex+1","Sucker Punch+1","Core Surge","Dodge and Roll+1","Sweeping Beam+1","Dash","Shrug It Off","Apotheosis+1","Darkness","Reaper","Riddle With Holes+1","Madness","Madness","Die Die Die"],"special_seed":17742,"relics":["Burning Blood","Singing Bowl","Self Forming Clay","Letter Opener","The Courier","Velvet Choker","Mercury Hourglass","Omamori","Regal Pillow","Pear","Happy Flower","Frozen Egg 2","Gambling Chip","White Beast Statue","Meat on the Bone","Matryoshka","Dream Catcher","Shovel","Bag of Preparation","Mango","Pen Nib"],"potions_floor_usage":[16,25,31,33,50,50,50],"damage_taken":[{"damage":0,"enemies":"Cultist","floor":1,"turns":2},{"damage":5,"enemies":"Jaw Worm","floor":5,"turns":3},{"damage":16,"enemies":"Lagavulin","floor":7,"turns":5},{"damage":0,"enemies":"2 Louse","floor":8,"turns":2},{"damage":2,"enemies":"Blue Slaver","floor":12,"turns":2},{"damage":0,"enemies":"2 Fungi Beasts","floor":14,"turns":2},{"damage":5,"enemies":"The Guardian","floor":16,"turns":9},{"damage":13,"enemies":"3 Byrds","floor":18,"turns":5},{"damage":8,"enemies":"2 Thieves","floor":19,"turns":3},{"damage":11,"enemies":"Cultist and Chosen","floor":20,"turns":4},{"damage":11,"enemies":"Gremlin Leader","floor":24,"turns":4},{"damage":6,"enemies":"Snake Plant","floor":25,"turns":2},{"damage":0,"enemies":"Chosen and Byrds","floor":28,"turns":3},{"damage":5,"enemies":"Book of Stabbing","floor":29,"turns":4},{"damage":18,"enemies":"Slavers","floor":31,"turns":4},{"damage":33,"enemies":"Automaton","floor":33,"turns":8},{"damage":0,"enemies":"3 Darklings","floor":35,"turns":4},{"damage":2,"enemies":"Orb Walker","floor":36,"turns":3},{"damage":4,"enemies":"3 Darklings","floor":38,"turns":4},{"damage":20,"enemies":"Maw","floor":39,"turns":6},{"damage":13,"enemies":"Nemesis","floor":40,"turns":5},{"damage":1,"enemies":"Spire Growth","floor":44,"turns":4},{"damage":39,"enemies":"3 Darklings","floor":45,"turns":5},{"damage":0,"floor":47,"turns":3},{"damage":20,"enemies":"2 Orb Walkers","floor":48,"turns":3},{"damage":44,"enemies":"Time Eater","floor":50,"turns":10}],"seed_played":"3676121671515635212","potions_obtained":[{"floor":5,"key":"Ancient Potion"},{"floor":8,"key":"Energy Potion"},{"floor":12,"key":"SpeedPotion"},{"floor":18,"key":"SteroidPotion"},{"floor":19,"key":"LiquidBronze"},{"floor":24,"key":"Fruit Juice"},{"floor":25,"key":"LiquidBronze"},{"floor":35,"key":"Dexterity Potion"},{"floor":36,"key":"Ancient Potion"},{"floor":38,"key":"EssenceOfSteel"},{"floor":44,"key":"PowerPotion"}],"is_trial":false,"path_per_floor":["M","?","?","T","M","R","E","M","T","?","R","M","R","M","R","B",null,"M","M","M","?","T","R","E","M","T","$","M","E","R","E","R","B",null,"M","M","?","M","M","E","R","$","T","M","M","R","?","E","R","B"],"character_chosen":"IRONCLAD","items_purchased":["Apotheosis","Pear","Happy Flower","Matryoshka"],"campfire_rested":1,"item_purchase_floors":[27,27,27,42],"current_hp_per_floor":[78,67,64,64,65,65,57,63,63,49,49,53,53,61,61,62,66,61,59,54,54,54,54,51,56,56,66,74,75,74,64,64,37,72,71,72,63,67,60,56,56,56,56,72,51,51,73,61,87,70],"gold":141,"neow_bonus":"","is_prod":false,"is_daily":true,"chose_seed":false,"campfire_upgraded":8,"win_rate":0,"timestamp":1532929085,"path_taken":["M","?","?","?","M","R","E","M","T","?","R","M","R","?","R","BOSS","M","?","M","?","?","R","E","M","T","$","M","E","R","E","R","BOSS","M","M","?","?","M","E","R","$","T","M","M","R","?","E","R","BOSS"],"build_version":"2018-07-26","purchased_purges":0,"victory":true,"max_hp_per_floor":[78,77,76,75,74,73,74,73,72,71,70,69,68,69,68,67,66,67,66,65,64,63,62,63,67,66,75,76,75,74,75,74,73,72,71,72,71,72,73,74,73,72,71,72,71,70,85,86,87,86],"card_choices":[{"not_picked":["True Grit","Havoc"],"picked":"Cloak And Dagger","floor":1},{"not_picked":["Hologram","Body Slam"],"picked":"Shrug It Off","floor":5},{"not_picked":["Steam","Auto Shields","Combust"],"picked":"Singing Bowl","floor":7},{"not_picked":["Machine Learning","Rebound"],"picked":"Flex","floor":8},{"not_picked":["Redo","Backflip"],"picked":"Sucker Punch","floor":12},{"not_picked":["Poisoned Stab","Perfected Strike","Outmaneuver"],"picked":"Singing Bowl","floor":14},{"not_picked":["Reaper","Multi-Cast"],"picked":"Core Surge","floor":16},{"not_picked":["Conserve Battery","Wild Strike","Clash+1"],"picked":"Singing Bowl","floor":18},{"not_picked":["Compile Driver","Cold Snap"],"picked":"Dodge and Roll","floor":19},{"not_picked":["Beam Cell","Escape Plan"],"picked":"Sweeping Beam","floor":20},{"not_picked":["Prepared","White Noise","Aggregate"],"picked":"Singing Bowl","floor":24},{"not_picked":["Sucker Punch","Venomology"],"picked":"Shrug It Off","floor":25},{"not_picked":["Sunder","Static Discharge+1","Iron Wave"],"picked":"Singing Bowl","floor":28},{"not_picked":["Infernal Blade","Disarm"],"picked":"Darkness","floor":29},{"not_picked":["Reinforced Body+1","Scrape","True Grit"],"picked":"Singing Bowl","floor":31},{"not_picked":["Creative AI+1","Bludgeon"],"picked":"Reaper","floor":33},{"not_picked":["Rip and Tear","Quick Slash"],"picked":"Riddle With Holes+1","floor":35},{"not_picked":["Thunderclap+1","Cloak And Dagger+1","Corruption+1"],"picked":"Singing Bowl","floor":36},{"not_picked":["Carnage+1","Redo","PiercingWail"],"picked":"Singing Bowl","floor":38},{"not_picked":["Burning Pact","Rupture+1","Blizzard+1"],"picked":"Singing Bowl","floor":39},{"not_picked":["Dagger Spray","Coolheaded+1","True Grit+1"],"picked":"Singing Bowl","floor":40},{"not_picked":["Gash+1","Leap+1","Concentrate"],"picked":"Singing Bowl","floor":44},{"not_picked":["Stack","Dagger Throw+1"],"picked":"Die Die Die","floor":45},{"not_picked":["Clothesline","Dual Wield","Barrage+1"],"picked":"Singing Bowl","floor":47},{"not_picked":["Brutality+1","Streamline","Combust+1"],"picked":"Singing Bowl","floor":48},{"not_picked":["Anger","Skim","Eviscerate+1"],"picked":"Singing Bowl","floor":49}],"player_experience":390133,"relics_obtained":[{"floor":4,"key":"Self Forming Clay"},{"floor":7,"key":"Letter Opener"},{"floor":9,"key":"The Courier"},{"floor":22,"key":"Mercury Hourglass"},{"floor":24,"key":"Omamori"},{"floor":26,"key":"Regal Pillow"},{"floor":29,"key":"Frozen Egg 2"},{"floor":31,"key":"Gambling Chip"},{"floor":40,"key":"Meat on the Bone"},{"floor":43,"key":"Dream Catcher"},{"floor":43,"key":"Shovel"},{"floor":46,"key":"Bag of Preparation"},{"floor":47,"key":"Mango"},{"floor":48,"key":"Pen Nib"}],"event_choices":[{"event_name":"World of Goop","player_choice":"Gather Gold","floor":2,"damage_taken":0},{"event_name":"Scrap Ooze","player_choice":"success","floor":3,"damage_taken":3},{"event_name":"Shining Light","player_choice":"Entered Light","floor":10,"damage_taken":0},{"event_name":"The Library","player_choice":"Read","floor":21,"damage_taken":0},{"event_name":"Winding Halls","player_choice":"Embrace Madness","floor":37,"damage_taken":0},{"event_name":"MindBloom","player_choice":"Fight","floor":47,"damage_taken":0}],"is_beta":false,"boss_relics":[{"not_picked":["Orrery","Runic Cube"],"picked":"Velvet Choker"},{"not_picked":["Philosopher\u0027s Stone","Eternal Feather"],"picked":"White Beast Statue"}],"items_purged_floors":[],"is_endless":false,"potions_floor_spawned":[5,8,12,18,19,24,25,35,36,38,39,40,44,45,47,48],"ascension_level":0}