{"gold_per_floor":[114,129,81,81,96,126,141,171,171,186,216,216,246,211,211,311,311,326,326,326,341,341,371,371,401,401,431,446,476,491,506,506,606,606,621,341,353,25,25,55,70,70,120,150,150,180,180,195,195,195],"floor_reached":51,"playtime":2837,"items_purged":[],"score":1266,"play_id":"b63eb94f-0ef6-4caf-bcfb-1b7ce8da1684","local_time":"20181207220039","daily_mods":["Shiny","Hoarder","Elite Swarm"],"is_ascension_mode":false,"campfire_choices":[{"data":"Amplify","floor":12,"key":"SMITH"},{"data":"Buffer","floor":15,"key":"SMITH"},{"floor":24,"key":"REST"},{"floor":32,"key":"REST"},{"floor":42,"key":"REST"},{"floor":49,"key":"REST"}],"neow_cost":"","seed_source_timestamp":0,"circlet_count":0,"master_deck":["Multi-Cast","Hyperbeam","Thunder Strike","Biased Cognition","Machine Learning+1","Electrodynamics","Buffer+1","Rainbow","Seek","Meteor Strike","Echo Form","All For One","Reboot","Amplify+1","Fission","Core Surge","Ball Lightning","Ball Lightning","Ball Lightning","Leap","Leap","Leap","Conserve Battery","Conserve Battery","Conserve Battery","Amplify","Amplify","Amplify","Aggregate","Aggregate","Aggregate","Seek","Seek","Seek","Seek","Seek","Seek","Core Surge","Core Surge","Core Surge","Hologram+1","Hologram+1","Hologram+1","RitualDagger","RitualDagger","RitualDagger","Steam Power","Steam Power","Steam Power","Defragment","Defragment","Defragment","Madness","Madness","Madness","Madness","Madness","Madness"],"special_seed":17873,"relics":["Cracked Core","Vajra","StoneCalendar","Sundial","Mango","Oddly Smooth Stone","Fusion Hammer","Happy Flower","Gambling Chip","Calipers","Symbiotic Virus","The Courier","Unceasing Top","Busted Crown","OrangePellets","MawBank","Membership Card","Pen Nib","Orichalcum","Juzu Bracelet","Blood Vial","Regal Pillow","Bag of Marbles","Nunchaku","Ancient Tea Set"],"potions_floor_usage":[6,6,16,16,50,50],"damage_taken":[{"damage":0,"enemies":"Small Slimes","floor":1,"turns":1},{"damage":0,"enemies":"Cultist","floor":2,"turns":2},{"damage":2,"enemies":"Jaw Worm","floor":5,"turns":2},{"damage":0,"enemies":"Gremlin Nob","floor":6,"turns":3},{"damage":0,"enemies":"Large Slime","floor":7,"turns":3},{"damage":11,"enemies":"3 Sentries","floor":8,"turns":4},{"damage":0,"enemies":"Looter","floor":10,"turns":2},{"damage":16,"enemies":"Gremlin Nob","floor":11,"turns":3},{"damage":0,"enemies":"Lagavulin","floor":13,"turns":5},{"damage":0,"enemies":"Hexaghost","floor":16,"turns":6},{"damage":0,"enemies":"Spheric Guardian","floor":18,"turns":3},{"damage":0,"enemies":"Chosen","floor":21,"turns":3},{"damage":7,"enemies":"Slavers","floor":23,"turns":3},{"damage":0,"enemies":"Gremlin Leader","floor":25,"turns":2},{"damage":12,"enemies":"Book of Stabbing","floor":27,"turns":4},{"damage":12,"enemies":"Centurion and Healer","floor":28,"turns":3},{"damage":18,"enemies":"Gremlin Leader","floor":29,"turns":3},{"damage":0,"enemies":"3 Cultists","floor":30,"turns":2},{"damage":0,"enemies":"Snecko","floor":31,"turns":3},{"damage":0,"enemies":"Champ","floor":33,"turns":5},{"damage":8,"enemies":"Orb Walker","floor":35,"turns":3},{"damage":1,"enemies":"Reptomancer","floor":40,"turns":2},{"damage":0,"enemies":"3 Darklings","floor":41,"turns":1},{"damage":0,"enemies":"Nemesis","floor":44,"turns":2},{"damage":18,"enemies":"Reptomancer","floor":46,"turns":3},{"damage":8,"enemies":"Spire Growth","floor":48,"turns":3},{"damage":34,"enemies":"Donu and Deca","floor":50,"turns":3}],"seed_played":"7962981595108981707","potions_obtained":[{"floor":1,"key":"FocusPotion"},{"floor":2,"key":"SkillPotion"},{"floor":11,"key":"Fruit Juice"},{"floor":13,"key":"AttackPotion"},{"floor":21,"key":"LiquidBronze"},{"floor":25,"key":"EssenceOfSteel"},{"floor":27,"key":"Ancient Potion"},{"floor":40,"key":"GamblersBrew"}],"is_trial":false,"path_per_floor":["M","M","$","?","M","E","M","E","T","M","E","R","E","?","R","B",null,"M","?","?","M","?","E","R","E","T","E","M","E","M","M","R","B",null,"M","$","?","$","?","E","M","R","T","E","?","E","?","M","R","B",null],"character_chosen":"DEFECT","items_purchased":["Conserve Battery","OrangePellets","MawBank","Membership Card","Pen Nib","Orichalcum","Juzu Bracelet"],"campfire_rested":4,"item_purchase_floors":[3,36,36,38,38,38,38],"current_hp_per_floor":[75,75,75,75,73,73,73,62,62,62,60,60,60,82,82,87,94,94,88,88,88,88,81,94,94,94,82,70,52,52,52,80,80,94,86,86,86,86,86,87,89,94,94,94,94,76,64,58,94,60],"gold":195,"neow_bonus":"","is_prod":false,"is_daily":true,"chose_seed":false,"campfire_upgraded":2,"win_rate":0,"timestamp":1544248839,"path_taken":["M","M","$","?","?","E","M","E","T","M","E","R","E","?","R","BOSS","M","?","?","M","?","E","R","E","T","E","M","E","M","M","R","BOSS","M","$","?","$","?","E","M","R","T","E","?","E","?","M","R","BOSS"],"build_version":"2018-12-06","purchased_purges":0,"victory":true,"max_hp_per_floor":[75,75,75,75,75,75,75,75,75,75,89,89,89,89,89,94,94,94,94,94,94,94,94,94,94,94,94,94,94,94,94,94,94,94,94,94,94,94,94,94,94,94,94,94,94,94,94,94,94,94],"card_choices":[{"not_picked":["Recycle","Cold Snap"],"picked":"Ball Lightning","floor":1},{"not_picked":["Melter","Cold Snap"],"picked":"Leap","floor":2},{"not_picked":["Coolheaded","Sunder","Chill"],"picked":"SKIP","floor":5},{"not_picked":["Machine Learning","Buffer"],"picked":"Amplify","floor":6},{"not_picked":["Chill","Skim"],"picked":"Aggregate","floor":7},{"not_picked":["All For One","Multi-Cast"],"picked":"Seek","floor":8},{"not_picked":["Cold Snap","Coolheaded","Sweeping Beam"],"picked":"SKIP","floor":10},{"not_picked":["Machine Learning","Echo Form"],"picked":"Seek","floor":11},{"not_picked":["All For One","Hyperbeam"],"picked":"Core Surge","floor":13},{"not_picked":["Cold Snap","Sweeping Beam"],"picked":"Hologram+1","floor":18},{"not_picked":["Streamline","Sweeping Beam","Stack"],"picked":"SKIP","floor":21},{"not_picked":["Electrodynamics","Fission","Amplify"],"picked":"SKIP","floor":23},{"not_picked":["Creative AI","Echo Form","Hyperbeam"],"picked":"SKIP","floor":25},{"not_picked":["Thunder Strike","All For One","Reboot"],"picked":"SKIP","floor":27},{"not_picked":["Turbo+1","Redo","Go for the Eyes"],"picked":"SKIP","floor":28},{"not_picked":["All For One","Reboot","Fission"],"picked":"SKIP","floor":29},{"not_picked":["All For One","Reboot","Fission"],"picked":"SKIP","floor":29},{"not_picked":["Loop","Sweeping Beam"],"picked":"Defragment","floor":30},{"not_picked":["Consume+1","Go for the Eyes","Chaos"],"picked":"SKIP","floor":31},{"not_picked":["Redo+1"],"picked":"SKIP","floor":35},{"not_picked":["Hyperbeam"],"picked":"SKIP","floor":40},{"not_picked":["Doom and Gloom"],"picked":"SKIP","floor":41},{"not_picked":["Core Surge"],"picked":"SKIP","floor":44},{"not_picked":["Machine Learning"],"picked":"SKIP","floor":46},{"not_picked":["Hologram+1"],"picked":"SKIP","floor":48}],"player_experience":572273,"relics_obtained":[{"floor":6,"key":"Vajra"},{"floor":8,"key":"StoneCalendar"},{"floor":9,"key":"Sundial"},{"floor":11,"key":"Mango"},{"floor":13,"key":"Oddly Smooth Stone"},{"floor":23,"key":"Gambling Chip"},{"floor":25,"key":"Calipers"},{"floor":26,"key":"Symbiotic Virus"},{"floor":27,"key":"The Courier"},{"floor":29,"key":"Unceasing Top"},{"floor":40,"key":"Regal Pillow"},{"floor":43,"key":"Bag of Marbles"},{"floor":44,"key":"Nunchaku"},{"floor":46,"key":"Ancient Tea Set"}],"event_choices":[{"damage_healed":0,"gold_gain":0,"player_choice":"Upgraded","damage_taken":0,"max_hp_gain":0,"max_hp_loss":0,"event_name":"Upgrade Shrine","floor":4,"gold_loss":0,"cards_upgraded":["Machine Learning"]},{"damage_healed":22,"gold_gain":0,"player_choice":"Healed","damage_taken":0,"max_hp_gain":0,"max_hp_loss":0,"event_name":"The Cleric","floor":14,"gold_loss":35},{"damage_healed":0,"gold_gain":0,"player_choice":"Joined the Cult","damage_taken":6,"max_hp_gain":0,"max_hp_loss":0,"event_name":"Nest","floor":19,"gold_loss":0,"cards_obtained":["RitualDagger"]},{"damage_healed":0,"gold_gain":0,"player_choice":"Opened","damage_taken":0,"relics_obtained":["Happy Flower"],"max_hp_gain":0,"max_hp_loss":0,"event_name":"The Mausoleum","floor":20,"gold_loss":0},{"damage_healed":0,"gold_gain":0,"player_choice":"Read","damage_taken":0,"max_hp_gain":0,"max_hp_loss":0,"event_name":"The Library","floor":22,"gold_loss":0,"cards_obtained":["Steam Power"]},{"cards_removed":["Creative AI"],"damage_healed":0,"gold_gain":0,"player_choice":"Removed Power","damage_taken":0,"max_hp_gain":0,"max_hp_loss":0,"event_name":"Falling","floor":37,"gold_loss":0},{"damage_healed":0,"gold_gain":0,"player_choice":"Gave Potion","damage_taken":0,"relics_obtained":["Blood Vial"],"max_hp_gain":0,"max_hp_loss":0,"event_name":"WeMeetAgain","floor":39,"gold_loss":0},{"damage_healed":0,"gold_gain":0,"player_choice":"Memory 1","damage_taken":0,"max_hp_gain":0,"max_hp_loss":0,"event_name":"SensoryStone","floor":45,"gold_loss":0},{"damage_healed":0,"gold_gain":0,"player_choice":"Embrace Madness","damage_taken":12,"max_hp_gain":0,"max_hp_loss":0,"event_name":"Winding Halls","floor":47,"gold_loss":0,"cards_obtained":["Madness","Madness"]}],"is_beta":false,"boss_relics":[{"not_picked":["Inserter","Nuclear Battery"],"picked":"Fusion Hammer"},{"not_picked":["Runic Dome","Eternal Feather"],"picked":"Busted Crown"}],"items_purged_floors":[],"is_endless":false,"potions_floor_spawned":[1,2,11,13,21,25,27,28,40,44,46],"ascension_level":0}