{"gold_per_floor":[116,133,133,133,150,150,180,198,198,217,217,21,0],"floor_reached":13,"playtime":312,"items_purged":["Regret"],"score":85,"play_id":"cdc34eda-8e96-45a8-aab8-1b5f02164d3d","local_time":"20190215213110","is_ascension_mode":false,"campfire_choices":[{"data":"Slimebound:LeechLife","floor":6,"key":"SMITH"},{"data":"Slimebound:Repurpose","floor":11,"key":"SMITH"}],"neow_cost":"NONE","seed_source_timestamp":123297012136413,"circlet_count":0,"master_deck":["Slimebound:Strike_Slimebound","Slimebound:Strike_Slimebound","Slimebound:Strike_Slimebound","Slimebound:Tackle","Slimebound:Defend_Slimebound","Slimebound:Defend_Slimebound","Slimebound:Defend_Slimebound","Slimebound:Defend_Slimebound","Slimebound:Split","Slimebound:CorrosiveSpit","Slimebound:LeechLife+1","Slimebound:LevelUp+1","Slimebound:SlimeBrawl","Slimebound:Repurpose+1","Slimebound:DivideAndConquer","Finesse"],"relics":["Slimebound:AbsorbEndCombat","NeowsBlessing","hubris:CrystalStatue","Ginger","hubris:SphereOfDissonance"],"potions_floor_usage":[7,7],"damage_taken":[{"damage":3,"enemies":"Cultist","floor":1,"turns":1},{"damage":3,"enemies":"Jaw Worm","floor":2,"turns":1},{"damage":6,"enemies":"Small Slimes","floor":5,"turns":2},{"damage":38,"enemies":"Lagavulin","floor":7,"turns":5},{"damage":15,"enemies":"3 Louse","floor":8,"turns":5},{"damage":17,"enemies":"Looter","floor":10,"turns":4},{"damage":39,"enemies":"Exordium Thugs","floor":13,"turns":3}],"seed_played":"4975262252619668867","potions_obtained":[{"floor":1,"key":"Strength Potion"},{"floor":5,"key":"Ancient Potion"},{"floor":8,"key":"Slimebound:SlimyTonguePotion"}],"is_trial":false,"path_per_floor":["M","M","?","?","M","R","E","M","T","M","R","$","M"],"character_chosen":"SLIMEBOUND","items_purchased":["Slimebound:DivideAndConquer","Finesse"],"campfire_rested":0,"item_purchase_floors":[12,12],"current_hp_per_floor":[70,70,70,70,70,70,42,40,40,34,34,34,0],"gold":0,"neow_bonus":"THREE_ENEMY_KILL","is_prod":false,"is_daily":false,"chose_seed":false,"campfire_upgraded":2,"win_rate":0,"timestamp":1550284270,"path_taken":["M","?","?","?","M","R","E","M","T","M","R","$","M"],"build_version":"2019-01-23","purchased_purges":1,"victory":false,"max_hp_per_floor":[70,70,70,70,70,70,70,70,70,70,70,70,70],"card_choices":[{"not_picked":["Slimebound:LeechEnergy","Slimebound:SplitBruiser"],"picked":"Slimebound:LeechLife","floor":1},{"not_picked":["Slimebound:SplitLeeching","Slimebound:ItLooksTasty"],"picked":"Slimebound:LevelUp","floor":2},{"not_picked":["Slimebound:LeechEnergy","Slimebound:ProtectTheBoss","Slimebound:Chomp"],"picked":"SKIP","floor":5},{"not_picked":["Slimebound:SlimeSpikes","Slimebound:RainOfGoop"],"picked":"Slimebound:SlimeBrawl","floor":7},{"not_picked":["Slimebound:RollThrough","Slimebound:BestDefense","Slimebound:SplitLeeching"],"picked":"SKIP","floor":8},{"not_picked":["Slimebound:TongueLash","Slimebound:FormOfPuddle"],"picked":"Slimebound:Repurpose","floor":10}],"player_experience":702896,"relics_obtained":[{"floor":7,"key":"Ginger"},{"floor":9,"key":"hubris:SphereOfDissonance"}],"event_choices":[{"damage_healed":0,"gold_gain":0,"player_choice":"Grow","damage_taken":0,"max_hp_gain":0,"max_hp_loss":0,"event_name":"Living Wall","floor":3,"gold_loss":0,"cards_upgraded":["Slimebound:LevelUp"]},{"damage_healed":0,"gold_gain":0,"player_choice":"Box","damage_taken":0,"relics_obtained":["hubris:CrystalStatue"],"max_hp_gain":0,"max_hp_loss":0,"event_name":"Big Fish","floor":4,"gold_loss":0,"cards_obtained":["Regret"]}],"is_beta":false,"boss_relics":[],"items_purged_floors":[12],"is_endless":false,"potions_floor_spawned":[1,5,8],"killed_by":"Exordium Thugs","ascension_level":0}