{"gold_per_floor":[368,418,20,34,49,49,78,78,78,78,95,95,144,157,157,157],"floor_reached":16,"playtime":562,"items_purged":[],"score":100,"play_id":"49fee6f3-d259-429f-9ac9-f7251d7d68f4","local_time":"20190321165640","is_ascension_mode":false,"campfire_choices":[{"data":"Slimebound:LevelUp","floor":6,"key":"SMITH"},{"data":"Slimebound:SelfFormingGoo","floor":8,"key":"SMITH"},{"data":"Slimebound:Split","floor":10,"key":"SMITH"},{"floor":15,"key":"RECALL"}],"neow_cost":"TEN_PERCENT_HP_LOSS","seed_source_timestamp":88276263058180,"circlet_count":0,"master_deck":["Slimebound:Strike_Slimebound","Slimebound:Strike_Slimebound","Slimebound:Strike_Slimebound","Slimebound:Tackle","Slimebound:Defend_Slimebound","Slimebound:Defend_Slimebound","Slimebound:Defend_Slimebound","Slimebound:Defend_Slimebound","Slimebound:Split+1","Slimebound:CorrosiveSpit","SuicideKing","Slimebound:LevelUp+1","Slimebound:SelfFormingGoo+1"],"relics":["Slimebound:AbsorbEndCombat","HushsDoor","KeepersGift","hubris:SlimyHat","Toolbox","ShockBauble","Golden Egg","hubris:PeanutButter","MiniBlackHole"],"potions_floor_usage":[7,7,16],"damage_taken":[{"damage":6,"enemies":"2 Louse","floor":1,"turns":4},{"damage":14,"enemies":"Jaw Worm","floor":4,"turns":2},{"damage":9,"enemies":"Cultist","floor":5,"turns":5},{"damage":27,"enemies":"Gremlin Nob","floor":7,"turns":3},{"damage":13,"enemies":"Lots of Slimes","floor":11,"turns":2},{"damage":0,"enemies":"Looter","floor":14,"turns":2},{"damage":60,"enemies":"Slime Boss","floor":16,"turns":10}],"seed_played":"-4110373922040703143","potions_obtained":[{"floor":1,"key":"Dexterity Potion"},{"floor":5,"key":"FearPotion"}],"is_trial":false,"path_per_floor":["M","?","$","M","M","R","E","R","T","R","M","?","T","M","R","B"],"character_chosen":"SLIMEBOUND","items_purchased":["hubris:SlimyHat","Toolbox","SkillPotion"],"campfire_rested":0,"item_purchase_floors":[3,3,3],"current_hp_per_floor":[60,60,60,52,52,52,34,34,34,34,33,33,33,39,39,0],"gold":157,"neow_bonus":"TWO_FIFTY_GOLD","is_prod":false,"is_daily":false,"chose_seed":false,"campfire_upgraded":3,"win_rate":0,"timestamp":1553201800,"path_taken":["M","?","$","M","?","R","E","R","T","R","?","?","?","M","R","BOSS"],"build_version":"2019-01-23","purchased_purges":0,"victory":false,"max_hp_per_floor":[63,63,63,63,63,63,63,63,63,63,63,63,63,63,63,63],"card_choices":[{"not_picked":[],"picked":"SuicideKing","floor":0},{"not_picked":["Slimebound:SplitAcid","Slimebound:ItLooksTasty"],"picked":"Bomb","floor":1},{"not_picked":["Slimebound:Replication","Slimebound:DivideAndConquer"],"picked":"Bomb","floor":4},{"not_picked":["Slimebound:LeechEnergy","Slimebound:Equalize"],"picked":"Slimebound:LevelUp","floor":5},{"not_picked":["Slimebound:CheckThePlaybook","Slimebound:LeechEnergy"],"picked":"Slimebound:SelfFormingGoo","floor":7},{"not_picked":["Slimebound:LeechingTouch","Slimebound:ViciousTackle","Slimebound:SlimeTap"],"picked":"SKIP","floor":11},{"not_picked":["Slimebound:DivideAndConquer","Slimebound:ViciousTackle","Slimebound:SplitLeeching"],"picked":"SKIP","floor":14}],"player_experience":793504,"relics_obtained":[{"floor":7,"key":"ShockBauble"},{"floor":9,"key":"Golden Egg"},{"floor":12,"key":"hubris:PeanutButter"},{"floor":13,"key":"MiniBlackHole"}],"event_choices":[{"damage_healed":0,"gold_gain":50,"player_choice":"Gained Gold","damage_taken":0,"max_hp_gain":0,"max_hp_loss":0,"event_name":"Golden Wing","floor":2,"gold_loss":0}],"is_beta":false,"boss_relics":[],"items_purged_floors":[],"is_endless":false,"potions_floor_spawned":[1,5],"killed_by":"Slime Boss","ascension_level":0}