{"path_per_floor":["M","?","?","M","$","E","R","E","T","M","M","E","R","?","R","B",null,"M","?","M","?","M","R","M"],"character_chosen":"DEFECT","items_purchased":["Sunder"],"gold_per_floor":[109,109,109,133,22,60,60,96,96,119,138,171,171,136,136,267,267,282,282,305,305,319,319,335,335],"floor_reached":25,"campfire_rested":0,"playtime":699,"item_purchase_floors":[5],"current_hp_per_floor":[73,55,55,45,45,40,40,32,32,32,32,14,14,33,33,19,77,71,71,37,37,25,25,27,0],"items_purged":["Strike_B"],"gold":335,"score":265,"play_id":"67d16b49-dd8f-442c-a645-b7b17fc9473c","local_time":"20180531201403","is_prod":false,"is_daily":false,"chose_seed":false,"is_ascension_mode":true,"campfire_upgraded":4,"win_rate":0,"timestamp":1527812043,"campfire_choices":[{"data":"Defragment","floor":7,"key":"SMITH"},{"data":"Rip and Tear","floor":13,"key":"SMITH"},{"data":"Dualcast","floor":15,"key":"SMITH"},{"data":"Sunder","floor":23,"key":"SMITH"}],"path_taken":["M","?","?","M","$","E","R","E","T","?","M","E","R","?","R","BOSS","M","?","M","?","M","R","?","E"],"build_version":"2018-05-30v2","seed_source_timestamp":283027822370426,"purchased_purges":1,"victory":false,"master_deck":["Strike_B","Strike_B","Strike_B","Defend_B","Defend_B","Defend_B","Defend_B","Zap+1","Dualcast+1","Ball Lightning","Defragment+1","Sunder+1","Sunder","Ball Lightning","Auto Shields","Rip and Tear+1","Machine Learning","Go for the Eyes+1","Defragment+1","FTL","Skim"],"max_hp_per_floor":[75,75,75,75,75,75,75,77,77,77,77,77,77,77,77,77,77,77,77,77,77,77,77,79,79],"relics":["Cracked Core","Golden Idol","Turnip","Singing Bowl","Matryoshka","Vajra","Black Star"],"card_choices":[{"not_picked":["Conserve Battery","Recycle"],"picked":"Ball Lightning","floor":1},{"not_picked":["Double Energy","White Noise"],"picked":"Defragment","floor":4},{"not_picked":["Compile Driver","Force Field"],"picked":"Sunder","floor":6},{"not_picked":["Redo","Ball Lightning","Capacitor"],"picked":"Singing Bowl","floor":8},{"not_picked":["Stack","Hyperbeam"],"picked":"Ball Lightning","floor":10},{"not_picked":["Sweeping Beam","Turbo"],"picked":"Auto Shields","floor":11},{"not_picked":["Compile Driver","Turbo"],"picked":"Rip and Tear","floor":12},{"not_picked":["Meteor Strike","Core Surge"],"picked":"Machine Learning","floor":16},{"not_picked":["Compile Driver","Steam"],"picked":"Go for the Eyes+1","floor":18},{"not_picked":["Heatsinks","Coolheaded"],"picked":"FTL","floor":20},{"not_picked":["Streamline","Aggregate+1"],"picked":"Skim","floor":22},{"not_picked":["Streamline","Conserve Battery","Coolheaded"],"picked":"Singing Bowl","floor":24}],"player_experience":229935,"potions_floor_usage":[6,12,18,24],"damage_taken":[{"damage":2,"enemies":"Jaw Worm","floor":1,"turns":4},{"damage":10,"enemies":"Small Slimes","floor":4,"turns":2},{"damage":5,"enemies":"3 Sentries","floor":6,"turns":5},{"damage":10,"enemies":"Gremlin Nob","floor":8,"turns":3},{"damage":0,"enemies":"Cultist","floor":10,"turns":2},{"damage":0,"enemies":"2 Fungi Beasts","floor":11,"turns":2},{"damage":18,"enemies":"Lagavulin","floor":12,"turns":5},{"damage":14,"enemies":"Hexaghost","floor":16,"turns":7},{"damage":6,"enemies":"2 Thieves","floor":18,"turns":2},{"damage":34,"enemies":"3 Byrds","floor":20,"turns":4},{"damage":12,"enemies":"Sentry and Sphere","floor":22,"turns":4},{"damage":0,"enemies":"Cultist and Chosen","floor":24,"turns":4},{"damage":27,"enemies":"Book of Stabbing","floor":25,"turns":3}],"relics_obtained":[{"floor":6,"key":"Turnip"},{"floor":8,"key":"Singing Bowl"},{"floor":9,"key":"Matryoshka"},{"floor":12,"key":"Vajra"}],"event_choices":[{"event_name":"Golden Idol","player_choice":"Take Damage","floor":2,"damage_taken":0},{"event_name":"Accursed Blacksmith","player_choice":"Forge","floor":3,"damage_taken":0},{"event_name":"The Cleric","player_choice":"Healed","floor":14,"damage_taken":0},{"event_name":"Duplicator","player_choice":"One dupe","floor":19,"damage_taken":0},{"event_name":"Cursed Tome","player_choice":"Ignored","floor":21,"damage_taken":0}],"boss_relics":[{"not_picked":["Tiny House","Nuclear Battery"],"picked":"Black Star"}],"items_purged_floors":[5],"potions_floor_spawned":[4,11,16,22],"seed_played":"-211044165273132314","killed_by":"Book of Stabbing","ascension_level":4,"potions_obtained":[{"floor":4,"key":"EssenceOfSteel"},{"floor":11,"key":"Block Potion"},{"floor":16,"key":"Fire Potion"},{"floor":22,"key":"AttackPotion"}],"is_trial":false}