{"path_per_floor":["M","M","$","M","M","E","R","E","T","$","?","R","M","E","R","B",null,"M","M","?"],"character_chosen":"DEFECT","items_purchased":["Prime"],"gold_per_floor":[118,132,57,73,88,116,116,147,147,71,71,71,91,123,123,224,224,241,257,257,257],"floor_reached":21,"campfire_rested":0,"playtime":819,"current_hp_per_floor":[75,75,75,75,67,48,48,45,45,45,45,45,44,39,39,39,75,55,38,38,0],"items_purged":["Strike_B"],"gold":257,"score":229,"play_id":"7aee115b-0e44-40ff-a305-7ca7a7cb4330","local_time":"20180508004813","is_prod":false,"is_daily":false,"chose_seed":false,"is_ascension_mode":true,"campfire_upgraded":3,"timestamp":1525733293,"path_taken":["M","M","$","M","M","E","R","E","T","$","?","R","M","E","R","BOSS","M","M","?","M"],"build_version":"2018-05-03","seed_source_timestamp":97599405049720,"purchased_purges":1,"victory":false,"master_deck":["Strike_B","Strike_B","Defend_B","Defend_B","Defend_B","Defend_B","Zap","Dualcast","Doom and Gloom","Defragment+1","Chaos+1","Reinforced Body","Impulse","Prime+1","Leap","Nova","Multi-Cast"],"max_hp_per_floor":[75,75,75,75,75,75,75,75,75,75,75,75,75,75,75,75,75,75,75,75,75],"relics":["Cracked Core","Ornamental Fan","Bag of Preparation","Lantern","Meat on the Bone","Inserter"],"card_choices":[{"not_picked":["Rebound","Hologram"],"picked":"Doom and Gloom","floor":1},{"not_picked":["Reprogram","Sunder"],"picked":"Defragment","floor":2},{"not_picked":["Sweeping Beam","Rip and Tear"],"picked":"Chaos","floor":4},{"not_picked":["Static Discharge","Recycle"],"picked":"Reinforced Body","floor":5},{"not_picked":["Streamline","Go for the Eyes"],"picked":"Impulse","floor":6},{"not_picked":["Beam Cell","Turbo"],"picked":"Leap","floor":13},{"not_picked":["Go for the Eyes","Beam Cell"],"picked":"Nova","floor":14},{"not_picked":["Machine Learning","Echo Form"],"picked":"Multi-Cast","floor":16}],"player_experience":46062,"potions_floor_usage":[14,16],"damage_taken":[{"damage":0,"enemies":"Jaw Worm","floor":1,"turns":4},{"damage":0,"enemies":"2 Louse","floor":2,"turns":2},{"damage":0,"enemies":"Cultist","floor":4,"turns":4},{"damage":8,"enemies":"Blue Slaver","floor":5,"turns":3},{"damage":19,"enemies":"3 Sentries","floor":6,"turns":6},{"damage":3,"enemies":"Lagavulin","floor":8,"turns":6},{"damage":1,"enemies":"2 Fungi Beasts","floor":13,"turns":3},{"damage":5,"enemies":"Gremlin Nob","floor":14,"turns":4},{"damage":21,"enemies":"Slime Boss","floor":16,"turns":5},{"damage":20,"enemies":"Chosen","floor":18,"turns":7},{"damage":29,"enemies":"2 Thieves","floor":19,"turns":5},{"damage":48,"enemies":"Slaver and Parasite","floor":21,"turns":6}],"event_choices":[{"event_name":"Liars Game","player_choice":"disagreed","floor":11,"damage_taken":0},{"event_name":"Vampires","player_choice":"Ignored","floor":20,"damage_taken":0}],"boss_relics":[{"not_picked":["Philosopher\u0027s Stone","Ectoplasm"],"picked":"Inserter"}],"potions_floor_spawned":[1,4,6,8,13,18,19],"seed_played":"7324782236533351964","killed_by":"Slaver and Parasite","ascension_level":3,"is_trial":false}