{"gold_per_floor":[114,114,129,129,144,174,174,204,279,234,264,279,309,324,324,424,424,439,454,469,504,519,549,564,564,589,589,604,634,634,479,479,579,579,594,594,594,628,144,474,180,210,260,260,260,275,275,47,47,47],"floor_reached":51,"playtime":2442,"items_purged":["Strike_B","Strike_B","Strike_B","Defend_B"],"score":973,"play_id":"af542920-b72c-4449-bab9-a88fd0bf117e","local_time":"20190113090135","daily_mods":["Allstar","Vintage","Terminal"],"is_ascension_mode":false,"campfire_choices":[{"data":"Electrodynamics","floor":15,"key":"SMITH"},{"data":"Jack Of All Trades","floor":25,"key":"SMITH"},{"data":"Streamline","floor":32,"key":"SMITH"},{"data":"Seek","floor":44,"key":"SMITH"},{"floor":47,"key":"DIG"},{"floor":49,"key":"DIG"}],"neow_cost":"","seed_source_timestamp":0,"circlet_count":0,"master_deck":["Strike_B+1","Defend_B","Defend_B","Defend_B+1","Zap","Dualcast","Dramatic Entrance+1","Blind+1","Jack Of All Trades+1","Dramatic Entrance","Madness","Rebound","Electrodynamics+1","Redo","Seek+1","Ghostly","Ghostly","Ghostly","Ghostly","Ghostly","Streamline+1","Hologram","Thunder Strike","Consume","Tempest+1","Apotheosis","Defragment+1"],"special_seed":17909,"relics":["Cracked Core","Bronze Scales","Anchor","Symbiotic Virus","Ornamental Fan","Omamori","Sundial","Matryoshka","War Paint","Vajra","Mango","Dodecahedron","Philosopher\u0027s Stone","Whetstone","Oddly Smooth Stone","Frozen Egg 2","Blood Vial","Ancient Tea Set","Calipers","Gremlin Horn","Bottled Lightning","Pen Nib","Juzu Bracelet","Strawberry","Lizard Tail","Singing Bowl","Shovel","Runic Capacitor","Bag of Marbles","Old Coin","Lantern","Regal Pillow","Potion Belt","Pear","Gambling Chip","Centennial Puzzle"],"potions_floor_usage":[6,11,20,23,24,50],"damage_taken":[{"damage":0,"enemies":"Small Slimes","floor":1,"turns":2},{"damage":0,"enemies":"Cultist","floor":3,"turns":2},{"damage":0,"enemies":"2 Louse","floor":5,"turns":2},{"damage":5,"enemies":"3 Sentries","floor":6,"turns":6},{"damage":8,"enemies":"Lagavulin","floor":8,"turns":5},{"damage":4,"enemies":"Gremlin Nob","floor":11,"turns":4},{"damage":0,"enemies":"Gremlin Gang","floor":12,"turns":2},{"damage":0,"enemies":"3 Sentries","floor":13,"turns":2},{"damage":0,"enemies":"2 Fungi Beasts","floor":14,"turns":2},{"damage":3,"enemies":"Slime Boss","floor":16,"turns":7},{"damage":0,"enemies":"2 Thieves","floor":18,"turns":2},{"damage":0,"enemies":"3 Byrds","floor":19,"turns":2},{"damage":9,"enemies":"Snake Plant","floor":20,"turns":3},{"damage":0,"enemies":"Cultist and Chosen","floor":21,"turns":4},{"damage":5,"enemies":"Shelled Parasite and Fungi","floor":22,"turns":3},{"damage":7,"enemies":"Book of Stabbing","floor":23,"turns":4},{"damage":4,"enemies":"Centurion and Healer","floor":24,"turns":6},{"damage":0,"enemies":"Cultist and Chosen","floor":28,"turns":3},{"damage":0,"enemies":"Gremlin Leader","floor":29,"turns":3},{"damage":30,"enemies":"Champ","floor":33,"turns":10},{"damage":0,"enemies":"3 Shapes","floor":35,"turns":1},{"damage":2,"enemies":"2 Orb Walkers","floor":38,"turns":4},{"damage":0,"enemies":"Giant Head","floor":40,"turns":7},{"damage":0,"enemies":"Reptomancer","floor":42,"turns":3},{"damage":0,"enemies":"3 Darklings","floor":46,"turns":2},{"damage":27,"enemies":"Awakened One","floor":50,"turns":7}],"seed_played":"-9145318416937267474","potions_obtained":[{"floor":3,"key":"Poison Potion"},{"floor":6,"key":"Strength Potion"},{"floor":12,"key":"Energy Potion"},{"floor":14,"key":"Poison Potion"},{"floor":16,"key":"Weak Potion"},{"floor":20,"key":"Energy Potion"},{"floor":21,"key":"Block Potion"},{"floor":23,"key":"SpeedPotion"},{"floor":24,"key":"FairyPotion"},{"floor":29,"key":"Explosive Potion"},{"floor":40,"key":"Block Potion"}],"is_trial":false,"path_per_floor":["M","?","M","?","M","E","?","E","T","?","E","M","E","M","R","B",null,"M","M","M","M","M","E","M","R","T","?","M","E","?","$","R","B",null,"M","?","?","?","$","E","$","E","T","R","?","M","R","$","R","B",null],"character_chosen":"DEFECT","items_purchased":["Streamline","Hologram","Runic Capacitor","Bag of Marbles","Consume","Apotheosis","Defragment+1"],"campfire_rested":0,"item_purchase_floors":[31,31,39,39,39,41,48],"current_hp_per_floor":[73,72,71,70,69,64,39,31,31,31,27,27,41,41,41,38,71,70,69,60,60,57,52,50,50,50,71,70,76,37,36,35,5,33,32,31,30,30,30,29,28,29,28,27,26,35,34,33,32,5],"gold":47,"neow_bonus":"","is_prod":false,"is_daily":true,"chose_seed":false,"campfire_upgraded":4,"win_rate":0,"timestamp":1547398895,"path_taken":["M","?","?","?","?","E","?","E","T","?","E","M","E","M","R","BOSS","M","M","M","M","M","E","M","R","T","?","?","E","?","$","R","BOSS","M","?","?","?","$","E","$","E","T","R","?","M","R","?","R","BOSS"],"build_version":"2019-01-10","purchased_purges":4,"victory":true,"max_hp_per_floor":[73,72,71,70,69,68,67,66,65,64,63,62,75,74,73,72,71,70,69,68,67,66,65,64,63,62,71,70,76,37,36,35,34,33,32,31,30,31,30,29,28,29,28,27,26,35,34,33,32,31],"card_choices":[{"not_picked":["Compile Driver","Loop"],"picked":"Rebound","floor":6},{"not_picked":["Turbo","Creative AI"],"picked":"Electrodynamics","floor":8},{"not_picked":["Redo","Doom and Gloom","Steam"],"picked":"SKIP","floor":11},{"not_picked":["Redo","Beam Cell","Steam Power"],"picked":"SKIP","floor":13},{"not_picked":["Beam Cell","Steam Power"],"picked":"Redo","floor":13},{"not_picked":["Multi-Cast","Electrodynamics"],"picked":"Seek","floor":16},{"not_picked":["Lockon","Chaos"],"picked":"All For One","floor":23},{"not_picked":["Reboot","Coolheaded"],"picked":"Melter","floor":29},{"not_picked":["Electrodynamics+1","Meteor Strike"],"picked":"Thunder Strike","floor":33},{"not_picked":["Redo","Blizzard+1","Sweeping Beam"],"picked":"Singing Bowl","floor":38},{"not_picked":["Reinforced Body","Steam+1"],"picked":"Tempest+1","floor":40},{"not_picked":["Storm+1","Undo+1","Leap"],"picked":"Singing Bowl","floor":42}],"player_experience":591414,"relics_obtained":[{"floor":1,"key":"Bronze Scales"},{"floor":3,"key":"Anchor"},{"floor":5,"key":"Symbiotic Virus"},{"floor":6,"key":"Ornamental Fan"},{"floor":8,"key":"Sundial"},{"floor":9,"key":"Matryoshka"},{"floor":11,"key":"War Paint"},{"floor":12,"key":"Vajra"},{"floor":13,"key":"Mango"},{"floor":14,"key":"Dodecahedron"},{"floor":18,"key":"Whetstone"},{"floor":19,"key":"Oddly Smooth Stone"},{"floor":20,"key":"Frozen Egg 2"},{"floor":21,"key":"Blood Vial"},{"floor":22,"key":"Ancient Tea Set"},{"floor":23,"key":"Calipers"},{"floor":24,"key":"Gremlin Horn"},{"floor":26,"key":"Bottled Lightning"},{"floor":26,"key":"Pen Nib"},{"floor":28,"key":"Juzu Bracelet"},{"floor":29,"key":"Strawberry"},{"floor":35,"key":"Singing Bowl"},{"floor":38,"key":"Shovel"},{"floor":40,"key":"Old Coin"},{"floor":42,"key":"Lantern"},{"floor":43,"key":"Regal Pillow"},{"floor":43,"key":"Potion Belt"},{"floor":46,"key":"Pear"},{"floor":47,"key":"Gambling Chip"},{"floor":49,"key":"Centennial Puzzle"}],"event_choices":[{"damage_healed":0,"gold_gain":0,"cards_transformed":["Enlightenment"],"player_choice":"Transformed","damage_taken":0,"max_hp_gain":0,"max_hp_loss":0,"event_name":"Transmorgrifier","floor":2,"gold_loss":0,"cards_obtained":["Madness"]},{"damage_healed":0,"gold_gain":0,"player_choice":"Full Heal","damage_taken":0,"max_hp_gain":0,"max_hp_loss":0,"event_name":"Wheel of Change","floor":4,"gold_loss":0},{"damage_healed":0,"gold_gain":0,"player_choice":"Success","damage_taken":25,"relics_obtained":["Omamori"],"max_hp_gain":0,"max_hp_loss":0,"event_name":"Scrap Ooze","floor":7,"gold_loss":0},{"damage_healed":0,"gold_gain":0,"player_choice":"Left Gold","damage_taken":0,"max_hp_gain":0,"max_hp_loss":0,"event_name":"World of Goop","floor":10,"gold_loss":45},{"cards_removed":["All For One"],"damage_healed":12,"gold_gain":0,"player_choice":"Offered Rare","damage_taken":0,"max_hp_gain":10,"max_hp_loss":0,"event_name":"Bonfire Elementals","floor":27,"gold_loss":0},{"damage_healed":0,"gold_gain":0,"player_choice":"Became a Ghost","damage_taken":0,"max_hp_gain":0,"max_hp_loss":38,"event_name":"Ghosts","floor":30,"gold_loss":0,"cards_obtained":["Ghostly","Ghostly","Ghostly","Ghostly","Ghostly"]},{"damage_healed":0,"gold_gain":0,"player_choice":"Ignored","damage_taken":0,"max_hp_gain":0,"max_hp_loss":0,"event_name":"Tomb of Lord Red Mask","floor":36,"gold_loss":0},{"damage_healed":0,"gold_gain":0,"player_choice":"Ignored","damage_taken":0,"max_hp_gain":0,"max_hp_loss":0,"event_name":"SecretPortal","floor":37,"gold_loss":0},{"damage_healed":0,"gold_gain":0,"player_choice":"Fight","damage_taken":0,"max_hp_gain":0,"max_hp_loss":0,"event_name":"Mysterious Sphere","floor":38,"gold_loss":0},{"cards_removed":["Melter"],"damage_healed":0,"gold_gain":0,"player_choice":"Removed Attack","damage_taken":0,"max_hp_gain":0,"max_hp_loss":0,"event_name":"Falling","floor":45,"gold_loss":0}],"is_beta":false,"boss_relics":[{"not_picked":["Nuclear Battery","Busted Crown"],"picked":"Philosopher\u0027s Stone"},{"not_picked":["Runic Pyramid","Coffee Dripper"],"picked":"Lizard Tail"}],"items_purged_floors":[31,39,41,48],"is_endless":false,"potions_floor_spawned":[3,6,12,14,16,20,21,23,24,28,29,40,42],"ascension_level":0}