{"gold_per_floor":[110,120,138,150,150,150,150,150,199,210,223,248,268,268,268,362,362,385,403,73,94,94],"floor_reached":22,"playtime":1318,"items_purged":["Injury"],"score":323,"play_id":"7c948b7b-79a2-4d7f-8525-f5405c9011b7","local_time":"20181230224520","is_ascension_mode":true,"campfire_choices":[{"floor":6,"key":"REST"},{"data":"Zap","floor":8,"key":"SMITH"},{"floor":15,"key":"REST"}],"neow_cost":"CURSE","seed_source_timestamp":740388388558819,"circlet_count":0,"master_deck":["AscendersBane","Strike_B","Strike_B","Strike_B","Strike_B","Defend_B","Defend_B","Defend_B","Defend_B","Zap+1","Dualcast","Echo Form","Ball Lightning","Leap","Compile Driver","FTL","Loop","Conserve Battery","Coolheaded","Biased Cognition","Sweeping Beam","Defragment","Apotheosis","Capacitor","Hologram"],"relics":["Cracked Core","Oddly Smooth Stone","Golden Idol","Snecko Eye"],"potions_floor_usage":[7,16,16,22],"damage_taken":[{"damage":1,"enemies":"Cultist","floor":1,"turns":4},{"damage":7,"enemies":"Small Slimes","floor":2,"turns":3},{"damage":8,"enemies":"2 Louse","floor":3,"turns":2},{"damage":24,"enemies":"Exordium Thugs","floor":4,"turns":5},{"damage":8,"enemies":"Blue Slaver","floor":10,"turns":3},{"damage":5,"enemies":"3 Louse","floor":11,"turns":3},{"damage":12,"enemies":"Lagavulin","floor":12,"turns":6},{"damage":10,"enemies":"2 Fungi Beasts","floor":13,"turns":3},{"damage":23,"enemies":"Slime Boss","floor":16,"turns":7},{"damage":18,"enemies":"3 Byrds","floor":18,"turns":5},{"damage":2,"enemies":"Chosen","floor":19,"turns":5},{"damage":24,"enemies":"Snake Plant","floor":21,"turns":4},{"damage":15,"enemies":"Shelled Parasite and Fungi","floor":22,"turns":2}],"seed_played":"-958841730991721728","potions_obtained":[{"floor":2,"key":"EssenceOfSteel"},{"floor":7,"key":"Swift Potion"},{"floor":7,"key":"Fruit Juice"},{"floor":7,"key":"Strength Potion"},{"floor":19,"key":"Ancient Potion"},{"floor":21,"key":"PowerPotion"}],"is_trial":false,"path_per_floor":["M","M","M","M","?","R","?","R","T","M","M","E","M","?","R","B",null,"M","M","$","M","M"],"character_chosen":"DEFECT","items_purchased":["Apotheosis","Capacitor"],"campfire_rested":2,"item_purchase_floors":[20,20],"current_hp_per_floor":[63,56,48,24,24,45,50,50,50,42,37,25,15,15,36,13,56,38,36,36,12,0],"gold":94,"neow_bonus":"THREE_RARE_CARDS","is_prod":false,"is_daily":false,"chose_seed":false,"campfire_upgraded":1,"win_rate":0,"timestamp":1546231520,"path_taken":["M","M","M","M","?","R","?","R","T","M","M","E","?","?","R","BOSS","M","M","$","M","M"],"build_version":"2018-12-20","purchased_purges":1,"victory":false,"max_hp_per_floor":[71,71,71,71,71,71,76,76,76,76,76,76,76,70,70,70,70,70,70,70,70,70],"card_choices":[{"not_picked":["Thunder Strike","Machine Learning"],"picked":"Echo Form","floor":0},{"not_picked":["Auto Shields","Lockon","Reprogram"],"picked":"SKIP","floor":1},{"not_picked":["Compile Driver","Stack"],"picked":"Ball Lightning","floor":2},{"not_picked":["Rebound","Tempest"],"picked":"Leap","floor":3},{"not_picked":["Multi-Cast","Heatsinks"],"picked":"Compile Driver","floor":4},{"not_picked":["Beam Cell","Turbo"],"picked":"FTL","floor":10},{"not_picked":["Ball Lightning","Steam"],"picked":"Loop","floor":11},{"not_picked":["Rebound","Darkness"],"picked":"Conserve Battery","floor":12},{"not_picked":["Undo","Chaos"],"picked":"Coolheaded","floor":13},{"not_picked":["Seek","Amplify"],"picked":"Biased Cognition","floor":16},{"not_picked":["Static Discharge","Lockon"],"picked":"Sweeping Beam","floor":18},{"not_picked":["Coolheaded","Hologram+1"],"picked":"Defragment","floor":19},{"not_picked":["Stack","Sweeping Beam"],"picked":"Hologram","floor":21}],"player_experience":349000,"relics_obtained":[{"floor":12,"key":"Oddly Smooth Stone"}],"event_choices":[{"damage_healed":0,"gold_gain":0,"player_choice":"Ignored","damage_taken":0,"max_hp_gain":0,"max_hp_loss":0,"event_name":"Shining Light","floor":5,"gold_loss":0},{"damage_healed":0,"gold_gain":0,"player_choice":"Got Potions","damage_taken":0,"max_hp_gain":0,"max_hp_loss":0,"event_name":"Lab","floor":7,"gold_loss":0},{"damage_healed":0,"gold_gain":0,"player_choice":"Lose Max HP","damage_taken":0,"relics_obtained":["Golden Idol"],"max_hp_gain":0,"max_hp_loss":6,"event_name":"Golden Idol","floor":14,"gold_loss":0}],"is_beta":false,"boss_relics":[{"not_picked":["FrozenCore","Orrery"],"picked":"Snecko Eye"}],"items_purged_floors":[20],"is_endless":false,"potions_floor_spawned":[2,10,13,19,21],"killed_by":"Shelled Parasite and Fungi","ascension_level":14}