{"gold_per_floor":[119,119,44,60,78,78,92,122,122,134,162,174,214,58,58,58],"floor_reached":16,"playtime":618,"items_purged":["Capacitor","Defend_B"],"score":176,"play_id":"128279c3-8fd8-41ee-b9ca-e504f24db31a","local_time":"20180918214244","is_ascension_mode":true,"campfire_choices":[{"data":"Dualcast","floor":6,"key":"SMITH"},{"floor":10,"key":"REST"},{"floor":12,"key":"REST"},{"floor":15,"key":"REST"}],"neow_cost":"","seed_source_timestamp":291454345615039,"circlet_count":0,"master_deck":["Strike_B","Strike_B","Strike_B","Defend_B","Defend_B","Defend_B","Zap","Dualcast+1","AscendersBane","Sunder","Defragment","Heatsinks"],"relics":["Cracked Core","Vajra","MawBank","Mummified Hand"],"potions_floor_usage":[7,11,13,16],"damage_taken":[{"damage":0,"enemies":"Small Slimes","floor":1,"turns":3},{"damage":0,"enemies":"Cultist","floor":4,"turns":3},{"damage":2,"enemies":"Jaw Worm","floor":5,"turns":3},{"damage":1,"enemies":"Looter","floor":7,"turns":2},{"damage":30,"enemies":"3 Sentries","floor":8,"turns":7},{"damage":8,"enemies":"Blue Slaver","floor":11,"turns":3},{"damage":30,"enemies":"Gremlin Nob","floor":13,"turns":4},{"damage":76,"enemies":"The Guardian","floor":16,"turns":11}],"seed_played":"-6850217214923226935","potions_obtained":[{"floor":4,"key":"Ancient Potion"},{"floor":5,"key":"SpeedPotion"},{"floor":11,"key":"GamblersBrew"},{"floor":13,"key":"Explosive Potion"}],"is_trial":false,"path_per_floor":["M","?","$","M","M","R","M","E","T","R","M","R","E","$","R"],"character_chosen":"DEFECT","items_purchased":["Heatsinks"],"campfire_rested":3,"item_purchase_floors":[14],"current_hp_per_floor":[68,68,68,68,66,66,65,35,35,57,49,71,41,41,63,0],"gold":58,"neow_bonus":"","is_prod":false,"is_daily":false,"chose_seed":false,"campfire_upgraded":1,"win_rate":0,"timestamp":1537299764,"path_taken":["M","?","$","M","M","R","M","E","T","R","M","R","E","$","R","BOSS"],"build_version":"2018-09-06","purchased_purges":2,"victory":false,"max_hp_per_floor":[75,75,75,75,75,75,75,75,75,75,75,75,75,75,75,75],"card_choices":[{"not_picked":["Compile Driver","Hologram","Beam Cell"],"picked":"SKIP","floor":1},{"not_picked":["Turbo","Redo"],"picked":"Sunder","floor":4},{"not_picked":["Streamline","Genetic Algorithm","Steam Power"],"picked":"SKIP","floor":5},{"not_picked":["Reprogram","Beam Cell","Go for the Eyes"],"picked":"SKIP","floor":7},{"not_picked":["Reprogram","Beam Cell","Go for the Eyes"],"picked":"SKIP","floor":7},{"not_picked":["Steam","Turbo"],"picked":"Defragment","floor":8},{"not_picked":["Steam","Go for the Eyes","Chaos"],"picked":"SKIP","floor":11},{"not_picked":["Beam Cell","Redo","Sweeping Beam"],"picked":"SKIP","floor":13}],"player_experience":367872,"relics_obtained":[{"floor":8,"key":"Vajra"},{"floor":9,"key":"MawBank"},{"floor":13,"key":"Mummified Hand"}],"event_choices":[{"event_name":"Transmorgrifier","player_choice":"Transform","floor":2,"damage_taken":0}],"is_beta":false,"boss_relics":[],"items_purged_floors":[3,14],"is_endless":false,"potions_floor_spawned":[4,5,11,13],"killed_by":"The Guardian","ascension_level":12}