{"gold_per_floor":[110,110,128,128,144,144,157,176,176,196,121,21,40,50,50,154,154,174,174,193,193,68,68,85,85,110,110,110,122,122,141,141,237,237,253,265,115,115,126,126,143,143,143,143,153,153,184,198,198,198],"floor_reached":51,"playtime":2935,"items_purged":["Strike_R","Strike_R","Strike_R","Defend_R"],"score":823,"play_id":"1a1e8c4a-a8d0-416d-9af7-ebce88236de7","local_time":"20190107225148","is_ascension_mode":false,"campfire_choices":[{"data":"Heavy Blade","floor":6,"key":"SMITH"},{"floor":15,"key":"REST"},{"floor":25,"key":"REST"},{"data":"Bash","floor":27,"key":"SMITH"},{"data":"Shrug It Off","floor":32,"key":"SMITH"},{"floor":40,"key":"RECALL"},{"floor":49,"key":"REST"}],"neow_cost":"PERCENT_DAMAGE","seed_source_timestamp":961124562451878,"circlet_count":0,"master_deck":["Defend_R+1","Bash+1","Spot Weakness+1","Shrug It Off+1","Heavy Blade+1"],"relics":["Burning Blood","War Paint","Empty Cage","Frozen Egg 2","MutagenicStrength","Enchiridion","Bag of Marbles","Velvet Choker","Anchor","Dream Catcher"],"potions_floor_usage":[8,16,31,33,50,50],"damage_taken":[{"damage":1,"enemies":"Cultist","floor":1,"turns":3},{"damage":0,"enemies":"Small Slimes","floor":3,"turns":3},{"damage":6,"enemies":"Jaw Worm","floor":5,"turns":3},{"damage":3,"enemies":"Red Slaver","floor":7,"turns":4},{"damage":25,"enemies":"Gremlin Gang","floor":8,"turns":6},{"damage":7,"enemies":"3 Louse","floor":10,"turns":4},{"damage":9,"enemies":"Lots of Slimes","floor":13,"turns":7},{"damage":7,"enemies":"Blue Slaver","floor":14,"turns":4},{"damage":34,"enemies":"Hexaghost","floor":16,"turns":9},{"damage":13,"enemies":"3 Byrds","floor":18,"turns":6},{"damage":20,"enemies":"2 Thieves","floor":20,"turns":4},{"damage":2,"enemies":"Snecko","floor":24,"turns":5},{"damage":8,"enemies":"Centurion and Healer","floor":29,"turns":3},{"damage":5,"enemies":"3 Cultists","floor":31,"turns":4},{"damage":64,"enemies":"Champ","floor":33,"turns":7},{"damage":0,"enemies":"3 Darklings","floor":35,"turns":4},{"damage":0,"enemies":"3 Shapes","floor":36,"turns":4},{"damage":0,"enemies":"Transient","floor":39,"turns":5},{"damage":0,"enemies":"Jaw Worm Horde","floor":41,"turns":3},{"damage":4,"enemies":"4 Shapes","floor":45,"turns":6},{"damage":2,"enemies":"Giant Head","floor":47,"turns":5},{"damage":37,"enemies":"Writhing Mass","floor":48,"turns":5},{"damage":37,"enemies":"Time Eater","floor":50,"turns":7}],"seed_played":"-4893013979641176449","potions_obtained":[{"floor":1,"key":"GamblersBrew"},{"floor":7,"key":"BloodPotion"},{"floor":8,"key":"LiquidBronze"},{"floor":13,"key":"Ancient Potion"},{"floor":16,"key":"PowerPotion"},{"floor":20,"key":"Explosive Potion"},{"floor":33,"key":"BloodPotion"},{"floor":36,"key":"Block Potion"},{"floor":48,"key":"FearPotion"}],"is_trial":false,"path_per_floor":["M","?","M","?","M","R","M","M","T","M","$","$","M","M","R","B",null,"M","T","M","?","$","?","M","R","T","R","?","M","$","M","R","B",null,"M","M","$","?","M","R","M","?","T","$","M","?","E","M","R","B",null],"character_chosen":"IRONCLAD","items_purchased":[],"campfire_rested":3,"item_purchase_floors":[],"current_hp_per_floor":[61,61,67,67,67,67,70,51,51,50,50,50,47,46,70,42,80,73,73,59,59,59,43,47,71,71,71,71,69,69,70,70,12,80,80,80,80,80,80,80,80,80,80,80,80,80,80,49,73,50],"gold":198,"neow_bonus":"REMOVE_TWO","is_prod":false,"is_daily":false,"chose_seed":false,"campfire_upgraded":3,"win_rate":0,"timestamp":1546923108,"path_taken":["M","?","M","?","M","R","M","M","T","?","?","$","M","M","R","BOSS","M","?","M","?","$","?","M","R","T","R","?","M","$","M","R","BOSS","M","M","$","?","?","R","?","?","T","$","?","?","E","M","R","BOSS"],"build_version":"2019-01-03v4","purchased_purges":4,"victory":true,"max_hp_per_floor":[80,80,80,80,80,80,80,80,80,80,80,80,80,80,80,80,80,80,80,80,80,80,80,80,80,80,80,80,80,80,80,80,80,80,80,80,80,80,80,80,80,80,80,80,80,80,80,80,80,80],"card_choices":[{"not_picked":["Disarm","Power Through"],"picked":"Spot Weakness","floor":1},{"not_picked":["Perfected Strike","Uppercut"],"picked":"Shrug It Off","floor":3},{"not_picked":["Cleave","Heavy Blade","Searing Blow"],"picked":"SKIP","floor":5},{"not_picked":["Cleave","Searing Blow"],"picked":"Heavy Blade","floor":5},{"not_picked":["Sever Soul","Evolve","Body Slam"],"picked":"SKIP","floor":7},{"not_picked":["Iron Wave","Cleave","Dual Wield"],"picked":"SKIP","floor":8},{"not_picked":["Rage","Sword Boomerang","Headbutt"],"picked":"SKIP","floor":10},{"not_picked":["Thunderclap","Sever Soul","Hemokinesis"],"picked":"SKIP","floor":13},{"not_picked":["Twin Strike","Sword Boomerang","Blood for Blood"],"picked":"SKIP","floor":14},{"not_picked":["Dropkick+1","Clash","Second Wind"],"picked":"SKIP","floor":18},{"not_picked":["Clash","Headbutt","Heavy Blade"],"picked":"SKIP","floor":20},{"not_picked":["Flame Barrier","Perfected Strike+1","Havoc"],"picked":"SKIP","floor":24},{"not_picked":["Rampage","Searing Blow+1","Cleave"],"picked":"SKIP","floor":29},{"not_picked":["Havoc","Headbutt","Double Tap"],"picked":"SKIP","floor":31},{"not_picked":["Sword Boomerang+1","Evolve+1","Iron Wave+1"],"picked":"SKIP","floor":35},{"not_picked":["Twin Strike","Clothesline+1","Armaments"],"picked":"SKIP","floor":36},{"not_picked":["Twin Strike+1","Warcry+1","Metallicize+1"],"picked":"SKIP","floor":39},{"not_picked":["Iron Wave","Wild Strike","Clash+1"],"picked":"SKIP","floor":41},{"not_picked":["Havoc","Dropkick+1","Cleave+1"],"picked":"SKIP","floor":45},{"not_picked":["Sword Boomerang+1","Heavy Blade+1","Fiend Fire"],"picked":"SKIP","floor":47},{"not_picked":["Twin Strike","Burning Pact+1","Clash+1"],"picked":"SKIP","floor":48}],"player_experience":434023,"relics_obtained":[{"floor":9,"key":"War Paint"},{"floor":19,"key":"Frozen Egg 2"},{"floor":23,"key":"Enchiridion"},{"floor":26,"key":"Bag of Marbles"},{"floor":43,"key":"Anchor"},{"floor":47,"key":"Dream Catcher"}],"event_choices":[{"damage_healed":0,"gold_gain":0,"player_choice":"Ignored","damage_taken":0,"max_hp_gain":0,"max_hp_loss":0,"event_name":"Liars Game","floor":2,"gold_loss":0},{"damage_healed":0,"gold_gain":0,"cards_transformed":["Strike_R"],"player_choice":"Transformed","damage_taken":0,"max_hp_gain":0,"max_hp_loss":0,"event_name":"Transmorgrifier","floor":4,"gold_loss":0,"cards_obtained":["Infernal Blade"]},{"damage_healed":0,"gold_gain":0,"player_choice":"Inject Mutagens","damage_taken":0,"relics_obtained":["MutagenicStrength"],"max_hp_gain":0,"max_hp_loss":0,"event_name":"Drug Dealer","floor":21,"gold_loss":0},{"damage_healed":0,"gold_gain":0,"player_choice":"Obtained Book","damage_taken":16,"max_hp_gain":0,"max_hp_loss":0,"event_name":"Cursed Tome","floor":23,"gold_loss":0},{"damage_healed":0,"gold_gain":0,"player_choice":"0 cards matched","damage_taken":0,"max_hp_gain":0,"max_hp_loss":0,"event_name":"Match and Keep!","floor":38,"gold_loss":0,"cards_obtained":[]},{"damage_healed":0,"gold_gain":0,"player_choice":"Ignored","damage_taken":0,"max_hp_gain":0,"max_hp_loss":0,"event_name":"SecretPortal","floor":42,"gold_loss":0},{"damage_healed":0,"gold_gain":0,"player_choice":"Ignored","damage_taken":0,"max_hp_gain":0,"max_hp_loss":0,"event_name":"Tomb of Lord Red Mask","floor":46,"gold_loss":0}],"is_beta":false,"boss_relics":[{"not_picked":["Lizard Tail","Black Blood"],"picked":"Empty Cage"},{"not_picked":["Cursed Key","Busted Crown"],"picked":"Velvet Choker"}],"items_purged_floors":[11,12,22,37],"is_endless":false,"potions_floor_spawned":[1,7,8,13,16,20,33,36,45,48],"ascension_level":0}