{"path_per_floor":["M","M","M","M","?","R","E","R","T","M","E","R","M","M","R","B",null,"M","$","M","M","M","E","R","E","T","M","M","$","M"],"character_chosen":"DEFECT","items_purchased":["Deep Breath","Art of War","FTL","Mercury Hourglass"],"gold_per_floor":[116,129,144,158,158,158,184,184,184,204,229,229,246,257,257,360,360,371,192,208,228,243,278,278,311,611,621,635,50,60,60],"floor_reached":31,"campfire_rested":2,"playtime":1548,"item_purchase_floors":[19,29,29,29],"current_hp_per_floor":[27,14,14,14,14,36,18,40,40,34,34,34,34,34,34,26,63,59,59,63,62,53,39,39,28,28,28,28,28,24,0],"items_purged":["Defend_B","Strike_B"],"gold":60,"score":413,"play_id":"5ef6b0a5-f39b-4a25-ba2b-d9a9e070ce59","local_time":"20180602210457","is_prod":false,"is_daily":false,"chose_seed":false,"is_ascension_mode":true,"campfire_upgraded":1,"win_rate":0,"timestamp":1527987897,"campfire_choices":[{"floor":6,"key":"REST"},{"floor":8,"key":"REST"},{"floor":12,"key":"DIG"},{"floor":15,"key":"DIG"},{"data":"Zap","floor":24,"key":"SMITH"}],"path_taken":["M","M","M","M","?","R","E","R","T","?","E","R","M","M","R","BOSS","M","$","M","M","M","E","R","E","T","M","?","$","M","E"],"build_version":"2018-05-30v2","seed_source_timestamp":38889136609141,"purchased_purges":2,"victory":false,"master_deck":["Strike_B","Strike_B","Strike_B","Defend_B","Defend_B","Defend_B","Zap+1","Dualcast","Genetic Algorithm","Double Energy","Leap","Chill","Go for the Eyes","Auto Shields","White Noise","Leap","Gash","Seek","Static Discharge","Deep Breath","Cold Snap+1","Loop+1","Loop","Chill+1","FTL"],"max_hp_per_floor":[75,75,75,75,75,75,75,75,75,75,75,75,75,75,75,75,75,75,75,75,75,75,77,77,79,79,79,79,79,81,81],"relics":["Cracked Core","Unceasing Top","Kunai","Shovel","Emotion Chip","DataDisk","Girya","Sozu","Singing Bowl","Bronze Scales","Old Coin","Art of War","Mercury Hourglass"],"card_choices":[{"not_picked":["Sunder","Heatsinks"],"picked":"Genetic Algorithm","floor":1},{"not_picked":["Reprogram","Lockon"],"picked":"Double Energy","floor":2},{"not_picked":["Gash","Conserve Battery"],"picked":"Leap","floor":3},{"not_picked":["Force Field","Conserve Battery"],"picked":"Chill","floor":4},{"not_picked":["Lockon","Coolheaded"],"picked":"Go for the Eyes","floor":7},{"not_picked":["Recycle","Undo"],"picked":"Auto Shields","floor":10},{"not_picked":["Reprogram","Leap"],"picked":"White Noise","floor":11},{"not_picked":["Sunder","Steam"],"picked":"Leap","floor":13},{"not_picked":["Streamline","Blizzard"],"picked":"Gash","floor":14},{"not_picked":["Buffer","Amplify"],"picked":"Seek","floor":16},{"not_picked":["Compile Driver","Lockon"],"picked":"Static Discharge","floor":18},{"not_picked":["Rip and Tear","Compile Driver"],"picked":"Cold Snap+1","floor":20},{"not_picked":["Sweeping Beam","Glacier"],"picked":"Loop+1","floor":21},{"not_picked":["Streamline","Auto Shields","Rebound"],"picked":"SKIP","floor":22},{"not_picked":["Streamline","Sunder","Capacitor"],"picked":"Singing Bowl","floor":23},{"not_picked":["Redo","Storm+1","Coolheaded"],"picked":"Singing Bowl","floor":25},{"not_picked":["Aggregate","Force Field"],"picked":"Loop","floor":27},{"not_picked":["Streamline","Steam+1"],"picked":"Chill+1","floor":28},{"not_picked":["Compile Driver","Ball Lightning","Chill"],"picked":"Singing Bowl","floor":30}],"player_experience":267852,"potions_floor_usage":[4,7,11,25,25],"damage_taken":[{"damage":7,"enemies":"Jaw Worm","floor":1,"turns":3},{"damage":13,"enemies":"Small Slimes","floor":2,"turns":3},{"damage":0,"enemies":"Cultist","floor":3,"turns":4},{"damage":0,"enemies":"Lots of Slimes","floor":4,"turns":1},{"damage":18,"enemies":"Lagavulin","floor":7,"turns":10},{"damage":6,"enemies":"3 Louse","floor":10,"turns":5},{"damage":0,"enemies":"3 Sentries","floor":11,"turns":10},{"damage":0,"enemies":"Blue Slaver","floor":13,"turns":4},{"damage":0,"enemies":"Looter","floor":14,"turns":3},{"damage":8,"enemies":"Hexaghost","floor":16,"turns":12},{"damage":4,"enemies":"2 Thieves","floor":18,"turns":5},{"damage":3,"enemies":"Spheric Guardian","floor":20,"turns":4},{"damage":1,"enemies":"3 Cultists","floor":21,"turns":7},{"damage":9,"enemies":"Snake Plant","floor":22,"turns":4},{"damage":16,"enemies":"Book of Stabbing","floor":23,"turns":6},{"damage":13,"enemies":"Slavers","floor":25,"turns":8},{"damage":0,"enemies":"Centurion and Healer","floor":27,"turns":8},{"damage":0,"enemies":"3 Cultists","floor":28,"turns":6},{"damage":6,"enemies":"Snake Plant","floor":30,"turns":5},{"damage":27,"enemies":"Gremlin Leader","floor":31,"turns":4}],"relics_obtained":[{"floor":7,"key":"Kunai"},{"floor":9,"key":"Shovel"},{"floor":11,"key":"Emotion Chip"},{"floor":12,"key":"DataDisk"},{"floor":15,"key":"Girya"},{"floor":23,"key":"Singing Bowl"},{"floor":25,"key":"Bronze Scales"},{"floor":26,"key":"Old Coin"}],"event_choices":[{"event_name":"Shining Light","player_choice":"Ignored","floor":5,"damage_taken":0}],"boss_relics":[{"not_picked":["Lizard Tail","Ectoplasm"],"picked":"Sozu"}],"items_purged_floors":[19,29],"potions_floor_spawned":[1,3,10,11,16,21,22,23,28,30],"seed_played":"8690947024304961057","killed_by":"Gremlin Leader","ascension_level":6,"potions_obtained":[{"floor":1,"key":"Block Potion"},{"floor":3,"key":"AttackPotion"},{"floor":10,"key":"PowerPotion"},{"floor":11,"key":"Swift Potion"},{"floor":16,"key":"EssenceOfSteel"}],"is_trial":false}