{"gold_per_floor":[109,126,126,201,69,69,25,69,69,69,92,92,128,148,148,148],"floor_reached":16,"playtime":806,"items_purged":["Injury"],"score":211,"play_id":"2bed8f23-3528-4a0a-b1fd-25b9e55e89f2","local_time":"20190211195642","is_ascension_mode":true,"campfire_choices":[{"floor":6,"key":"REST"},{"data":"Self Repair","floor":10,"key":"SMITH"},{"data":"Zap","floor":15,"key":"SMITH"}],"neow_cost":"NONE","seed_source_timestamp":2607685601452016,"circlet_count":0,"master_deck":["AscendersBane","Strike_B","Strike_B","Strike_B","Strike_B","Defend_B","Defend_B","Defend_B","Defend_B","Zap+1","Dualcast","Electrodynamics","Gash","Gash","Gash","Self Repair+1","Reinforced Body","Auto Shields"],"relics":["Cracked Core","Golden Idol","Meat on the Bone","Potion Belt","Sundial","Singing Bowl"],"potions_floor_usage":[8,13],"damage_taken":[{"damage":4,"enemies":"Jaw Worm","floor":1,"turns":3},{"damage":0,"enemies":"2 Louse","floor":2,"turns":1},{"damage":15,"enemies":"3 Sentries","floor":8,"turns":5},{"damage":1,"enemies":"Cultist","floor":11,"turns":3},{"damage":43,"enemies":"Lagavulin","floor":13,"turns":7},{"damage":10,"enemies":"Blue Slaver","floor":14,"turns":3},{"damage":58,"enemies":"Hexaghost","floor":16,"turns":9}],"seed_played":"6964289886414874027","potions_obtained":[{"floor":1,"key":"Fire Potion"},{"floor":8,"key":"SpeedPotion"}],"is_trial":false,"path_per_floor":["M","M","?","?","$","R","$","E","T","R","M","T","E","M","R","B"],"character_chosen":"DEFECT","items_purchased":["Gash","Self Repair"],"campfire_rested":1,"item_purchase_floors":[5,7],"current_hp_per_floor":[60,60,60,49,49,70,70,62,62,62,61,61,42,56,56,0],"gold":148,"neow_bonus":"ONE_RANDOM_RARE_CARD","is_prod":false,"is_daily":false,"chose_seed":false,"campfire_upgraded":2,"win_rate":0,"timestamp":1549911402,"path_taken":["M","M","?","?","?","R","$","E","T","R","M","?","E","M","R","BOSS"],"build_version":"2019-01-23","purchased_purges":1,"victory":false,"max_hp_per_floor":[71,71,71,71,71,71,71,71,71,71,71,71,73,75,75,75],"card_choices":[{"not_picked":["Fusion","Steam"],"picked":"Gash","floor":1},{"not_picked":["FTL","Sweeping Beam"],"picked":"Gash","floor":2},{"not_picked":["Ball Lightning","BootSequence"],"picked":"Reinforced Body","floor":8},{"not_picked":["Tempest","Doom and Gloom"],"picked":"Auto Shields","floor":11},{"not_picked":["Conserve Battery","Chill","Undo"],"picked":"Singing Bowl","floor":13},{"not_picked":["Turbo","Rebound","White Noise"],"picked":"Singing Bowl","floor":14}],"player_experience":764353,"relics_obtained":[{"floor":8,"key":"Meat on the Bone"},{"floor":9,"key":"Potion Belt"},{"floor":12,"key":"Sundial"},{"floor":13,"key":"Singing Bowl"}],"event_choices":[{"damage_healed":0,"gold_gain":0,"player_choice":"Take Wound","damage_taken":0,"relics_obtained":["Golden Idol"],"max_hp_gain":0,"max_hp_loss":0,"event_name":"Golden Idol","floor":3,"gold_loss":0,"cards_obtained":["Injury"]},{"damage_healed":0,"gold_gain":75,"player_choice":"Gather Gold","damage_taken":11,"max_hp_gain":0,"max_hp_loss":0,"event_name":"World of Goop","floor":4,"gold_loss":0}],"is_beta":false,"boss_relics":[],"items_purged_floors":[5],"is_endless":false,"potions_floor_spawned":[1,8],"killed_by":"Hexaghost","ascension_level":19}