{"path_per_floor":["M","?","?","M","M","R","?","M","T","E","R","E","R","$","R","B",null,"M","M","?","?","T","R","M","R","T","R","E","$","E","$","R","B",null,"M","?","?","$","M","E","R","E","T","M","M","?","E","?","R","B"],"character_chosen":"THE_SILENT","items_purchased":["Noxious Fumes","Tough Bandages","Omamori","Oddly Smooth Stone"],"gold_per_floor":[142,217,285,299,319,319,319,335,335,363,363,397,397,22,22,118,118,135,102,102,102,102,102,114,114,139,139,174,29,60,60,60,162,162,180,180,180,31,41,68,68,102,148,166,180,180,210,210,210,210],"floor_reached":51,"campfire_rested":4,"playtime":3298,"current_hp_per_floor":[75,64,64,57,56,56,41,34,34,24,46,45,45,45,67,69,75,75,64,64,64,64,64,59,59,59,59,57,57,53,53,53,29,75,75,75,75,75,74,49,75,71,71,60,59,59,34,34,71,53],"items_purged":["Defend_G"],"gold":210,"score":897,"play_id":"16975005-4656-4b8f-8405-713482d9b9d9","local_time":"20180402214053","is_prod":false,"is_daily":false,"is_ascension_mode":true,"campfire_upgraded":6,"timestamp":1522698053,"path_taken":["M","?","?","?","M","R","?","M","T","E","R","E","R","?","R","BOSS","M","M","?","?","?","R","?","R","T","R","E","$","E","?","R","BOSS","M","?","?","$","M","E","R","E","T","M","M","?","E","?","R","BOSS"],"build_version":"2018-03-29v2","purchased_purges":2,"victory":true,"master_deck":["Defend_G+1","Defend_G+1","Defend_G+1","Defend_G+1","Strike_G+1","Strike_G+1","Strike_G+1","Strike_G+1","Strike_G+1","Survivor+1","Neutralize+1","PiercingWail","Predator+1","Malaise+1","Cloak And Dagger+1","Cloak And Dagger+1","PiercingWail","Noxious Fumes+1","After Image+1","Backstab+1","Caltrops+1","Bullet Time","Noxious Fumes+1","Backstab+1","PiercingWail+1","Acrobatics+1","After Image","Flying Knee+1","Backflip+1","Noxious Fumes+1","Dramatic Entrance+1","Unload+1"],"max_hp_per_floor":[75,75,75,75,75,75,75,75,75,75,75,75,75,75,75,75,75,75,75,75,75,75,75,75,75,75,75,75,75,75,75,75,75,75,75,75,75,75,75,75,75,75,75,75,75,75,75,75,75,75],"relics":["Tiny House","Unceasing Top","Snake Skull","Gremlin Horn","Tough Bandages","Sozu","Dead Branch","Pen Nib","Regal Pillow","Omamori","Molten Egg 2","Orrery","Oddly Smooth Stone","Whetstone","Juzu Bracelet","Bag of Preparation","Orichalcum"],"card_choices":[{"not_picked":["Dagger Throw","Eviscerate"],"picked":"PiercingWail","floor":0.0},{"not_picked":["Crippling Poison","Choke"],"picked":"Predator","floor":1.0},{"not_picked":["Footwork","Dodge and Roll"],"picked":"Malaise","floor":4.0},{"not_picked":["Deflect","Infinite Blades"],"picked":"Cloak And Dagger","floor":5.0},{"not_picked":["PiercingWail","Setup"],"picked":"Cloak And Dagger","floor":10.0},{"not_picked":["Expertise","Backflip"],"picked":"PiercingWail","floor":12.0},{"not_picked":["Storm of Steel","Adrenaline"],"picked":"After Image","floor":16.0},{"not_picked":["Dagger Throw","All Out Attack"],"picked":"Backstab","floor":18.0},{"not_picked":["Quick Slash","Footwork"],"picked":"Caltrops","floor":30.0},{"not_picked":["Phantasmal Killer","Grand Finale"],"picked":"Bullet Time","floor":33.0},{"not_picked":["Deadly Poison","Prepared"],"picked":"Noxious Fumes","floor":34.0},{"not_picked":["Dagger Spray","Sucker Punch"],"picked":"Backstab","floor":34.0},{"not_picked":["Dagger Spray","Blade Dance"],"picked":"PiercingWail","floor":34.0},{"not_picked":["Dagger Throw","Underhanded Strike"],"picked":"Acrobatics","floor":34.0},{"not_picked":["Acrobatics","Masterful Stab"],"picked":"After Image","floor":35.0},{"not_picked":["Dagger Spray","Reflex"],"picked":"Flying Knee","floor":42},{"not_picked":["Prepared","Crippling Poison"],"picked":"Backflip","floor":44},{"not_picked":["Quick Slash","Accuracy"],"picked":"Noxious Fumes","floor":45},{"not_picked":["Flash of Steel","Blind"],"picked":"Dramatic Entrance","floor":46},{"not_picked":["Bane","Reflex"],"picked":"Unload","floor":47}],"player_experience":189402,"potions_floor_usage":[50,50],"damage_taken":[{"damage":0.0,"enemies":"2 Louse","floor":1.0,"turns":3.0},{"damage":7.0,"enemies":"Jaw Worm","floor":4.0,"turns":4.0},{"damage":1.0,"enemies":"Small Slimes","floor":5.0,"turns":5.0},{"damage":7.0,"enemies":"Exordium Wildlife","floor":8.0,"turns":10.0},{"damage":10.0,"enemies":"3 Sentries","floor":10.0,"turns":11.0},{"damage":1.0,"enemies":"Lagavulin","floor":12.0,"turns":10.0},{"damage":13.0,"enemies":"Hexaghost","floor":16.0,"turns":13.0},{"damage":0.0,"enemies":"Shell Parasite","floor":18.0,"turns":8.0},{"damage":11.0,"enemies":"2 Thieves","floor":19.0,"turns":5.0},{"damage":5.0,"enemies":"Snecko","floor":24.0,"turns":5.0},{"damage":2.0,"enemies":"Book of Stabbing","floor":28.0,"turns":7.0},{"damage":4.0,"enemies":"Gremlin Leader","floor":30.0,"turns":6.0},{"damage":24.0,"enemies":"Collector","floor":33.0,"turns":9.0},{"damage":0.0,"enemies":"Orb Walker","floor":35.0,"turns":4.0},{"damage":1.0,"enemies":"3 Darklings","floor":39.0,"turns":5.0},{"damage":25.0,"enemies":"2 Orb Walkers","floor":40.0,"turns":6.0},{"damage":4.0,"enemies":"Giant Head","floor":42.0,"turns":9.0},{"damage":11,"enemies":"Maw","floor":44,"turns":7},{"damage":1,"enemies":"Sphere and 2 Shapes","floor":45,"turns":5},{"damage":25,"enemies":"Nemesis","floor":47,"turns":7},{"damage":18,"enemies":"Donu and Deca","floor":50,"turns":8}],"event_choices":[{"event_name":"World of Goop","player_choice":"Gather Gold","floor":2.0,"damage_taken":0.0},{"event_name":"Golden Wing","player_choice":"Gained Gold","floor":3.0,"damage_taken":0.0},{"event_name":"Shining Light","player_choice":"Entered Light","floor":7.0,"damage_taken":0.0},{"event_name":"Drug Dealer","player_choice":"Ignored","floor":20.0,"damage_taken":0.0},{"event_name":"Back to Basics","player_choice":"Simplicity","floor":21.0,"damage_taken":0.0},{"event_name":"Tomb of Lord Red Mask","player_choice":"Ignored","floor":36.0,"damage_taken":0.0},{"event_name":"Winding Halls","player_choice":"Writhe","floor":37.0,"damage_taken":0.0},{"event_name":"SensoryStone","player_choice":"Memory 1","floor":46,"damage_taken":0},{"event_name":"Mysterious Sphere","player_choice":"Ignore","floor":48,"damage_taken":0}],"boss_relics":[],"potions_floor_spawned":[5,8,12,16,18,28,35,42,45],"seed_played":"-3612110725457764775","ascension_level":4,"is_trial":false}