{"gold_per_floor":[119,139,156,170,180,180,190,223,269,269,269,285,298,298],"floor_reached":14,"playtime":635,"items_purged":[],"score":154,"play_id":"fb4f863a-bce0-4896-a5ea-33fae5691e86","local_time":"20180918213216","is_ascension_mode":true,"campfire_choices":[{"data":"Zap","floor":6,"key":"SMITH"},{"floor":10,"key":"REST"}],"neow_cost":"","seed_source_timestamp":290808857530252,"circlet_count":0,"master_deck":["Strike_B","Strike_B","Strike_B","Strike_B","Defend_B","Defend_B","Defend_B","Defend_B","Zap+1","Dualcast","AscendersBane","Conserve Battery","Leap","Loop+1","Undo","Reinforced Body"],"relics":["Cracked Core","Smiling Mask","Happy Flower"],"potions_floor_usage":[5,8,12,14],"damage_taken":[{"damage":0,"enemies":"2 Louse","floor":1,"turns":3},{"damage":0,"enemies":"Small Slimes","floor":2,"turns":3},{"damage":0,"enemies":"Cultist","floor":3,"turns":3},{"damage":5,"enemies":"Blue Slaver","floor":4,"turns":5},{"damage":8,"enemies":"3 Louse","floor":5,"turns":4},{"damage":6,"enemies":"Looter","floor":7,"turns":3},{"damage":24,"enemies":"Lagavulin","floor":8,"turns":9},{"damage":4,"enemies":"Large Slime","floor":12,"turns":6},{"damage":3,"enemies":"Exordium Wildlife","floor":13,"turns":6},{"damage":0,"enemies":"Lagavulin Event","floor":14,"turns":2}],"seed_played":"-6870236935305464485","potions_obtained":[{"floor":2,"key":"Dexterity Potion"},{"floor":4,"key":"Ancient Potion"},{"floor":8,"key":"AttackPotion"},{"floor":12,"key":"Poison Potion"},{"floor":13,"key":"SpeedPotion"}],"is_trial":false,"path_per_floor":["M","M","M","M","M","R","M","E","T","R","?","M","M"],"character_chosen":"DEFECT","items_purchased":[],"campfire_rested":1,"item_purchase_floors":[],"current_hp_per_floor":[68,68,68,63,55,55,49,25,25,47,47,43,40,40],"gold":298,"neow_bonus":"","is_prod":false,"is_daily":false,"chose_seed":false,"campfire_upgraded":1,"win_rate":0,"timestamp":1537299136,"path_taken":["M","M","M","M","M","R","M","E","T","R","?","?","M","?"],"build_version":"2018-09-06","purchased_purges":0,"victory":false,"max_hp_per_floor":[75,75,75,75,75,75,75,75,75,75,75,75,75,75],"card_choices":[{"not_picked":["Streamline","Stack","Ball Lightning"],"picked":"SKIP","floor":1},{"not_picked":["Turbo","Auto Shields"],"picked":"Conserve Battery","floor":2},{"not_picked":["Reboot","Redo"],"picked":"Leap","floor":3},{"not_picked":["Rebound","Ball Lightning"],"picked":"Loop","floor":4},{"not_picked":["Compile Driver","Conserve Battery","Streamline"],"picked":"SKIP","floor":5},{"not_picked":["Genetic Algorithm","Compile Driver"],"picked":"Undo","floor":7},{"not_picked":["Biased Cognition","Chill"],"picked":"Reinforced Body","floor":8},{"not_picked":["Undo","Compile Driver","Ball Lightning"],"picked":"SKIP","floor":12},{"not_picked":["Redo","Leap","Coolheaded"],"picked":"SKIP","floor":13}],"player_experience":367237,"relics_obtained":[{"floor":8,"key":"Smiling Mask"},{"floor":9,"key":"Happy Flower"}],"event_choices":[{"event_name":"Living Wall","player_choice":"Grow","floor":11,"damage_taken":0},{"event_name":"Dead Adventurer","player_choice":"Searched \u00271\u0027 times","floor":14,"damage_taken":0}],"is_beta":false,"boss_relics":[],"items_purged_floors":[],"is_endless":false,"potions_floor_spawned":[2,4,8,12,13,14],"killed_by":"Lagavulin Event","ascension_level":12}