{"gold_per_floor":[114,129,144,159,174,204,204,129,129,94,94,109,124,139,139,239,239,254,269,19,19,34,34,64,64,64,64,64,79,94,109,109,209,209,224,239,254,254,269,269,269,269,344,359,374,404,419,10,10,10],"floor_reached":51,"playtime":4384,"items_purged":["Wraith Form v2","Grand Finale","Dodge and Roll"],"score":657,"play_id":"1577958e-e780-4b3e-82cf-b804582432d3","local_time":"20180818191439","daily_mods":["Shiny","Uncertain Future","Binary"],"is_ascension_mode":false,"campfire_choices":[{"floor":7,"key":"REST"},{"floor":11,"key":"REST"},{"data":"Malaise","floor":15,"key":"SMITH"},{"data":"Bullet Time","floor":23,"key":"SMITH"},{"floor":25,"key":"REST"},{"floor":32,"key":"REST"},{"floor":40,"key":"REST"},{"floor":42,"key":"REST"},{"floor":49,"key":"REST"}],"neow_cost":"","seed_source_timestamp":0,"circlet_count":0,"master_deck":["Venomology","Malaise+1","Die Die Die","Adrenaline","Envenom","Doppelganger+1","Burst","Tools of the Trade","Night Terror+1","Unload","After Image","Bullet Time+1","Glass Knife","A Thousand Cuts","Backflip","Cloak And Dagger","Tools of the Trade","Cloak And Dagger","Accuracy","Die Die Die","Quick Slash","Blade Dance","After Image","Crippling Poison+1","Sucker Punch+1","Backstab+1","Malaise","PiercingWail","Blade Dance+1","Backflip+1","Blade Dance+1","Apotheosis","Infinite Blades"],"special_seed":17762,"relics":["Ring of the Snake","Orichalcum","Tough Bandages","Potion Belt","Nloth\u0027s Gift","War Paint","Turnip","Astrolabe","Thread and Needle","Gremlin Horn","Bronze Scales"],"potions_floor_usage":[6,14,16,22,29,31,31,33,33,33,33,39,39,46,50,50,50,50,50],"damage_taken":[{"damage":6,"enemies":"Cultist","floor":1,"turns":3},{"damage":0,"enemies":"Small Slimes","floor":2,"turns":5},{"damage":3,"enemies":"Jaw Worm","floor":3,"turns":3},{"damage":11,"enemies":"Lots of Slimes","floor":4,"turns":2},{"damage":7,"enemies":"Blue Slaver","floor":5,"turns":4},{"damage":24,"enemies":"Gremlin Nob","floor":6,"turns":5},{"damage":1,"enemies":"Exordium Thugs","floor":12,"turns":4},{"damage":1,"enemies":"3 Louse","floor":13,"turns":2},{"damage":12,"enemies":"Large Slime","floor":14,"turns":4},{"damage":15,"enemies":"The Guardian","floor":16,"turns":12},{"damage":3,"enemies":"2 Thieves","floor":18,"turns":2},{"damage":13,"enemies":"3 Byrds","floor":19,"turns":4},{"damage":0,"enemies":"Snake Plant","floor":22,"turns":4},{"damage":32,"enemies":"Book of Stabbing","floor":24,"turns":7},{"damage":11,"enemies":"Centurion and Healer","floor":29,"turns":5},{"damage":3,"enemies":"Snecko","floor":30,"turns":4},{"damage":30,"enemies":"Snake Plant","floor":31,"turns":3},{"damage":35,"enemies":"Automaton","floor":33,"turns":9},{"damage":6,"enemies":"3 Shapes","floor":35,"turns":4},{"damage":10,"enemies":"3 Darklings","floor":36,"turns":5},{"damage":0,"enemies":"Maw","floor":37,"turns":9},{"damage":33,"enemies":"Transient","floor":39,"turns":5},{"damage":0,"floor":41,"turns":10},{"damage":0,"enemies":"4 Shapes","floor":44,"turns":5},{"damage":7,"enemies":"Maw","floor":45,"turns":9},{"damage":33,"enemies":"2 Orb Walkers","floor":46,"turns":5},{"damage":10,"enemies":"3 Darklings","floor":47,"turns":3},{"damage":13,"enemies":"Donu and Deca","floor":50,"turns":6}],"seed_played":"-5091411404733603740","potions_obtained":[{"floor":5,"key":"Dexterity Potion"},{"floor":12,"key":"Regen Potion"},{"floor":13,"key":"Regen Potion"},{"floor":16,"key":"Strength Potion"},{"floor":22,"key":"Explosive Potion"},{"floor":30,"key":"Energy Potion"},{"floor":33,"key":"Regen Potion"},{"floor":39,"key":"LiquidBronze"},{"floor":41,"key":"Poison Potion"},{"floor":46,"key":"PowerPotion"}],"is_trial":false,"path_per_floor":["M","M","M","M","M","E","R","$","T","?","R","M","M","M","R","B",null,"M","M","$","?","M","R","E","R","T","$","?","M","M","M","R","B",null,"M","M","M","?","M","R","?","R","T","M","M","E","M","$","R","B"],"character_chosen":"THE_SILENT","items_purchased":["Potion Belt","Apotheosis","Infinite Blades"],"campfire_rested":7,"item_purchase_floors":[20,48,48],"current_hp_per_floor":[64,64,61,50,43,19,40,40,40,40,61,60,59,56,56,56,70,67,54,54,54,54,54,22,43,43,43,66,55,52,22,43,8,70,64,54,54,54,21,42,42,63,63,63,56,35,25,25,46,47],"gold":10,"neow_bonus":"","is_prod":false,"is_daily":true,"chose_seed":false,"campfire_upgraded":2,"win_rate":0,"timestamp":1534644879,"path_taken":["M","?","M","M","M","E","R","$","T","?","R","M","?","M","R","BOSS","M","M","$","?","M","R","E","R","T","?","?","M","M","M","R","BOSS","M","M","M","?","M","R","?","R","T","M","?","E","M","$","R","BOSS"],"build_version":"2018-08-16","purchased_purges":3,"victory":true,"max_hp_per_floor":[70,70,70,70,70,70,70,70,70,70,70,70,70,70,70,70,70,70,70,70,70,70,70,70,70,70,70,70,70,70,70,70,70,70,70,70,70,70,70,70,70,70,70,70,70,70,70,70,70,70],"card_choices":[{"not_picked":["Outmaneuver"],"picked":"Backflip","floor":1},{"not_picked":["Leg Sweep"],"picked":"Dodge and Roll","floor":2},{"not_picked":["Poisoned Stab"],"picked":"Cloak And Dagger","floor":3},{"not_picked":["Bouncing Flask"],"picked":"Tools of the Trade","floor":4},{"not_picked":["Outmaneuver"],"picked":"Cloak And Dagger","floor":5},{"not_picked":["Leg Sweep","Phantasmal Killer"],"picked":"SKIP","floor":6},{"not_picked":["Dagger Throw"],"picked":"Accuracy","floor":12},{"not_picked":["Eviscerate","Acrobatics"],"picked":"SKIP","floor":13},{"not_picked":["Eviscerate","Acrobatics"],"picked":"SKIP","floor":13},{"not_picked":["Masterful Stab","Deadly Poison"],"picked":"SKIP","floor":14},{"not_picked":["Tools of the Trade"],"picked":"Die Die Die","floor":16},{"not_picked":["Choke"],"picked":"Quick Slash","floor":18},{"not_picked":["Quick Slash","PiercingWail"],"picked":"SKIP","floor":19},{"not_picked":["Deadly Poison"],"picked":"Blade Dance","floor":22},{"not_picked":["Poisoned Stab","Endless Agony"],"picked":"SKIP","floor":24},{"not_picked":["Caltrops","Venomology"],"picked":"SKIP","floor":29},{"not_picked":["Blur+1","Poisoned Stab"],"picked":"SKIP","floor":30},{"not_picked":["Flechettes","Poisoned Stab"],"picked":"SKIP","floor":31},{"not_picked":["Storm of Steel"],"picked":"After Image","floor":33},{"not_picked":["Bane+1"],"picked":"Malaise","floor":35},{"not_picked":["Setup","Concentrate+1"],"picked":"SKIP","floor":36},{"not_picked":["Dagger Spray"],"picked":"PiercingWail","floor":37},{"not_picked":["Crippling Poison+1"],"picked":"Blade Dance+1","floor":39},{"not_picked":["Choke"],"picked":"Backflip+1","floor":41},{"not_picked":["Concentrate+1","Unload"],"picked":"SKIP","floor":44},{"not_picked":["Slice+1","Prepared+1"],"picked":"SKIP","floor":45},{"not_picked":["Quick Slash+1"],"picked":"Blade Dance+1","floor":46},{"not_picked":["Dagger Spray","Dodge and Roll"],"picked":"SKIP","floor":47}],"player_experience":417040,"relics_obtained":[{"floor":6,"key":"Orichalcum"},{"floor":9,"key":"Tough Bandages"},{"floor":24,"key":"War Paint"},{"floor":26,"key":"Turnip"},{"floor":41,"key":"Thread and Needle"},{"floor":43,"key":"Gremlin Horn"},{"floor":46,"key":"Bronze Scales"}],"event_choices":[{"event_name":"World of Goop","player_choice":"Left","floor":10,"damage_taken":0},{"event_name":"N\u0027loth","player_choice":"Traded a WristBlade","floor":21,"damage_taken":0},{"event_name":"The Library","player_choice":"Heal","floor":28,"damage_taken":0},{"event_name":"Tomb of Lord Red Mask","player_choice":"Ignored","floor":38,"damage_taken":0},{"event_name":"MindBloom","player_choice":"Fight","floor":41,"damage_taken":0}],"is_beta":false,"boss_relics":[{"not_picked":["Runic Pyramid","Philosopher\u0027s Stone"],"picked":"WristBlade"},{"not_picked":["Runic Dome","Coffee Dripper"],"picked":"Astrolabe"}],"items_purged_floors":[8,20,48],"is_endless":false,"potions_floor_spawned":[5,12,13,16,18,19,22,30,33,39,41,44,46,47],"ascension_level":0}