{"path_per_floor":["M","?","M","M","M","E","R","?","T","M","?","R","E","M","R","B",null,"M","M","M","$","M","R","M","R","T","R","E","M","M","?","R","B",null,"M","M","M","?","M","R","M","E","T","M","M","R","M","M","R"],"character_chosen":"IRONCLAD","items_purchased":["Flex"],"gold_per_floor":[11,11,22,37,56,84,84,84,84,95,95,95,129,149,149,251,251,191,191,191,93,93,93,93,93,93,93,93,93,93,93,93,93,93,93,93,93,93,93,93,93,93,93,93,93,93,93,93,93],"floor_reached":50,"campfire_rested":7,"playtime":4491,"current_hp_per_floor":[92,92,87,87,88,69,69,93,93,96,96,96,71,66,66,40,96,79,65,35,35,20,48,34,62,62,90,60,57,58,58,86,61,96,80,80,46,46,29,57,63,32,46,52,25,58,56,59,92],"items_purged":["Strike_R"],"gold":93,"play_id":"4abe17b4-9746-4721-a60e-6e9dc6c4f6cd","is_prod":false,"is_daily":false,"campfire_rituals":0,"campfire_upgraded":3,"is_hardmode":false,"path_taken":["M","?","M","M","M","E","R","?","T","M","?","R","E","?","R","BOSS","M","M","?","$","M","R","M","R","T","R","E","M","M","?","R","BOSS","M","M","M","?","M","R","M","E","T","M","M","R","M","M","R","BOSS"],"build_version":"2018-01-04-PROD1","purchased_purges":1,"victory":false,"master_deck":["Strike_R","Strike_R","Defend_R","Defend_R","Defend_R","Defend_R","Bash","Flex","Headbutt","Twin Strike","Cleave","Parasite","Twin Strike","Demon Form","Flex","Limit Break","Heavy Blade","Whirlwind","Armaments","Flex","Heavy Blade","Headbutt","Anger","Spot Weakness","Decay","Reaper","Intimidate","True Grit","True Grit","Berserk","Whirlwind"],"max_hp_per_floor":[96,96,96,96,96,96,96,96,96,96,96,96,96,96,96,96,96,96,96,96,96,96,96,96,96,96,96,96,96,96,96,96,96,96,96,96,96,96,96,96,96,96,110,110,110,110,110,110,110],"relics":["Burning Blood","Matryoshka","Frozen Egg","Ice Cream","Kunai","Ectoplasm","Meat on the Bone","Bronze Scales","Ornamental Fan","Black Star","Omamori","Blood Vial","Mango"],"campfire_meditates":0,"card_choices":[{"not_picked":["Twin Strike","Sword Boomerang"],"picked":"Flex"},{"not_picked":["Pummel","Sever Soul"],"picked":"Headbutt"},{"not_picked":["Perfected Strike","Rupture"],"picked":"Twin Strike"},{"not_picked":["Blood for Blood","Clash"],"picked":"Cleave"},{"not_picked":["True Grit","Hemokinesis"],"picked":"Inflame"},{"not_picked":["Iron Wave","Bludgeon"],"picked":"Twin Strike"},{"not_picked":["Clothesline","Flame Barrier"],"picked":"Demon Form"},{"not_picked":["True Grit","Clash"],"picked":"Flex"},{"not_picked":["Double Tap","Bludgeon"],"picked":"Limit Break"},{"not_picked":["Body Slam","Headbutt"],"picked":"Heavy Blade"},{"not_picked":["Blood for Blood","Cleave"],"picked":"Whirlwind"},{"not_picked":["Clash","Pommel Strike"],"picked":"Armaments"},{"not_picked":["Body Slam","Twin Strike"],"picked":"Heavy Blade"},{"not_picked":["True Grit","Clothesline"],"picked":"Headbutt"},{"not_picked":["Flex","Clash"],"picked":"Anger"},{"not_picked":["Fiend Fire","Thunderclap"],"picked":"Spot Weakness"},{"not_picked":["Impervious","Juggernaut"],"picked":"Reaper"},{"not_picked":["Sword Boomerang","Dropkick"],"picked":"Intimidate"},{"not_picked":["Power Through","Shrug It Off"],"picked":"True Grit"},{"not_picked":["Sword Boomerang","Dual Wield"],"picked":"True Grit"},{"not_picked":["Burning Pact","Flame Barrier"],"picked":"Berserk"},{"not_picked":["Bloodletting","Perfected Strike"],"picked":"Whirlwind"}],"player_experience":21471,"potions_floor_usage":[24,33,33,33,39,42,45,50],"damage_taken":[{"damage":10.0,"enemies":"Small Slimes","floor":1.0,"turns":5.0},{"damage":11.0,"enemies":"Blue Slaver","floor":3.0,"turns":5.0},{"damage":6.0,"enemies":"Cultist","floor":4.0,"turns":3.0},{"damage":5.0,"enemies":"Looter","floor":5.0,"turns":3.0},{"damage":25.0,"enemies":"3 Sentries","floor":6.0,"turns":6.0},{"damage":0.0,"enemies":"Large Slime","floor":10.0,"turns":4.0},{"damage":31.0,"enemies":"Lagavulin","floor":13.0,"turns":5.0},{"damage":11.0,"enemies":"2 Fungi Beasts","floor":14.0,"turns":3.0},{"damage":32.0,"enemies":"Hexaghost","floor":16.0,"turns":6.0},{"damage":23.0,"enemies":"2 Thieves","floor":18.0,"turns":3.0},{"damage":20.0,"enemies":"3 Byrds","floor":19.0,"turns":5.0},{"damage":36.0,"enemies":"Snake Plant","floor":20.0,"turns":4.0},{"damage":21.0,"enemies":"3 Cultists","floor":22.0,"turns":4.0},{"damage":20,"enemies":"Sentry and Sphere","floor":24,"turns":4},{"damage":36,"enemies":"Slavers","floor":28,"turns":5},{"damage":21,"enemies":"Snake Plant","floor":29,"turns":2},{"damage":17,"enemies":"Centurion and Healer","floor":30,"turns":3},{"damage":58,"enemies":"Collector","floor":33,"turns":6},{"damage":22,"enemies":"3 Shapes","floor":35,"turns":2},{"damage":6,"enemies":"Orb Walker","floor":36,"turns":2},{"damage":52,"enemies":"Sphere and 2 Shapes","floor":37,"turns":3},{"damage":71,"enemies":"4 Shapes","floor":39,"turns":7},{"damage":32,"enemies":"Maw","floor":41,"turns":9},{"damage":64,"enemies":"Nemesis","floor":42,"turns":7},{"damage":38,"enemies":"3 Darklings","floor":44,"turns":4},{"damage":47,"enemies":"4 Shapes","floor":45,"turns":4},{"damage":40,"enemies":"Sphere and 2 Shapes","floor":47,"turns":4},{"damage":50,"enemies":"Maw","floor":48,"turns":8},{"damage":98,"enemies":"Donu and Deca","floor":50,"turns":5}],"event_choices":[{"event_name":"Bonfire Elementals","player_choice":"ATTACK","floor":2.0,"damage_taken":0.0},{"event_name":"Mushrooms","player_choice":"Healed and dodged fight","floor":8.0,"damage_taken":0.0},{"event_name":"Wheel of Change","player_choice":"Card Removal","floor":11.0,"damage_taken":0.0},{"event_name":"Forgotten Altar","player_choice":"Smashed Altar","floor":31,"damage_taken":0}],"boss_relics":[{"not_picked":["Eternal Feather","White Beast Statue"],"picked":"Black Star"}],"potions_floor_spawned":[5,6,13,16,19,22,28,36,39,42,47],"seed_played":"3071034002453383151","killed_by":"Donu and Deca","is_trial":false}