{"gold_per_floor":[114,189,204,204,219,219,234,234,259,289,304,79,94,109,109,209,209,224,239,254,254,269,269,89,104,104,104,104,104,134,161,173,285,297,324,351,378,186,201,231,231,246,246,246,246,0,50,65,65,65],"floor_reached":51,"playtime":2046,"items_purged":["Dark Embrace","Exhume"],"score":928,"play_id":"0572f17d-40e4-41b7-b089-0ac45425aa44","local_time":"20180831201513","daily_mods":["Shiny","Cursed Run","Uncertain Future"],"is_ascension_mode":false,"campfire_choices":[{"data":"Double Tap","floor":6,"key":"SMITH"},{"data":"Immolate","floor":8,"key":"SMITH"},{"data":"Limit Break","floor":15,"key":"SMITH"},{"data":"Barricade","floor":23,"key":"SMITH"},{"data":"1","floor":29,"key":"LIFT"},{"floor":32,"key":"REST"},{"floor":41,"key":"REST"},{"data":"2","floor":45,"key":"LIFT"},{"data":"3","floor":49,"key":"LIFT"}],"neow_cost":"","seed_source_timestamp":0,"circlet_count":0,"master_deck":["Double Tap+1","Demon Form","Bludgeon","Feed","Limit Break+1","Barricade+1","Fiend Fire","Berserk+1","Impervious","Juggernaut","Brutality","Reaper","Offering","Immolate+1","Flex+1","Decay","Clothesline","Ghostly Armor+1","Regret","Feed","Thunderclap","Uppercut+1","Shrug It Off+1","Whirlwind","Inflame","Clumsy","Pummel+1","Decay","Feed","Shame","Parasite","Normality","Whirlwind+1","Heavy Blade","Apotheosis+1","Double Tap+1","Injury","Apotheosis+1","Parasite","Doubt"],"special_seed":17775,"relics":["Cursed Key","Darkstone Periapt","Du-Vu Doll","Toxic Egg 2","Oddly Smooth Stone","Ornamental Fan","Bag of Preparation","Runic Dome","Orichalcum","Girya","Enchiridion","MawBank","Calling Bell","Art of War","Pear","Torii","Boot","Smiling Mask","Red Mask","Lantern"],"potions_floor_usage":[5,13,22,30,42,48,50],"damage_taken":[{"damage":0,"enemies":"Jaw Worm","floor":1,"turns":2},{"damage":6,"enemies":"2 Louse","floor":3,"turns":1},{"damage":6,"enemies":"Cultist","floor":5,"turns":3},{"damage":13,"enemies":"Large Slime","floor":7,"turns":5},{"damage":6,"enemies":"Lagavulin","floor":10,"turns":2},{"damage":0,"enemies":"3 Louse","floor":11,"turns":1},{"damage":0,"enemies":"Looter","floor":13,"turns":2},{"damage":11,"enemies":"Exordium Wildlife","floor":14,"turns":2},{"damage":47,"enemies":"Slime Boss","floor":16,"turns":6},{"damage":7,"enemies":"3 Byrds","floor":18,"turns":3},{"damage":10,"enemies":"Shell Parasite","floor":19,"turns":2},{"damage":0,"enemies":"Centurion and Healer","floor":20,"turns":1},{"damage":14,"enemies":"3 Cultists","floor":22,"turns":3},{"damage":13,"enemies":"Cultist and Chosen","floor":25,"turns":4},{"damage":16,"enemies":"Book of Stabbing","floor":30,"turns":4},{"damage":12,"enemies":"Shelled Parasite and Fungi","floor":31,"turns":2},{"damage":20,"enemies":"Automaton","floor":33,"turns":5},{"damage":16,"enemies":"Orb Walker","floor":35,"turns":2},{"damage":0,"enemies":"3 Darklings","floor":36,"turns":1},{"damage":16,"enemies":"4 Shapes","floor":37,"turns":3},{"damage":25,"enemies":"Transient","floor":39,"turns":5},{"damage":21,"enemies":"Nemesis","floor":40,"turns":3},{"damage":30,"enemies":"Reptomancer","floor":42,"turns":4},{"damage":0,"enemies":"Spire Growth","floor":48,"turns":2},{"damage":46,"enemies":"Time Eater","floor":50,"turns":4}],"seed_played":"7006954628493323479","potions_obtained":[{"floor":1,"key":"SkillPotion"},{"floor":11,"key":"SkillPotion"},{"floor":14,"key":"SpeedPotion"},{"floor":19,"key":"FearPotion"},{"floor":22,"key":"GamblersBrew"},{"floor":30,"key":"LiquidBronze"},{"floor":33,"key":"SneckoOil"},{"floor":37,"key":"Explosive Potion"},{"floor":42,"key":"SteroidPotion"}],"is_trial":false,"path_per_floor":["M","?","M","?","M","R","M","R","T","E","M","$","M","M","R","B",null,"M","M","M","?","M","R","$","M","T","?","?","R","E","M","R","B",null,"M","M","M","$","M","E","R","M","T","?","R","?","T","M","R","B"],"character_chosen":"IRONCLAD","items_purchased":["Bag of Preparation","Whirlwind","Apotheosis+1"],"campfire_rested":2,"item_purchase_floors":[12,24,38],"current_hp_per_floor":[83,72,66,63,65,65,60,60,66,60,60,60,63,65,65,36,101,101,91,91,91,77,77,77,71,77,61,61,61,62,50,84,100,150,134,134,124,124,111,90,136,127,133,133,133,133,139,139,139,139],"gold":65,"neow_bonus":"","is_prod":false,"is_daily":true,"chose_seed":false,"campfire_upgraded":4,"win_rate":0,"timestamp":1535771713,"path_taken":["M","?","M","?","?","R","M","R","T","E","M","$","M","M","R","BOSS","M","M","M","?","M","R","$","M","T","?","?","R","E","M","R","BOSS","M","M","M","$","M","E","R","M","T","?","R","?","?","M","R","BOSS"],"build_version":"2018-08-30","purchased_purges":2,"victory":true,"max_hp_per_floor":[83,83,83,83,83,83,83,83,89,89,89,89,92,95,95,101,101,104,104,104,104,104,104,104,107,113,113,113,113,116,116,116,122,150,150,150,156,156,156,156,156,156,162,162,162,162,168,168,168,174],"card_choices":[{"not_picked":["Hemokinesis","True Grit","Havoc"],"picked":"SKIP","floor":1},{"not_picked":["Body Slam","Wild Strike","True Grit"],"picked":"SKIP","floor":3},{"not_picked":["Perfected Strike","Sword Boomerang"],"picked":"Flex+1","floor":5},{"not_picked":["Flex+1","Dark Embrace","Sentinel+1"],"picked":"SKIP","floor":7},{"not_picked":["Blood for Blood","Rage+1","Body Slam"],"picked":"SKIP","floor":10},{"not_picked":["Sword Boomerang","Pommel Strike"],"picked":"Clothesline","floor":11},{"not_picked":["Warcry+1","Wild Strike"],"picked":"Ghostly Armor+1","floor":13},{"not_picked":["Thunderclap","Body Slam","Rampage"],"picked":"SKIP","floor":14},{"not_picked":["Bludgeon","Limit Break+1"],"picked":"Feed","floor":16},{"not_picked":["Twin Strike","Sever Soul"],"picked":"Thunderclap","floor":18},{"not_picked":["Reckless Charge","Anger+1"],"picked":"Uppercut+1","floor":19},{"not_picked":["Feel No Pain","Heavy Blade"],"picked":"Shrug It Off+1","floor":20},{"not_picked":["Heavy Blade","Combust","Reckless Charge"],"picked":"SKIP","floor":22},{"not_picked":["Pommel Strike","Cleave+1"],"picked":"Inflame","floor":25},{"not_picked":["Immolate","Body Slam"],"picked":"Pummel+1","floor":30},{"not_picked":["Wild Strike","Rampage","Burning Pact+1"],"picked":"SKIP","floor":31},{"not_picked":["Impervious+1","Demon Form"],"picked":"Feed","floor":33},{"not_picked":["Clothesline+1","Perfected Strike"],"picked":"Whirlwind+1","floor":35},{"not_picked":["Thunderclap","Anger+1","Burning Pact+1"],"picked":"SKIP","floor":36},{"not_picked":["Power Through+1","Thunderclap+1"],"picked":"Heavy Blade","floor":37},{"not_picked":["Reckless Charge","Pummel","Sword Boomerang+1"],"picked":"SKIP","floor":39},{"not_picked":["Sword Boomerang","Headbutt+1","Iron Wave"],"picked":"SKIP","floor":40},{"not_picked":["Infernal Blade+1","Searing Blow"],"picked":"Double Tap+1","floor":42},{"not_picked":["Headbutt","Rage+1","Corruption+1"],"picked":"SKIP","floor":48}],"player_experience":458593,"relics_obtained":[{"floor":9,"key":"Oddly Smooth Stone"},{"floor":10,"key":"Ornamental Fan"},{"floor":26,"key":"Girya"},{"floor":27,"key":"Enchiridion"},{"floor":30,"key":"MawBank"},{"floor":34,"key":"Art of War"},{"floor":34,"key":"Pear"},{"floor":34,"key":"Torii"},{"floor":40,"key":"Boot"},{"floor":43,"key":"Smiling Mask"},{"floor":47,"key":"Lantern"}],"event_choices":[{"event_name":"World of Goop","player_choice":"Gather Gold","floor":2,"damage_taken":0},{"event_name":"Scrap Ooze","player_choice":"success","floor":4,"damage_taken":3},{"event_name":"The Mausoleum","player_choice":"Yes","floor":21,"damage_taken":0},{"event_name":"Cursed Tome","player_choice":"Obtained Book","floor":27,"damage_taken":0},{"event_name":"Accursed Blacksmith","player_choice":"Forge","floor":28,"damage_taken":0},{"event_name":"Duplicator","player_choice":"One dupe","floor":44,"damage_taken":0},{"event_name":"Tomb of Lord Red Mask","player_choice":"Paid","floor":46,"damage_taken":0}],"is_beta":false,"boss_relics":[{"not_picked":["Runic Cube","Astrolabe"],"picked":"Runic Dome"},{"not_picked":["Lizard Tail","Empty Cage"],"picked":"Calling Bell"}],"items_purged_floors":[12,24],"is_endless":false,"potions_floor_spawned":[1,11,14,19,22,30,33,37,42],"ascension_level":0}