{"gold_per_floor":[17,28,28,51,66,66,82,82,131,131,131,156,171,183,183,254,254,272,129,129,144,144,174,174,208,208,208,226,239,239,239,239,314,314,333,40,0,19,34,69,69,82,129,129,129,160,160,193,193,193],"floor_reached":51,"playtime":2282,"items_purged":[],"score":1515,"play_id":"02a9dfce-0177-402b-b5d7-4a92c1883cab","local_time":"20180914140239","is_ascension_mode":true,"campfire_choices":[{"data":"Cloak And Dagger","floor":6,"key":"SMITH"},{"data":"Terror","floor":8,"key":"SMITH"},{"floor":10,"key":"REST"},{"data":"Accuracy","floor":15,"key":"SMITH"},{"data":"Blade Dance","floor":24,"key":"SMITH"},{"floor":27,"key":"REST"},{"data":"Cloak And Dagger","floor":30,"key":"SMITH"},{"data":"Accuracy","floor":32,"key":"SMITH"},{"data":"Burst","floor":41,"key":"SMITH"},{"data":"Blade Dance","floor":47,"key":"SMITH"},{"data":"Cloak And Dagger","floor":49,"key":"SMITH"}],"neow_cost":"NO_GOLD","seed_source_timestamp":230926032787616,"circlet_count":0,"master_deck":["Defend_G","Defend_G","Strike_G+1","Survivor","Neutralize+1","AscendersBane","Terror+1","Backflip","Cloak And Dagger+1","Accuracy+1","Flying Knee","Blade Dance+1","Glass Knife","Accuracy+1","Blade Dance+1","Cloak And Dagger+1","Cloak And Dagger+1","Burst+1","Dodge and Roll","Escape Plan","Infinite Blades","Blade Dance+1"],"relics":["Ring of the Snake","Whetstone","Lantern","Pen Nib","Empty Cage","Bag of Preparation","Juzu Bracelet","Bottled Tornado","FossilizedHelix","Lizard Tail","Mango","Red Mask","Boot","Bag of Marbles","PreservedInsect","Pear"],"potions_floor_usage":[12,29,33,40,46,50,50],"damage_taken":[{"damage":7,"enemies":"Cultist","floor":1,"turns":5},{"damage":2,"enemies":"2 Louse","floor":2,"turns":3},{"damage":0,"enemies":"Small Slimes","floor":5,"turns":3},{"damage":3,"enemies":"Exordium Wildlife","floor":7,"turns":3},{"damage":6,"enemies":"Gremlin Nob","floor":12,"turns":4},{"damage":1,"enemies":"Red Slaver","floor":13,"turns":2},{"damage":0,"enemies":"3 Louse","floor":14,"turns":3},{"damage":13,"enemies":"Slime Boss","floor":16,"turns":7},{"damage":4,"enemies":"Chosen","floor":18,"turns":2},{"damage":0,"enemies":"3 Byrds","floor":21,"turns":4},{"damage":2,"enemies":"Gremlin Leader","floor":23,"turns":5},{"damage":21,"enemies":"Slavers","floor":25,"turns":3},{"damage":0,"enemies":"Cultist and Chosen","floor":28,"turns":2},{"damage":0,"enemies":"Snake Plant","floor":29,"turns":2},{"damage":0,"enemies":"Collector","floor":33,"turns":5},{"damage":0,"enemies":"3 Shapes","floor":35,"turns":3},{"damage":0,"enemies":"Orb Walker","floor":38,"turns":2},{"damage":0,"enemies":"3 Darklings","floor":39,"turns":3},{"damage":0,"enemies":"Nemesis","floor":40,"turns":3},{"damage":0,"enemies":"Maw","floor":42,"turns":3},{"damage":6,"enemies":"2 Orb Walkers","floor":46,"turns":3},{"damage":0,"enemies":"Nemesis","floor":48,"turns":3},{"damage":45,"enemies":"Donu and Deca","floor":50,"turns":4}],"seed_played":"-505407903238228668","potions_obtained":[{"floor":1,"key":"GhostInAJar"},{"floor":2,"key":"Ancient Potion"},{"floor":5,"key":"FearPotion"},{"floor":12,"key":"SpeedPotion"},{"floor":25,"key":"Explosive Potion"},{"floor":29,"key":"Block Potion"},{"floor":33,"key":"AttackPotion"},{"floor":46,"key":"Strength Potion"},{"floor":48,"key":"Energy Potion"}],"is_trial":false,"path_per_floor":["M","M","?","T","M","R","M","R","T","R","?","E","M","M","R","B",null,"M","$","?","M","?","E","R","E","T","R","M","M","R","?","R","B",null,"M","$","?","M","M","E","R","M","T","?","$","E","R","E","R","B"],"character_chosen":"THE_SILENT","items_purchased":["Bag of Preparation","Mango"],"campfire_rested":2,"item_purchase_floors":[19,36],"current_hp_per_floor":[52,50,50,50,50,50,47,47,47,66,66,60,59,59,59,46,61,57,57,57,57,57,55,55,34,34,53,53,53,53,53,53,53,63,63,77,77,77,77,77,77,77,77,77,77,71,71,81,81,36],"gold":193,"neow_bonus":"REMOVE_TWO","is_prod":false,"is_daily":false,"chose_seed":false,"campfire_upgraded":9,"win_rate":0,"timestamp":1536958959,"path_taken":["M","M","?","?","M","R","?","R","T","R","?","E","?","M","R","BOSS","M","$","?","M","?","E","R","E","T","R","M","M","R","?","R","BOSS","M","$","?","M","M","E","R","M","T","?","$","E","R","E","R","BOSS"],"build_version":"2018-09-06","purchased_purges":0,"victory":true,"max_hp_per_floor":[66,66,66,66,66,66,66,66,66,66,66,66,66,66,66,66,66,66,66,66,66,66,66,66,66,66,66,66,66,66,66,66,66,66,66,80,80,80,80,80,80,80,80,80,80,80,80,90,90,90],"card_choices":[{"not_picked":["Leg Sweep","PiercingWail"],"picked":"Terror","floor":1},{"not_picked":["Bane","PiercingWail"],"picked":"Backflip","floor":2},{"not_picked":["Bane","Die Die Die"],"picked":"Cloak And Dagger","floor":5},{"not_picked":["Quick Slash","Eviscerate"],"picked":"Accuracy","floor":7},{"not_picked":["Catalyst","Acrobatics","Eviscerate"],"picked":"SKIP","floor":12},{"not_picked":["Deflect","PiercingWail"],"picked":"Flying Knee","floor":13},{"not_picked":["Escape Plan","Dodge and Roll"],"picked":"Blade Dance","floor":14},{"not_picked":["Grand Finale","Doppelganger"],"picked":"Glass Knife","floor":16},{"not_picked":["All Out Attack","Dodge and Roll+1"],"picked":"Accuracy","floor":18},{"not_picked":["Dash+1","Quick Slash","Slice+1"],"picked":"SKIP","floor":21},{"not_picked":["Underhanded Strike","Caltrops"],"picked":"Blade Dance","floor":23},{"not_picked":["Distraction+1","Poisoned Stab","Prepared"],"picked":"SKIP","floor":25},{"not_picked":["Dagger Spray","Deadly Poison","Outmaneuver"],"picked":"SKIP","floor":28},{"not_picked":["Doppelganger","Slice+1"],"picked":"Cloak And Dagger","floor":29},{"not_picked":["Die Die Die","Malaise"],"picked":"Burst","floor":33},{"not_picked":["Deadly Poison+1","Dagger Throw+1","Quick Slash+1"],"picked":"SKIP","floor":35},{"not_picked":["Dagger Throw","Deflect"],"picked":"Dodge and Roll","floor":38},{"not_picked":["Dodge and Roll+1","Outmaneuver+1"],"picked":"Escape Plan","floor":39},{"not_picked":["Quick Slash+1","Reflex"],"picked":"Infinite Blades","floor":40},{"not_picked":["Bullet Time","Slice"],"picked":"Blade Dance","floor":42},{"not_picked":["Poisoned Stab","Heel Hook","Bane"],"picked":"SKIP","floor":46},{"not_picked":["Bane","Sucker Punch","Underhanded Strike"],"picked":"SKIP","floor":48}],"player_experience":474766,"relics_obtained":[{"floor":4,"key":"Whetstone"},{"floor":9,"key":"Lantern"},{"floor":12,"key":"Pen Nib"},{"floor":23,"key":"Juzu Bracelet"},{"floor":25,"key":"Bottled Tornado"},{"floor":26,"key":"FossilizedHelix"},{"floor":40,"key":"Boot"},{"floor":43,"key":"Bag of Marbles"},{"floor":46,"key":"PreservedInsect"},{"floor":48,"key":"Pear"}],"event_choices":[{"event_name":"Living Wall","player_choice":"Grow","floor":3,"damage_taken":0},{"event_name":"Purifier","player_choice":"One Purge","floor":11,"damage_taken":0},{"event_name":"Purifier","player_choice":"One Purge","floor":20,"damage_taken":0},{"event_name":"Upgrade Shrine","player_choice":"Upgraded","floor":22,"damage_taken":0},{"event_name":"The Library","player_choice":"Read","floor":31,"damage_taken":0},{"event_name":"Tomb of Lord Red Mask","player_choice":"Paid","floor":37,"damage_taken":0},{"event_name":"Falling","player_choice":"Removed Attack","floor":44,"damage_taken":0}],"is_beta":false,"boss_relics":[{"not_picked":["Astrolabe","Philosopher\u0027s Stone"],"picked":"Empty Cage"},{"not_picked":["HoveringKite","Pandora\u0027s Box"],"picked":"Lizard Tail"}],"items_purged_floors":[],"is_endless":false,"potions_floor_spawned":[1,2,5,12,25,29,33,35,46,48],"ascension_level":15}