{"path_per_floor":["M","M","?","M","?","R","E","R","T","E","M","R","M"],"character_chosen":"DEFECT","items_purchased":[],"gold_per_floor":[117,137,312,331,331,331,363,363,363,396,408,408,418,418],"floor_reached":14,"campfire_rested":1,"playtime":417,"item_purchase_floors":[],"current_hp_per_floor":[36,34,34,29,29,29,10,32,32,12,12,12,10,0],"items_purged":[],"gold":418,"score":110,"play_id":"b2472b74-de9c-4c07-965a-84a73df5f30d","local_time":"20180530190554","is_prod":false,"is_daily":false,"chose_seed":false,"is_ascension_mode":true,"campfire_upgraded":2,"win_rate":0,"timestamp":1527721554,"campfire_choices":[{"data":"Loop","floor":6,"key":"SMITH"},{"floor":8,"key":"REST"},{"data":"Reboot","floor":12,"key":"SMITH"}],"path_taken":["M","M","?","M","?","R","E","R","T","E","M","R","M","?"],"build_version":"2018-05-30","seed_source_timestamp":192820657291204,"purchased_purges":0,"victory":false,"master_deck":["Strike_B","Strike_B","Strike_B","Strike_B","Defend_B","Defend_B","Defend_B","Defend_B","Zap","Dualcast","Loop+1","Steam Power","Sunder","Recycle","Leap","Reboot+1","White Noise"],"max_hp_per_floor":[75,75,75,75,75,75,75,75,75,75,75,75,75,75],"relics":["Cracked Core","Unceasing Top","Letter Opener","Bag of Marbles","Lantern"],"card_choices":[{"not_picked":["Hologram","Coolheaded"],"picked":"Loop","floor":1},{"not_picked":["Compile Driver","Coolheaded"],"picked":"Steam Power","floor":2},{"not_picked":["Compile Driver","Auto Shields"],"picked":"Sunder","floor":4},{"not_picked":["Steam","Gash"],"picked":"Recycle","floor":7},{"not_picked":["Streamline","Doom and Gloom"],"picked":"Leap","floor":10},{"not_picked":["Gash","Hologram"],"picked":"Reboot","floor":11},{"not_picked":["Hologram","Barrage"],"picked":"White Noise","floor":13}],"player_experience":210572,"potions_floor_usage":[7],"damage_taken":[{"damage":2,"enemies":"Jaw Worm","floor":1,"turns":3},{"damage":2,"enemies":"2 Louse","floor":2,"turns":2},{"damage":5,"enemies":"Small Slimes","floor":4,"turns":2},{"damage":19,"enemies":"Lagavulin","floor":7,"turns":7},{"damage":20,"enemies":"3 Sentries","floor":10,"turns":5},{"damage":0,"enemies":"Looter","floor":11,"turns":3},{"damage":2,"enemies":"Gremlin Gang","floor":13,"turns":4}],"relics_obtained":[{"floor":7,"key":"Letter Opener"},{"floor":9,"key":"Bag of Marbles"},{"floor":10,"key":"Lantern"}],"event_choices":[{"event_name":"Liars Game","player_choice":"agreed","floor":3,"damage_taken":0},{"event_name":"Fountain of Cleansing","player_choice":"Removed Curse","floor":5,"damage_taken":0}],"boss_relics":[],"items_purged_floors":[],"potions_floor_spawned":[1,7,11],"seed_played":"5993507628707894417","ascension_level":2,"potions_obtained":[{"floor":1,"key":"EssenceOfSteel"},{"floor":7,"key":"FearPotion"},{"floor":11,"key":"Weak Potion"}],"is_trial":false}